2978 4950
695 331 758 400 147

126 518 205 603 luit,
242 526 280 584 ut
315 519 367 586 rel
399 524 476 586 satis
509 529 638 607 apparat
670 529 702 588 et
736 547 773 591 ax
810 524 946 590 Aeliano
978 524 1028 607 (V.
1059 522 1208 600 H.·Vll,
1245 523 1320 607 14),

126 627 179 699 σὺν
218 626 249 691 δέ
285 632 473 705 Ξενοφῶντος
510 628 677 706 στρατείαν
714 631 765 695 καί
802 631 996 711 στρατηγίαν
1032 630 1140 694 πολλοὶ
1176 631 1232 704 μὲν
1267 630 1318 694 καί

126 729 218 797 ἓλλοι
255 733 414 816 ᾄδουσι,
448 734 499 798 καὶ
532 733 626 805 αὐτὸς
656 735 688 800 δέ
721 738 869 816 ὁμολογεῖ
899 739 928 800 έν
960 747 1022 807 τοῖς
1056 736 1122 817 περὶ
1152 737 1248 811 Κύρου
1272 735 1321 801 λί-

126 863 193 909 νοιο
222 839 393 914 scribente,
427 846 459 904 et
488 861 525 905 ex
556 840 615 906 hoc
646 841 845 910 Scholiorum
878 845 917 908 ad
942 843 1163 928 Aristophanis
1187 843 1322 907 Plutum

126 966 212 1022 οσο,
241 967 291 1010 vo.
319 944 383 1013 173
410 946 454 1032 (p.
482 944 568 1022 333,
594 946 636 1012 52
661 946 800 1031 Didus),
831 952 942 1020 blancis
967 949 1114 1033 ᾅδεται
1140 950 1157 1022 ἡ
1183 950 1320 1027 ἱστορία,

126 1074 200 1119 mm
233 1054 323 1119 varis
353 1053 505 1118 lectione:
531 1054 673 1132 λέγεται.
700 1052 727 1142 ¹)
750 1056 835 1123 Hinc
858 1057 963 1122 lucem
980 1042 1122 1141 ‘accipiat
1144 1062 1322 1120 nostrorum

126 1160 161 1225 sd
198 1157 376 1247 Odysseam
408 1159 608 1225 scholiorum
638 1162 728 1228 locus
750 1164 767 1228 δ
792 1162 857 1228 245
884 1166 927 1249 (p.
957 1162 1032 1241 197,
1058 1160 1077 1227 7
1102 1162 1202 1247 sqq.),
1228 1182 1322 1247 quem

126 1266 205 1333 slim
229 1269 397 1333 restituere
422 1267 640 1352 desperabam:
666 1269 842 1335 brisacensi
867 1277 921 1343 τῆς
946 1267 1083 1350 πράξεως
1107 1271 1225 1342 ταύτης
1250 1292 1326 1344 μνη-

126 1376 248 1440 ιονεύει
275 1375 288 1438 ὅ
314 1374 461 1450 τοιητης,
485 1375 519 1447 ,οὐ
540 1374 629 1450 μόνον
653 1372 697 1440 ὅτι
723 1379 795 1454 πρὸς
820 1378 873 1450 την
900 1378 1017 1448 τοιήσιν
1042 1377 1191 1456 συμφέρει
1217 1374 1258 1438 τοὶ
1279 1375 1324 1449 μη

126 1481 330 1556 ῐεδομένα
366 1489 420 1556 τῆς
459 1479 589 1551 Ἰλιοίδος
625 1487 674 1545 νῦν
710 1481 910 1563 ἐμφανίζειν,
947 1483 1036 1547 ἄλλα
1073 1483 1125 1546 καί
1162 1482 1233 1560 πρὸς
1268 1481 1322 1552 την

126 1590 405 1666 ονηστηροκτονίοιν
436 1591 542 1650 ταῦτα
574 1587 773 1668 ᾠκονόμηται.
811 1588 886 1655 Sine
917 1590 1014 1655 dubio
1043 1589 1087 1653 τοὶ
1111 1589 1155 1664 μη
1179 1587 1323 1661 δεδομένα

126 1700 315 1779 mrruptum
347 1701 411 1770 est,
442 1694 496 1759 sed
521 1695 603 1778 quod
629 1695 707 1760 olim
731 1697 764 1760 iu
789 1695 966 1761 Observatt.
992 1699 1035 1780 (p.
1062 1695 1118 1779 39)
1143 1694 1325 1759 dubitanter

126 1800 339 1868 coniiciabam
351 1801 393 1863 rai
407 1799 665 1878 ταραοιειτέμενα
676 1849 683 1879 ,
696 1803 728 1866 id
742 1801 793 1867 vel
814 1812 961 1887 proptera
980 1823 1093 1867 verum
1111 1822 1177 1865 esse
1197 1801 1324 1884 nequit,

126 1907 210 1994 prod
243 1909 304 1971 etsi
329 1907 519 1972 adsensum
544 1914 697 1992 optuma
721 1909 886 1973 literarum
912 1911 1054 1994 apicibus
1077 1907 1169 1993 plane
1192 1906 1321 1971 recedit.

126 2013 187 2081 {ed
215 2014 409 2078 scribamus:
436 2010 482 2077 ὅτι
506 2013 578 2091 πρὸς
604 2016 658 2089 την
683 2014 801 2089 τοίησιν
825 2015 974 2095 συμφέρει
998 2015 1040 2077 τοὶ
1064 2015 1107 2086 μη
1140 2012 1323 2096 ᾀδόμενα

126 2131 182 2197 τῆς
224 2108 357 2190 Ἰλιάδος
389 2127 439 2184 νῦν
471 2119 673 2200 ἐμφανίζειν,
706 2127 738 2187 et
771 2124 896 2206 utrique
927 2123 972 2186 rei
1004 2121 1226 2186 satisfactum
1252 2121 1322 2182 erit.

126 2230 281 2295 Alterum
304 2227 386 2311 quod
407 2229 441 2291 in
461 2225 588 2292 Scholia
608 2234 714 2292 nostro
736 2229 774 2293 ad
790 2229 873 2313 quod
892 2231 956 2293 iam
980 2229 1172 2293 revertimur
1185 2225 1229 2309 (y,
1247 2223 1325 2307 332)

126 2355 319 2420 perversum
342 2340 406 2409 est,
431 2335 509 2399 haec
532 2334 629 2399 verba
652 2336 797 2419 respicit:
823 2330 869 2398 ὅτι
893 2336 926 2399 τὸ
953 2335 1120 2400 κάλλιστον
1144 2336 1196 2397 τοῦ
1222 2331 1325 2411 ἱερείου

126 2444 139 2515 ἰ
176 2447 332 2520 γλῶσσα,
359 2438 394 2502 τὸ
420 2439 450 2502 δέ
475 2438 645 2504 κάλλιστον
667 2449 729 2512 τοῖς
755 2442 829 2511 θεοῖς
853 2441 1016 2506 ανετίθουν.
1044 2440 1087 2505 διὸ
1111 2443 1167 2504 καί
1188 2463 1235 2513 τις
1255 2434 1324 2502 εἶπε

126 2548 203 2630 τρίς
239 2549 323 2632 (ecce
353 2549 469 2611 iterum
496 2545 632 2612 labantis
656 2543 849 2613 Graecitatis
872 2549 1043 2624 indicium,
1069 2568 1144 2612 nam
1169 2553 1216 2611 est
1240 2546 1323 2609 idem

126 2655 214 2742 {uod
253 2654 351 2734 ἤρετο)
373 2651 399 2735 ²)
432 2678 502 2718 τινα
527 2655 639 2735 σοφιίν·
667 2655 699 2718 τί
722 2663 856 2734 κρεῖττον
881 2655 914 2718 ἐκ
939 2661 996 2718 τῶν
1020 2661 1144 2734 μερῶν
1168 2651 1243 2717 ὅλοιν
1268 2658 1321 2716 τοῦ

126 2763 256 2843 iscelam
289 2763 303 2824 d
341 2761 372 2824 δέ
407 2756 509 2842 εἶπεν,
548 2764 564 2835 η
595 2768 734 2837 γλῶσσα.
768 2761 820 2825 καί
855 2757 957 2844 αὖθις,
988 2762 1021 2851 τί
1042 2769 1158 2840 χεῖρον,·
1185 2762 1236 2821 καὶ
1263 2757 1323 2838 έφη

126 2869 230 2936 πάλιν
262 2872 317 2941 την
349 2874 507 2945 γλῶσσαν.
555 2867 631 2931 Fuit
661 2867 721 2932 hoc
752 2869 901 2952 Apionis,
933 2867 1032 2952 lepidi
1055 2866 1207 2940 hominis,
1235 2885 1322 2929 com·

126 2981 297 3058 mentum,
328 2980 364 3038 ut
396 2995 433 3038 ex
463 2976 589 3061 integro
613 2972 784 3060 Porphyrii
809 2973 936 3039 Scholio
961 2980 1105 3058 apparet,
1130 2972 1184 3036 sed
1209 2977 1241 3036 at
1264 2971 1324 3036 hoc

126 3090 262 3149 anctore
293 3086 325 3145 et
356 3081 544 3145 brevissimo
569 3083 637 3145 eius
660 3087 806 3166 excerpto
830 3083 865 3144 in
887 3079 914 3143 B
939 3081 1110 3144 scribatur:
1135 3079 1167 3142 τί
1190 3087 1324 3157 κρεῖττον

126 3190 163 3256 ένι
189 3194 252 3254 τῶν
275 3194 406 3266 μελῶν
430 3183 505 3251 ίλιον
529 3191 583 3252 τοῦ
608 3186 722 3266 ιἐρείον.

175 3426 220 3485 7,
255 3398 331 3465 329.
369 3399 473 3464 Paene
503 3398 625 3464 oblitus
657 3420 729 3463 sum
761 3399 958 3464 luculentam
991 3419 1145 3484 apponere
1179 3400 1326 3466 vocabuli

130 3507 254 3588 κνέφας
287 3504 536 3592 etymologiam,
569 3526 666 3590 quam
697 3505 782 3569 idem
816 3502 923 3571 Codex
955 3504 981 3569 Ε
1013 3506 1159 3589 praebet:
1184 3507 1247 3570 οὶτὸ
1272 3511 1325 3570 τοῦ

134 3613 218 3679 κενὸν
251 3613 351 3694 φοίονς
384 3607 459 3676 εἶναι
491 3610 620 3690 νέφας
653 3610 705 3674 καί
742 3611 871 3690 κνέφας.
920 3611 1092 3695 Scripserat
1127 3613 1238 3689 homn,
1276 3615 1327 3679 vel

134 3725 178 3787 sic
210 3722 290 3786 satis
312 3722 437 3803 inepte,
462 3717 516 3782 sed
539 3721 586 3782 its
608 3723 716 3783 tamen
740 3723 861 3782 utnon
886 3721 952 3783 sins
976 3718 1112 3802 quadam
1136 3723 1257 3784 ratione
1280 3723 1328 3784 in-

139 3831 264 3915 eptiret:
286 3827 349 3890 ἑτέ
370 3829 423 3889 τοῦ
447 3824 529 3887 κενὸν
553 3823 653 3902 φοίους
676 3818 752 3888 εἶναι
776 3822 955 3902 κενέφας
979 3825 1031 3888 καὶ
1056 3826 1184 3903 κνέφας.
1216 3825 1327 3911 Neque

143 4031 308 4044 μ·

167 4135 195 4199 l)
213 4135 272 4199 Prg.
292 4135 341 4182 549
357 4133 402 4181 col.
420 4133 443 4181 2.
461 4132 517 4181 ibid.

168 4220 194 4279 ἵ)
212 4218 308 4267 Iterum
325 4215 414 4279 legitur
430 4215 455 4263 in
472 4214 560 4263 nostris
577 4215 605 4261 ud
623 4218 639 4255 λ
657 4215 704 4263 321
724 4215 748 4263 iu
766 4214 867 4263 historia
883 4216 911 4263 ds
928 4215 1034 4280 Cephalo
1052 4219 1076 4263 ct
1093 4217 1219 4276 Procride,
1238 4221 1266 4267 de
1280 4238 1326 4285 qua

134 4314 158 4358 et
175 4312 260 4375 posteo
276 4308 378 4355 dicatur:
399 4307 613 4364 προσκαλεσαμένη
633 4298 732 4352 οὖντὸν
752 4301 845 4361 οἰκέτην
861 4300 978 4363 'illapsa
998 4304 1019 4352 εί
1036 4300 1148 4353 σύνοιδεν.
1161 4307 1197 4374 (p.
1209 4310 1264 4366 505,
1276 4311 1324 4370 14),

131 4403 157 4449 at
179 4399 212 4448 nd
236 4413 257 4456 μ
280 4397 320 4453 69,
340 4396 380 4445 ubi
397 4398 426 4444 dc
443 4396 534 4445 Phineo
551 4399 671 4445 occaecato
689 4395 781 4460 agitur:
801 4393 859 4449 Ζεὺς
878 4391 911 4442 dl·
925 4393 1069 4457 χιιιειτιὶνας
1089 4393 1183 4456 λέγει
1201 4395 1269 4462 αὐτῷ
1286 4405 1326 4461 (ω.

132 4496 171 4555 τῇ
193 4482 274 4550 Φινεῖ)
293 4489 393 4549 πότερον
412 4484 529 4548 βούλεται
549 4480 672 4535 ἀποθανεῖν
691 4481 705 4541 ll
725 4484 820 4548 τυφλὸς
838 4482 959 4546 γενέσθαι.
977 4488 1010 4551 (p.
1031 4488 1086 4545 534,
1105 4485 1154 4548 12.)
