<?xml version="1.0" encoding="UTF-8"?>
<!DOCTYPE html PUBLIC "-//W3C//DTD XHTML 1.0 Transitional//EN"
    "http://www.w3.org/TR/xhtml1/DTD/xhtml1-transitional.dtd">
<html xmlns="http://www.w3.org/1999/xhtml" xml:lang="en" lang="en">
 <head>
  <title>
</title>
<meta http-equiv="Content-Type" content="text/html;charset=utf-8" />
  <meta name='ocr-system' content='tesseract 3.04.00' />
  <meta name='ocr-capabilities' content='ocr_page ocr_carea ocr_par ocr_line ocrx_word'/>
</head>
<body>
  <div class='ocr_page' id='page_1' title='image "./adodysseameiusq00polagoog_0171.png"; bbox 0 0 2978 4950; ppageno 0'>
   <div class='ocr_carea' id='block_1_1' title="bbox 644 249 706 316">
    <p class='ocr_par' dir='ltr' id='par_1_1' title="bbox 644 249 706 316">
     <span class='ocr_line' id='line_1_1' title="bbox 644 249 706 316; baseline 0.032 -2"><span class='ocrx_word' id='word_1_1' title='bbox 644 249 706 316; x_wconf 79' lang='lat'>141</span> 
     </span>
    </p>
   </div>
   <div class='ocr_carea' id='block_1_2' title="bbox 50 438 1276 3402">
    <p class='ocr_par' dir='ltr' id='par_1_2' title="bbox 50 438 1276 3402">
     <span class='ocr_line' id='line_1_2' title="bbox 69 438 1271 526; baseline -0.005 -17"><span class='ocrx_word' id='word_1_2' title='bbox 69 466 219 510; x_wconf 84' lang='grc' dir='ltr'><strong><em>κνυται</em></strong></span> <span class='ocrx_word' id='word_1_3' title='bbox 245 444 260 505; x_wconf 82' lang='lat' dir='ltr'>d</span> <span class='ocrx_word' id='word_1_4' title='bbox 281 438 418 519; x_wconf 79' lang='grc' dir='ltr'><strong><em>Ὀμηρος</em></strong></span> <span class='ocrx_word' id='word_1_5' title='bbox 443 476 463 488; x_wconf 93' lang='grc'>-</span> <span class='ocrx_word' id='word_1_6' title='bbox 477 476 497 490; x_wconf 86' lang='grc'>-</span> <span class='ocrx_word' id='word_1_7' title='bbox 511 476 531 490; x_wconf 89' lang='grc'>-</span> <span class='ocrx_word' id='word_1_8' title='bbox 555 441 711 522; x_wconf 76' lang='grc' dir='ltr'><strong><em>ἐπιφέρειν</em></strong></span> <span class='ocrx_word' id='word_1_9' title='bbox 734 440 847 505; x_wconf 74' lang='lat' dir='ltr'>siole</span> <span class='ocrx_word' id='word_1_10' title='bbox 867 461 923 526; x_wconf 89' lang='lat' dir='ltr'>pro</span> <span class='ocrx_word' id='word_1_11' title='bbox 943 439 1067 510; x_wconf 62' lang='lat' dir='ltr'>stator.</span> <span class='ocrx_word' id='word_1_12' title='bbox 1087 460 1145 504; x_wconf 88' lang='lat' dir='ltr'>nec</span> <span class='ocrx_word' id='word_1_13' title='bbox 1164 438 1271 526; x_wconf 76' lang='lat' dir='ltr'>magis</span> 
     </span>
     <span class='ocr_line' id='line_1_3' title="bbox 70 545 1270 636; baseline -0.005 -21"><span class='ocrx_word' id='word_1_14' title='bbox 70 551 180 636; x_wconf 83' lang='lat' dir='ltr'>placet</span> <span class='ocrx_word' id='word_1_15' title='bbox 203 548 404 632; x_wconf 91' lang='lat' dir='ltr'>quodquam</span> <span class='ocrx_word' id='word_1_16' title='bbox 428 547 557 613; x_wconf 83' lang='lat' dir='ltr'>tandem</span> <span class='ocrx_word' id='word_1_17' title='bbox 582 545 741 634; x_wconf 81' lang='lat' dir='ltr'>significet</span> <span class='ocrx_word' id='word_1_18' title='bbox 760 549 996 612; x_wconf 85' lang='lat' dir='ltr'>coniunctivam</span> <span class='ocrx_word' id='word_1_19' title='bbox 1015 547 1270 611; x_wconf 87' lang='lat' dir='ltr'>coniunctionem</span> 
     </span>
     <span class='ocr_line' id='line_1_4' title="bbox 71 652 1270 740; baseline -0.005 -19"><span class='ocrx_word' id='word_1_20' title='bbox 71 655 276 740; x_wconf 79' lang='lat' dir='ltr'>Porphyrius</span> <span class='ocrx_word' id='word_1_21' title='bbox 318 674 379 719; x_wconf 91' lang='lat' dir='ltr'>non</span> <span class='ocrx_word' id='word_1_22' title='bbox 423 655 540 719; x_wconf 80' lang='lat' dir='ltr'>diserte</span> <span class='ocrx_word' id='word_1_23' title='bbox 581 662 866 735; x_wconf 77' lang='lat' dir='ltr'>commemoratur,</span> <span class='ocrx_word' id='word_1_24' title='bbox 908 674 965 717; x_wconf 92' lang='lat' dir='ltr'>nec</span> <span class='ocrx_word' id='word_1_25' title='bbox 1006 652 1126 737; x_wconf 86' lang='lat' dir='ltr'>optime</span> <span class='ocrx_word' id='word_1_26' title='bbox 1161 653 1270 737; x_wconf 87' lang='lat' dir='ltr'>capio,</span> 
     </span>
     <span class='ocr_line' id='line_1_5' title="bbox 72 758 1272 847; baseline -0.006 -20"><span class='ocrx_word' id='word_1_27' title='bbox 72 782 134 847; x_wconf 93' lang='lat' dir='ltr'>quo</span> <span class='ocrx_word' id='word_1_28' title='bbox 176 760 272 826; x_wconf 91' lang='lat' dir='ltr'>modo</span> <span class='ocrx_word' id='word_1_29' title='bbox 306 759 364 824; x_wconf 88' lang='lat' dir='ltr'>illa</span> <span class='ocrx_word' id='word_1_30' title='bbox 394 761 598 825; x_wconf 87' lang='lat' dir='ltr'>coniunctiva</span> <span class='ocrx_word' id='word_1_31' title='bbox 627 758 785 844; x_wconf 84' lang='lat' dir='ltr'>particula</span> <span class='ocrx_word' id='word_1_32' title='bbox 816 759 879 824; x_wconf 89' lang='lat' dir='ltr'>dici</span> <span class='ocrx_word' id='word_1_33' title='bbox 910 760 1012 845; x_wconf 88' lang='lat' dir='ltr'>possit</span> <span class='ocrx_word' id='word_1_34' title='bbox 1042 758 1139 821; x_wconf 81' lang='lat' dir='ltr'>omnia</span> <span class='ocrx_word' id='word_1_35' title='bbox 1168 759 1272 821; x_wconf 75' lang='lat' dir='ltr'>adesse</span> 
     </span>
     <span class='ocr_line' id='line_1_6' title="bbox 72 862 1272 954; baseline -0.003 -22"><span class='ocrx_word' id='word_1_36' title='bbox 72 865 274 954; x_wconf 78' lang='lat' dir='ltr'>significare,</span> <span class='ocrx_word' id='word_1_37' title='bbox 301 864 452 947; x_wconf 83' lang='grc' dir='ltr'><strong><em>ὑπάρχειν</em></strong></span> <span class='ocrx_word' id='word_1_38' title='bbox 478 864 593 929; x_wconf 89' lang='grc' dir='ltr'><strong><em>πάντα.</em></strong></span> <span class='ocrx_word' id='word_1_39' title='bbox 632 864 757 944; x_wconf 82' lang='lat' dir='ltr'>Quanto</span> <span class='ocrx_word' id='word_1_40' title='bbox 780 864 897 930; x_wconf 82' lang='lat' dir='ltr'>melius</span> <span class='ocrx_word' id='word_1_41' title='bbox 920 865 974 931; x_wconf 89' lang='lat' dir='ltr'>M:</span> <span class='ocrx_word' id='word_1_42' title='bbox 998 864 1169 942; x_wconf 79' lang='grc' dir='ltr'><strong><em>Ὅμηρος</em></strong></span> <span class='ocrx_word' id='word_1_43' title='bbox 1201 862 1272 928; x_wconf 69' lang='lat' dir='ltr'>dord-</span> 
     </span>
     <span class='ocr_line' id='line_1_7' title="bbox 72 969 1269 1059; baseline -0.002 -23"><span class='ocrx_word' id='word_1_44' title='bbox 72 996 128 1037; x_wconf 87' lang='grc' dir='ltr'><strong><em>τοιν</em></strong></span> <span class='ocrx_word' id='word_1_45' title='bbox 163 975 200 1039; x_wconf 73' lang='lat' dir='ltr'>cd</span> <span class='ocrx_word' id='word_1_46' title='bbox 230 976 317 1050; x_wconf 74' lang='grc' dir='ltr'><strong><em>γένος</em></strong></span> <span class='ocrx_word' id='word_1_47' title='bbox 347 972 473 1052; x_wconf 79' lang='grc' dir='ltr'><strong><em>προείπη</em></strong></span> <span class='ocrx_word' id='word_1_48' title='bbox 504 974 545 1059; x_wconf 59' lang='grc' dir='ltr'>τὲ</span> <span class='ocrx_word' id='word_1_49' title='bbox 570 971 742 1036; x_wconf 78' lang='grc' dir='ltr'><strong><em>συνεκτικόν</em></strong></span> <span class='ocrx_word' id='word_1_50' title='bbox 767 996 869 1048; x_wconf 86' lang='grc' dir='ltr'><strong><em>τινων,</em></strong></span> <span class='ocrx_word' id='word_1_51' title='bbox 902 972 1056 1051; x_wconf 76' lang='grc' dir='ltr'><strong><em>ἐπιφέρειν</em></strong></span> <span class='ocrx_word' id='word_1_52' title='bbox 1080 969 1191 1035; x_wconf 78' lang='grc' dir='ltr'><strong><em>εἴωθε</em></strong></span> <span class='ocrx_word' id='word_1_53' title='bbox 1216 969 1269 1035; x_wconf 78' lang='grc' dir='ltr'>καὶ</span> 
     </span>
     <span class='ocr_line' id='line_1_8' title="bbox 72 1059 1267 1159; baseline -0.001 -17"><span class='ocrx_word' id='word_1_54' title='bbox 72 1079 112 1144; x_wconf 77' lang='grc' dir='ltr'>τά</span> <span class='ocrx_word' id='word_1_55' title='bbox 146 1079 361 1159; x_wconf 70' lang='grc' dir='ltr'><strong><em>περιεχόμενα</em></strong></span> <span class='ocrx_word' id='word_1_56' title='bbox 392 1078 474 1156; x_wconf 73' lang='grc' dir='ltr'><strong><em>εἴδη,</em></strong></span> <span class='ocrx_word' id='word_1_57' title='bbox 506 1072 540 1142; x_wconf 82' lang='grc' dir='ltr'>οὐ</span> <span class='ocrx_word' id='word_1_58' title='bbox 566 1059 672 1154; x_wconf 80' lang='grc' dir='ltr'><strong><em>μέντοι</em></strong></span> <span class='ocrx_word' id='word_1_59' title='bbox 696 1078 748 1144; x_wconf 83' lang='grc' dir='ltr'>διά</span> <span class='ocrx_word' id='word_1_60' title='bbox 770 1083 823 1143; x_wconf 91' lang='grc' dir='ltr'>τοῦ</span> <span class='ocrx_word' id='word_1_61' title='bbox 847 1077 1058 1157; x_wconf 72' lang='grc' dir='ltr'><strong><em>διαζευκτικοῦ</em></strong></span> <span class='ocrx_word' id='word_1_62' title='bbox 1083 1075 1267 1155; x_wconf 88' lang='grc' dir='ltr'><strong><em>συνδέσμου,</em></strong></span> 
     </span>
     <span class='ocr_line' id='line_1_9' title="bbox 72 1175 1269 1271; baseline 0 -23"><span class='ocrx_word' id='word_1_63' title='bbox 72 1175 100 1257; x_wconf 78' lang='grc' dir='ltr'>ῦς</span> <span class='ocrx_word' id='word_1_64' title='bbox 124 1189 186 1252; x_wconf 86' lang='grc' dir='ltr'>σῦκ</span> <span class='ocrx_word' id='word_1_65' title='bbox 209 1185 276 1250; x_wconf 82' lang='grc' dir='ltr'><strong><em>έστι</em></strong></span> <span class='ocrx_word' id='word_1_66' title='bbox 301 1183 496 1262; x_wconf 75' lang='grc' dir='ltr'><strong><em>συναγωγάς,</em></strong></span> <span class='ocrx_word' id='word_1_67' title='bbox 521 1175 701 1250; x_wconf 77' lang='grc' dir='ltr'><strong><em>άλλάδιοὶ</em></strong></span> <span class='ocrx_word' id='word_1_68' title='bbox 724 1190 777 1249; x_wconf 83' lang='grc' dir='ltr'>τοῦ</span> <span class='ocrx_word' id='word_1_69' title='bbox 804 1185 891 1263; x_wconf 76' lang='lat' dir='ltr'>„re”</span> <span class='ocrx_word' id='word_1_70' title='bbox 917 1187 1016 1271; x_wconf 88' lang='grc' dir='ltr'><strong><em>[τοῦ]</em></strong></span> <span class='ocrx_word' id='word_1_71' title='bbox 1036 1188 1269 1261; x_wconf 72' lang='grc' dir='ltr'><strong><em>συμπλεκτικοῦ</em></strong></span> 
     </span>
     <span class='ocr_line' id='line_1_10' title="bbox 71 1290 1270 1376; baseline 0.001 -22"><span class='ocrx_word' id='word_1_72' title='bbox 71 1291 121 1354; x_wconf 74' lang='grc' dir='ltr'>καὶ</span> <span class='ocrx_word' id='word_1_73' title='bbox 159 1295 349 1374; x_wconf 78' lang='grc' dir='ltr'><strong><em>άναφιρικοῦ</em></strong></span> <span class='ocrx_word' id='word_1_74' title='bbox 378 1292 620 1371; x_wconf 75' lang='grc' dir='ltr'><strong><em>ὑπάρχουσιν</em></strong></span> <span class='ocrx_word' id='word_1_75' title='bbox 651 1297 785 1356; x_wconf 85' lang='grc' dir='ltr'><strong><em>ταῦτα</em></strong></span> <span class='ocrx_word' id='word_1_76' title='bbox 820 1293 899 1376; x_wconf 85' lang='lat' dir='ltr'>(cod.</span> <span class='ocrx_word' id='word_1_77' title='bbox 933 1292 1124 1373; x_wconf 79' lang='grc' dir='ltr'><strong><em>ὑπάρχοντος</em></strong></span> <span class='ocrx_word' id='word_1_78' title='bbox 1149 1290 1270 1370; x_wconf 69' lang='grc' dir='ltr'><strong><em>πάντα)</em></strong></span> 
     </span>
     <span class='ocr_line' id='line_1_11' title="bbox 71 1397 1272 1485; baseline 0.002 -26"><span class='ocrx_word' id='word_1_79' title='bbox 71 1401 281 1475; x_wconf 76' lang='grc' dir='ltr'><strong><em>σημαίνων.</em></strong></span> <span class='ocrx_word' id='word_1_80' title='bbox 307 1397 506 1464; x_wconf 85' lang='lat' dir='ltr'>Particulam</span> <span class='ocrx_word' id='word_1_81' title='bbox 530 1399 564 1463; x_wconf 87' lang='grc' dir='ltr'>τέ</span> <span class='ocrx_word' id='word_1_82' title='bbox 589 1398 715 1463; x_wconf 79' lang='lat' dir='ltr'>disertis</span> <span class='ocrx_word' id='word_1_83' title='bbox 738 1399 844 1463; x_wconf 87' lang='lat' dir='ltr'>verbis</span> <span class='ocrx_word' id='word_1_84' title='bbox 863 1397 1136 1485; x_wconf 88' lang='lat' dir='ltr'>hicaPorphyrio</span> <span class='ocrx_word' id='word_1_85' title='bbox 1149 1417 1272 1482; x_wconf 83' lang='lat' dir='ltr'>expres-</span> 
     </span>
     <span class='ocr_line' id='line_1_12' title="bbox 70 1503 1273 1591; baseline 0.002 -25"><span class='ocrx_word' id='word_1_86' title='bbox 70 1522 141 1568; x_wconf 83' lang='lat' dir='ltr'>sam</span> <span class='ocrx_word' id='word_1_87' title='bbox 166 1506 283 1580; x_wconf 83' lang='lat' dir='ltr'>fuisse,</span> <span class='ocrx_word' id='word_1_88' title='bbox 304 1512 435 1591; x_wconf 87' lang='lat' dir='ltr'>apparet</span> <span class='ocrx_word' id='word_1_89' title='bbox 453 1505 506 1570; x_wconf 85' lang='lat' dir='ltr'>vel</span> <span class='ocrx_word' id='word_1_90' title='bbox 526 1526 565 1570; x_wconf 83' lang='lat' dir='ltr'>ex</span> <span class='ocrx_word' id='word_1_91' title='bbox 585 1508 758 1590; x_wconf 84' lang='lat' dir='ltr'>excerptis,</span> <span class='ocrx_word' id='word_1_92' title='bbox 773 1526 853 1590; x_wconf 88' lang='lat' dir='ltr'>quae</span> <span class='ocrx_word' id='word_1_93' title='bbox 866 1505 939 1569; x_wconf 89' lang='lat' dir='ltr'>hinc</span> <span class='ocrx_word' id='word_1_94' title='bbox 952 1505 1033 1569; x_wconf 82' lang='lat' dir='ltr'>facta</span> <span class='ocrx_word' id='word_1_95' title='bbox 1047 1508 1078 1569; x_wconf 93' lang='lat' dir='ltr'>in</span> <span class='ocrx_word' id='word_1_96' title='bbox 1091 1504 1146 1584; x_wconf 72' lang='lat' dir='ltr'>EQ</span> <span class='ocrx_word' id='word_1_97' title='bbox 1158 1503 1273 1591; x_wconf 77' lang='lat' dir='ltr'>legun·</span> 
     </span>
     <span class='ocr_line' id='line_1_13' title="bbox 71 1609 1272 1691; baseline 0.002 -19"><span class='ocrx_word' id='word_1_98' title='bbox 71 1614 142 1674; x_wconf 83' lang='lat' dir='ltr'>tur:</span> <span class='ocrx_word' id='word_1_99' title='bbox 176 1609 251 1676; x_wconf 76' lang='grc' dir='ltr'><strong><em>ὅταν</em></strong></span> <span class='ocrx_word' id='word_1_100' title='bbox 272 1609 410 1691; x_wconf 71' lang='grc' dir='ltr'><strong><em>Ὀμηρος</em></strong></span> <span class='ocrx_word' id='word_1_101' title='bbox 435 1613 582 1690; x_wconf 82' lang='grc' dir='ltr'><strong><em>προσεέπη</em></strong></span> <span class='ocrx_word' id='word_1_102' title='bbox 606 1611 707 1691; x_wconf 87' lang='lat' dir='ltr'>(‚,sic”</span> <span class='ocrx_word' id='word_1_103' title='bbox 730 1611 842 1690; x_wconf 84' lang='lat' dir='ltr'>Dind.)</span> <span class='ocrx_word' id='word_1_104' title='bbox 864 1611 1004 1690; x_wconf 76' lang='grc' dir='ltr'><strong><em>τὸγένος</em></strong></span> <span class='ocrx_word' id='word_1_105' title='bbox 1027 1611 1140 1681; x_wconf 74' lang='grc' dir='ltr'><strong><em>ἐπάγει</em></strong></span> <span class='ocrx_word' id='word_1_106' title='bbox 1164 1611 1272 1675; x_wconf 75' lang='grc' dir='ltr'><strong><em>καὶτὸ</em></strong></span> 
     </span>
     <span class='ocr_line' id='line_1_14' title="bbox 69 1709 1273 1803; baseline 0.005 -27"><span class='ocrx_word' id='word_1_107' title='bbox 69 1709 153 1788; x_wconf 57' lang='lat' dir='ltr'>enoc</span> <span class='ocrx_word' id='word_1_108' title='bbox 188 1720 251 1783; x_wconf 78' lang='grc' dir='ltr'>διά</span> <span class='ocrx_word' id='word_1_109' title='bbox 283 1723 352 1783; x_wconf 91' lang='grc' dir='ltr'>τοῦ</span> <span class='ocrx_word' id='word_1_110' title='bbox 384 1719 427 1782; x_wconf 83' lang='grc' dir='ltr'>τέ</span> <span class='ocrx_word' id='word_1_111' title='bbox 456 1717 680 1794; x_wconf 76' lang='grc' dir='ltr'><strong><em>συνδέσμου</em></strong></span> <span class='ocrx_word' id='word_1_112' title='bbox 706 1723 1030 1794; x_wconf 84' lang='grc' dir='ltr'><strong><em>συμπλεκτικοῦ.</em></strong></span> <span class='ocrx_word' id='word_1_113' title='bbox 1066 1717 1273 1803; x_wconf 81' lang='lat' dir='ltr'>Sequiturin</span> 
     </span>
     <span class='ocr_line' id='line_1_15' title="bbox 70 1817 1273 1910; baseline 0.002 -25"><span class='ocrx_word' id='word_1_114' title='bbox 70 1817 216 1891; x_wconf 73' lang='lat' dir='ltr'>scholiis</span> <span class='ocrx_word' id='word_1_115' title='bbox 234 1825 358 1892; x_wconf 75' lang='lat' dir='ltr'>Iliacis:</span> <span class='ocrx_word' id='word_1_116' title='bbox 378 1822 477 1904; x_wconf 72' lang='grc' dir='ltr'><strong><em>ὥσπερ</em></strong></span> <span class='ocrx_word' id='word_1_117' title='bbox 497 1826 527 1888; x_wconf 85' lang='grc' dir='ltr'>ἐν</span> <span class='ocrx_word' id='word_1_118' title='bbox 545 1824 660 1894; x_wconf 74' lang='grc' dir='ltr'><strong><em>τούτοις</em></strong></span> <span class='ocrx_word' id='word_1_119' title='bbox 681 1825 825 1910; x_wconf 89' lang='grc' dir='ltr'><strong><em>(τοιοῦτον</em></strong></span> <span class='ocrx_word' id='word_1_120' title='bbox 846 1825 897 1888; x_wconf 81' lang='grc' dir='ltr'>καὶ</span> <span class='ocrx_word' id='word_1_121' title='bbox 919 1826 953 1888; x_wconf 87' lang='grc' dir='ltr'>τὸ</span> <span class='ocrx_word' id='word_1_122' title='bbox 966 1824 1014 1909; x_wconf 87' lang='grc' dir='ltr'>Μ)</span> <span class='ocrx_word' id='word_1_123' title='bbox 1029 1830 1123 1901; x_wconf 84' lang='grc' dir='ltr'><strong><em>»νηῶν</em></strong></span> <span class='ocrx_word' id='word_1_124' title='bbox 1141 1823 1273 1905; x_wconf 62' lang='grc' dir='ltr'><strong><em>δ’ἔκφερ</em></strong></span> 
     </span>
     <span class='ocr_line' id='line_1_16' title="bbox 70 1923 1272 2014; baseline 0.006 -26"><span class='ocrx_word' id='word_1_125' title='bbox 70 1923 207 2010; x_wconf 74' lang='grc' dir='ltr'><strong><em>άεέλσι”,</em></strong></span> <span class='ocrx_word' id='word_1_126' title='bbox 231 1932 271 1998; x_wconf 84' lang='grc' dir='ltr'>τδ</span> <span class='ocrx_word' id='word_1_127' title='bbox 296 1933 462 2009; x_wconf 74' lang='grc' dir='ltr'><strong><em>γενικδν</em></strong></span> <span class='ocrx_word' id='word_1_128' title='bbox 486 1935 612 1996; x_wconf 88' lang='grc' dir='ltr'><strong><em>τοῦτο.</em></strong></span> <span class='ocrx_word' id='word_1_129' title='bbox 637 1931 688 1996; x_wconf 84' lang='grc' dir='ltr'>τά</span> <span class='ocrx_word' id='word_1_130' title='bbox 712 1933 751 1997; x_wconf 76' lang='grc' dir='ltr'>δὲ</span> <span class='ocrx_word' id='word_1_131' title='bbox 774 1931 855 2005; x_wconf 74' lang='grc' dir='ltr'><strong><em>εἴδη</em></strong></span> <span class='ocrx_word' id='word_1_132' title='bbox 885 1931 1044 2014; x_wconf 76' lang='grc' dir='ltr'><strong><em>»λέβητάς</em></strong></span> <span class='ocrx_word' id='word_1_133' title='bbox 1068 1955 1103 1994; x_wconf 86' lang='grc' dir='ltr'><strong><em>τε</em></strong></span> <span class='ocrx_word' id='word_1_134' title='bbox 1126 1929 1272 2010; x_wconf 73' lang='grc' dir='ltr'><strong><em>τρίποδάς</em></strong></span> 
     </span>
     <span class='ocr_line' id='line_1_17' title="bbox 70 2036 1273 2125; baseline 0 -22"><span class='ocrx_word' id='word_1_135' title='bbox 70 2052 106 2095; x_wconf 74' lang='grc' dir='ltr'>τε</span> <span class='ocrx_word' id='word_1_136' title='bbox 132 2071 157 2086; x_wconf 93' lang='grc'><strong>-</strong></span> <span class='ocrx_word' id='word_1_137' title='bbox 174 2075 194 2089; x_wconf 87' lang='grc'>-</span> <span class='ocrx_word' id='word_1_138' title='bbox 216 2039 321 2104; x_wconf 77' lang='grc' dir='ltr'><strong><em>πολιόν</em></strong></span> <span class='ocrx_word' id='word_1_139' title='bbox 356 2063 392 2103; x_wconf 89' lang='grc' dir='ltr'><strong><em>τε</em></strong></span> <span class='ocrx_word' id='word_1_140' title='bbox 427 2039 578 2115; x_wconf 78' lang='grc' dir='ltr'><strong><em>σιδηρον”,</em></strong></span> <span class='ocrx_word' id='word_1_141' title='bbox 606 2039 658 2125; x_wconf 83' lang='lat' dir='ltr'>(ad</span> <span class='ocrx_word' id='word_1_142' title='bbox 690 2058 770 2122; x_wconf 84' lang='lat' dir='ltr'>quae</span> <span class='ocrx_word' id='word_1_143' title='bbox 800 2039 896 2103; x_wconf 86' lang='lat' dir='ltr'>verba</span> <span class='ocrx_word' id='word_1_144' title='bbox 916 2037 1087 2124; x_wconf 85' lang='lat' dir='ltr'>Porphyrii</span> <span class='ocrx_word' id='word_1_145' title='bbox 1106 2042 1181 2102; x_wconf 85' lang='lat' dir='ltr'>nota</span> <span class='ocrx_word' id='word_1_146' title='bbox 1204 2036 1273 2103; x_wconf 89' lang='lat' dir='ltr'>illic</span> 
     </span>
     <span class='ocr_line' id='line_1_18' title="bbox 70 2137 1274 2231; baseline 0 -25"><span class='ocrx_word' id='word_1_147' title='bbox 70 2137 237 2231; x_wconf 74' lang='lat' dir='ltr'>adscripta</span> <span class='ocrx_word' id='word_1_148' title='bbox 255 2149 338 2229; x_wconf 80' lang='lat' dir='ltr'>est.)</span> <span class='ocrx_word' id='word_1_149' title='bbox 362 2167 441 2231; x_wconf 87' lang='lat' dir='ltr'>quae</span> <span class='ocrx_word' id='word_1_150' title='bbox 464 2147 580 2210; x_wconf 84' lang='lat' dir='ltr'>nostris</span> <span class='ocrx_word' id='word_1_151' title='bbox 603 2149 781 2230; x_wconf 87' lang='lat' dir='ltr'>praestant,</span> <span class='ocrx_word' id='word_1_152' title='bbox 807 2147 923 2230; x_wconf 91' lang='lat' dir='ltr'>quippe</span> <span class='ocrx_word' id='word_1_153' title='bbox 943 2147 978 2208; x_wconf 92' lang='lat' dir='ltr'>in</span> <span class='ocrx_word' id='word_1_154' title='bbox 1001 2146 1117 2228; x_wconf 89' lang='lat' dir='ltr'>quibus</span> <span class='ocrx_word' id='word_1_155' title='bbox 1137 2164 1174 2209; x_wconf 91' lang='lat' dir='ltr'>ea</span> <span class='ocrx_word' id='word_1_156' title='bbox 1192 2144 1274 2209; x_wconf 89' lang='lat' dir='ltr'>desi-</span> 
     </span>
     <span class='ocr_line' id='line_1_19' title="bbox 70 2239 1274 2336; baseline -0.002 -19"><span class='ocrx_word' id='word_1_157' title='bbox 70 2239 241 2328; x_wconf 77' lang='lat' dir='ltr'>derantur,</span> <span class='ocrx_word' id='word_1_158' title='bbox 266 2273 348 2336; x_wconf 86' lang='lat' dir='ltr'>quae</span> <span class='ocrx_word' id='word_1_159' title='bbox 381 2253 520 2316; x_wconf 87' lang='lat' dir='ltr'>diductis</span> <span class='ocrx_word' id='word_1_160' title='bbox 551 2251 655 2316; x_wconf 83' lang='lat' dir='ltr'>literis</span> <span class='ocrx_word' id='word_1_161' title='bbox 686 2252 827 2316; x_wconf 77' lang='lat' dir='ltr'>distinxi.</span> <span class='ocrx_word' id='word_1_162' title='bbox 876 2250 993 2316; x_wconf 80' lang='lat' dir='ltr'>Contra</span> <span class='ocrx_word' id='word_1_163' title='bbox 1023 2257 1130 2316; x_wconf 86' lang='lat' dir='ltr'>nostre</span> <span class='ocrx_word' id='word_1_164' title='bbox 1155 2251 1274 2335; x_wconf 77' lang='lat' dir='ltr'>praefe</span> 
     </span>
     <span class='ocr_line' id='line_1_20' title="bbox 69 2355 1273 2443; baseline 0.002 -24"><span class='ocrx_word' id='word_1_165' title='bbox 69 2355 178 2423; x_wconf 69' lang='lat' dir='ltr'>tenda</span> <span class='ocrx_word' id='word_1_166' title='bbox 199 2366 274 2424; x_wconf 87' lang='lat' dir='ltr'>sunt</span> <span class='ocrx_word' id='word_1_167' title='bbox 298 2363 332 2423; x_wconf 90' lang='lat' dir='ltr'>in</span> <span class='ocrx_word' id='word_1_168' title='bbox 357 2378 394 2424; x_wconf 92' lang='lat' dir='ltr'>eo</span> <span class='ocrx_word' id='word_1_169' title='bbox 414 2358 579 2443; x_wconf 84' lang='lat' dir='ltr'>exemplo,</span> <span class='ocrx_word' id='word_1_170' title='bbox 599 2359 685 2442; x_wconf 90' lang='lat' dir='ltr'>quod</span> <span class='ocrx_word' id='word_1_171' title='bbox 702 2359 754 2424; x_wconf 91' lang='lat' dir='ltr'>his</span> <span class='ocrx_word' id='word_1_172' title='bbox 773 2359 806 2423; x_wconf 92' lang='lat' dir='ltr'>in</span> <span class='ocrx_word' id='word_1_173' title='bbox 825 2365 931 2424; x_wconf 86' lang='lat' dir='ltr'>nostro</span> <span class='ocrx_word' id='word_1_174' title='bbox 951 2357 1078 2423; x_wconf 80' lang='lat' dir='ltr'>Scholio</span> <span class='ocrx_word' id='word_1_175' title='bbox 1098 2358 1273 2436; x_wconf 82' lang='lat' dir='ltr'>antecedit,</span> 
     </span>
     <span class='ocr_line' id='line_1_21' title="bbox 68 2451 1274 2549; baseline -0.001 -19"><span class='ocrx_word' id='word_1_176' title='bbox 68 2451 103 2517; x_wconf 65' lang='lat'>5¹1</span> <span class='ocrx_word' id='word_1_177' title='bbox 138 2460 270 2532; x_wconf 79' lang='lat' dir='ltr'>Scholio</span> <span class='ocrx_word' id='word_1_178' title='bbox 301 2465 341 2530; x_wconf 87' lang='lat' dir='ltr'>ad</span> <span class='ocrx_word' id='word_1_179' title='bbox 375 2464 509 2529; x_wconf 88' lang='lat' dir='ltr'>Iliadem</span> <span class='ocrx_word' id='word_1_180' title='bbox 541 2466 747 2549; x_wconf 87' lang='lat' dir='ltr'>subsequitur</span> <span class='ocrx_word' id='word_1_181' title='bbox 770 2469 835 2530; x_wconf 89' lang='lat' dir='ltr'>ita:</span> <span class='ocrx_word' id='word_1_182' title='bbox 859 2465 955 2529; x_wconf 81' lang='grc' dir='ltr'><strong><em>πάλιν</em></strong></span> <span class='ocrx_word' id='word_1_183' title='bbox 979 2464 1071 2539; x_wconf 77' lang='grc' dir='ltr'><strong><em>εἰπὼν</em></strong></span> <span class='ocrx_word' id='word_1_184' title='bbox 1098 2465 1223 2548; x_wconf 71' lang='grc' dir='ltr'><strong><em>»πολλοὶ</em></strong></span> <span class='ocrx_word' id='word_1_185' title='bbox 1247 2463 1274 2529; x_wconf 87' lang='grc' dir='ltr'>δ’</span> 
     </span>
     <span class='ocr_line' id='line_1_22' title="bbox 68 2555 1274 2654; baseline 0.002 -20"><span class='ocrx_word' id='word_1_186' title='bbox 68 2555 254 2644; x_wconf 51' lang='lat' dir='ltr'>Meum*</span> <span class='ocrx_word' id='word_1_187' title='bbox 275 2570 412 2652; x_wconf 75' lang='grc' dir='ltr'><strong><em>άνηψεν”</em></strong></span> <span class='ocrx_word' id='word_1_188' title='bbox 433 2569 583 2648; x_wconf 69' lang='grc' dir='ltr'><strong><em>ἐπάγει</em></strong></span> <span class='ocrx_word' id='word_1_189' title='bbox 607 2571 649 2635; x_wconf 79' lang='grc' dir='ltr'>τὸ</span> <span class='ocrx_word' id='word_1_190' title='bbox 670 2566 775 2642; x_wconf 80' lang='grc' dir='ltr'><strong><em>εἶδος</em></strong></span> <span class='ocrx_word' id='word_1_191' title='bbox 798 2570 1000 2654; x_wconf 74' lang='grc' dir='ltr'><strong><em>»ὑφάσματά</em></strong></span> <span class='ocrx_word' id='word_1_192' title='bbox 1022 2597 1056 2636; x_wconf 87' lang='grc' dir='ltr'><strong><em>τε</em></strong></span> <span class='ocrx_word' id='word_1_193' title='bbox 1077 2571 1191 2651; x_wconf 72' lang='grc' dir='ltr'><strong><em>χρυσόν</em></strong></span> <span class='ocrx_word' id='word_1_194' title='bbox 1211 2571 1274 2636; x_wconf 87' lang='grc' dir='ltr'><strong><em>τε.”.</em></strong></span> 
     </span>
     <span class='ocr_line' id='line_1_23' title="bbox 70 2659 1274 2762; baseline 0 -21"><span class='ocrx_word' id='word_1_195' title='bbox 70 2659 168 2741; x_wconf 67' lang='lat' dir='ltr'>cum</span> <span class='ocrx_word' id='word_1_196' title='bbox 196 2681 308 2744; x_wconf 77' lang='lat' dir='ltr'>stetim</span> <span class='ocrx_word' id='word_1_197' title='bbox 339 2682 502 2762; x_wconf 83' lang='lat' dir='ltr'>sequatur:</span> <span class='ocrx_word' id='word_1_198' title='bbox 529 2677 583 2740; x_wconf 75' lang='grc' dir='ltr'>καὶ</span> <span class='ocrx_word' id='word_1_199' title='bbox 612 2676 738 2742; x_wconf 85' lang='grc' dir='ltr'><strong><em>πάλιν</em></strong></span> <span class='ocrx_word' id='word_1_200' title='bbox 762 2679 878 2743; x_wconf 75' lang='grc' dir='ltr'><strong><em>εἰπὼν</em></strong></span> <span class='ocrx_word' id='word_1_201' title='bbox 903 2679 1033 2754; x_wconf 58' lang='lat' dir='ltr'>„scita”</span> <span class='ocrx_word' id='word_1_202' title='bbox 1057 2678 1208 2755; x_wconf 73' lang='grc' dir='ltr'><strong><em>ἐπάγει</em></strong></span> <span class='ocrx_word' id='word_1_203' title='bbox 1231 2677 1274 2741; x_wconf 88' lang='grc' dir='ltr'>τδ</span> 
     </span>
     <span class='ocr_line' id='line_1_24' title="bbox 65 2765 1276 2870; baseline 0.003 -25"><span class='ocrx_word' id='word_1_204' title='bbox 65 2765 188 2857; x_wconf 63' lang='grc' dir='ltr'><strong><em>εἶδος</em></strong></span> <span class='ocrx_word' id='word_1_205' title='bbox 225 2782 305 2868; x_wconf 65' lang='lat' dir='ltr'>„tter</span> <span class='ocrx_word' id='word_1_206' title='bbox 336 2808 370 2848; x_wconf 90' lang='grc' dir='ltr'><strong><em>τε</em></strong></span> <span class='ocrx_word' id='word_1_207' title='bbox 406 2783 457 2846; x_wconf 74' lang='grc' dir='ltr'>καὶ</span> <span class='ocrx_word' id='word_1_208' title='bbox 490 2779 599 2860; x_wconf 52' lang='lat' dir='ltr'>aalys?</span> <span class='ocrx_word' id='word_1_209' title='bbox 630 2786 652 2868; x_wconf 89' lang='grc' dir='ltr'>(ι</span> <span class='ocrx_word' id='word_1_210' title='bbox 691 2783 786 2861; x_wconf 72' lang='grc'>184),</span> <span class='ocrx_word' id='word_1_211' title='bbox 819 2791 852 2850; x_wconf 87' lang='lat' dir='ltr'>et</span> <span class='ocrx_word' id='word_1_212' title='bbox 875 2785 1072 2870; x_wconf 81' lang='lat' dir='ltr'>Porphyrius</span> <span class='ocrx_word' id='word_1_213' title='bbox 1095 2787 1129 2848; x_wconf 91' lang='lat' dir='ltr'>in</span> <span class='ocrx_word' id='word_1_214' title='bbox 1157 2783 1276 2850; x_wconf 85' lang='lat' dir='ltr'>talibus</span> 
     </span>
     <span class='ocr_line' id='line_1_25' title="bbox 63 2887 1273 2977; baseline 0.006 -27"><span class='ocrx_word' id='word_1_215' title='bbox 63 2887 267 2957; x_wconf 70' lang='lat' dir='ltr'>venenum</span> <span class='ocrx_word' id='word_1_216' title='bbox 298 2898 451 2965; x_wconf 88' lang='lat' dir='ltr'>venetur,</span> <span class='ocrx_word' id='word_1_217' title='bbox 477 2899 509 2956; x_wconf 91' lang='lat' dir='ltr'>et</span> <span class='ocrx_word' id='word_1_218' title='bbox 541 2893 702 2955; x_wconf 85' lang='lat' dir='ltr'>inversum</span> <span class='ocrx_word' id='word_1_219' title='bbox 726 2891 843 2955; x_wconf 85' lang='lat' dir='ltr'>codicis</span> <span class='ocrx_word' id='word_1_220' title='bbox 868 2894 968 2955; x_wconf 89' lang='lat' dir='ltr'>nostri</span> <span class='ocrx_word' id='word_1_221' title='bbox 991 2892 1132 2956; x_wconf 89' lang='lat' dir='ltr'>ordinem</span> <span class='ocrx_word' id='word_1_222' title='bbox 1156 2893 1273 2977; x_wconf 87' lang='lat' dir='ltr'>probo,</span> 
     </span>
     <span class='ocr_line' id='line_1_26' title="bbox 61 2994 1275 3081; baseline -0.001 -19"><span class='ocrx_word' id='word_1_223' title='bbox 61 2996 177 3062; x_wconf 66' lang='lat' dir='ltr'>‘luem</span> <span class='ocrx_word' id='word_1_224' title='bbox 204 3007 352 3081; x_wconf 81' lang='lat' dir='ltr'>excerpta</span> <span class='ocrx_word' id='word_1_225' title='bbox 375 3017 414 3061; x_wconf 89' lang='lat' dir='ltr'>ex</span> <span class='ocrx_word' id='word_1_226' title='bbox 436 2994 492 3076; x_wconf 74' lang='lat' dir='ltr'>EQ</span> <span class='ocrx_word' id='word_1_227' title='bbox 516 2998 740 3081; x_wconf 87' lang='lat' dir='ltr'>comprobant,</span> <span class='ocrx_word' id='word_1_228' title='bbox 766 3004 797 3062; x_wconf 90' lang='lat' dir='ltr'>et</span> <span class='ocrx_word' id='word_1_229' title='bbox 821 2997 990 3062; x_wconf 88' lang='lat' dir='ltr'>lectionem</span> <span class='ocrx_word' id='word_1_230' title='bbox 1015 2996 1147 3061; x_wconf 89' lang='lat' dir='ltr'>hancce:</span> <span class='ocrx_word' id='word_1_231' title='bbox 1175 2994 1275 3077; x_wconf 70' lang='grc' dir='ltr'><strong><em>ὥσπερ</em></strong></span> 
     </span>
     <span class='ocr_line' id='line_1_27' title="bbox 58 3084 1276 3185; baseline 0.004 -21"><span class='ocrx_word' id='word_1_232' title='bbox 58 3084 94 3148; x_wconf 60' lang='lat'>3⁹</span> <span class='ocrx_word' id='word_1_233' title='bbox 108 3105 239 3176; x_wconf 74' lang='grc' dir='ltr'><strong><em>τούτοις</em></strong></span> <span class='ocrx_word' id='word_1_234' title='bbox 253 3103 382 3182; x_wconf 80' lang='grc' dir='ltr'><strong><em>»πολλοὶ</em></strong></span> <span class='ocrx_word' id='word_1_235' title='bbox 395 3102 594 3178; x_wconf 75' lang='grc' dir='ltr'><strong><em>δ’άγάλματ’</em></strong></span> <span class='ocrx_word' id='word_1_236' title='bbox 607 3104 754 3181; x_wconf 77' lang='grc' dir='ltr'><strong><em>άνῆψεν”.</em></strong></span> <span class='ocrx_word' id='word_1_237' title='bbox 775 3104 868 3168; x_wconf 85' lang='grc' dir='ltr'><strong><em>σι’να</em></strong></span> <span class='ocrx_word' id='word_1_238' title='bbox 889 3100 949 3169; x_wconf 81' lang='grc' dir='ltr'>οὖν</span> <span class='ocrx_word' id='word_1_239' title='bbox 969 3127 989 3166; x_wconf 87' lang='grc' dir='ltr'><strong><em>τ</em></strong></span> <span class='ocrx_word' id='word_1_240' title='bbox 1000 3127 1021 3166; x_wconf 87' lang='grc' dir='ltr'><strong><em>α</em></strong></span> <span class='ocrx_word' id='word_1_241' title='bbox 1032 3107 1048 3165; x_wconf 90' lang='grc' dir='ltr'><strong><em>ῦ</em></strong></span> <span class='ocrx_word' id='word_1_242' title='bbox 1058 3126 1078 3166; x_wconf 88' lang='grc' dir='ltr'><strong><em>σ</em></strong></span> <span class='ocrx_word' id='word_1_243' title='bbox 1087 3128 1108 3166; x_wconf 90' lang='grc' dir='ltr'><strong><em>α</em></strong></span> <span class='ocrx_word' id='word_1_244' title='bbox 1119 3124 1128 3181; x_wconf 89' lang='lat'>;</span> <span class='ocrx_word' id='word_1_245' title='bbox 1152 3103 1276 3185; x_wconf 84' lang='grc' dir='ltr'><strong><em>»ὑφάσ-</em></strong></span> 
     </span>
     <span class='ocr_line' id='line_1_28' title="bbox 53 3201 1275 3295; baseline -0.002 -18"><span class='ocrx_word' id='word_1_246' title='bbox 53 3212 173 3276; x_wconf 58' lang='grc' dir='ltr'>ματά</span> <span class='ocrx_word' id='word_1_247' title='bbox 195 3238 230 3277; x_wconf 89' lang='grc' dir='ltr'><strong><em>τε</em></strong></span> <span class='ocrx_word' id='word_1_248' title='bbox 255 3210 370 3291; x_wconf 75' lang='grc' dir='ltr'><strong><em>χρυσόν</em></strong></span> <span class='ocrx_word' id='word_1_249' title='bbox 396 3210 457 3286; x_wconf 87' lang='grc' dir='ltr'><strong><em>τε”,</em></strong></span> <span class='ocrx_word' id='word_1_250' title='bbox 483 3211 525 3273; x_wconf 80' lang='grc' dir='ltr'>τῦ</span> <span class='ocrx_word' id='word_1_251' title='bbox 551 3204 676 3291; x_wconf 73' lang='grc' dir='ltr'><strong><em>εἶδος,</em></strong></span> <span class='ocrx_word' id='word_1_252' title='bbox 700 3212 762 3275; x_wconf 83' lang='lat' dir='ltr'>nisi</span> <span class='ocrx_word' id='word_1_253' title='bbox 787 3210 871 3295; x_wconf 86' lang='lat' dir='ltr'>quod</span> <span class='ocrx_word' id='word_1_254' title='bbox 896 3210 1027 3276; x_wconf 78' lang='lat' dir='ltr'>malim:</span> <span class='ocrx_word' id='word_1_255' title='bbox 1049 3201 1063 3272; x_wconf 81' lang='grc' dir='ltr'><strong><em>ῦ</em></strong></span> <span class='ocrx_word' id='word_1_256' title='bbox 1086 3209 1126 3273; x_wconf 86' lang='grc' dir='ltr'>τδ</span> <span class='ocrx_word' id='word_1_257' title='bbox 1151 3205 1255 3283; x_wconf 79' lang='grc' dir='ltr'><strong><em>εἶδος</em></strong></span> <span class='ocrx_word' id='word_1_258' title='bbox 1266 3259 1275 3289; x_wconf 90' lang='grc'><strong><em>,</em></strong></span> 
     </span>
     <span class='ocr_line' id='line_1_29' title="bbox 50 3312 896 3402; baseline -0.002 -18"><span class='ocrx_word' id='word_1_259' title='bbox 50 3312 164 3384; x_wconf 74' lang='lat' dir='ltr'>quod</span> <span class='ocrx_word' id='word_1_260' title='bbox 185 3316 340 3384; x_wconf 85' lang='lat' dir='ltr'>facillime</span> <span class='ocrx_word' id='word_1_261' title='bbox 364 3319 448 3381; x_wconf 86' lang='lat' dir='ltr'>inter</span> <span class='ocrx_word' id='word_1_262' title='bbox 471 3340 506 3380; x_wconf 88' lang='grc' dir='ltr'><strong><em>τε</em></strong></span> <span class='ocrx_word' id='word_1_263' title='bbox 529 3315 563 3381; x_wconf 80' lang='grc' dir='ltr'>τὸ</span> <span class='ocrx_word' id='word_1_264' title='bbox 588 3316 752 3381; x_wconf 89' lang='lat' dir='ltr'>obliterari</span> <span class='ocrx_word' id='word_1_265' title='bbox 777 3319 896 3402; x_wconf 89' lang='lat' dir='ltr'>potuit.</span> 
     </span>
    </p>
   </div>
   <div class='ocr_carea' id='block_1_3' title="bbox 41 3523 1286 4362">
    <p class='ocr_par' dir='ltr' id='par_1_3' title="bbox 41 3523 1286 4362">
     <span class='ocr_line' id='line_1_30' title="bbox 103 3523 1286 3613; baseline 0.001 -20"><span class='ocrx_word' id='word_1_266' title='bbox 103 3542 163 3604; x_wconf 58' lang='grc' dir='ltr'>ν,</span> <span class='ocrx_word' id='word_1_267' title='bbox 193 3528 271 3596; x_wconf 82' lang='grc'><strong>287.</strong></span> <span class='ocrx_word' id='word_1_268' title='bbox 303 3527 492 3593; x_wconf 66' lang='lat' dir='ltr'>Marciaco:</span> <span class='ocrx_word' id='word_1_269' title='bbox 526 3523 571 3591; x_wconf 76' lang='grc' dir='ltr'>ὅτι</span> <span class='ocrx_word' id='word_1_270' title='bbox 605 3530 643 3598; x_wconf 78' lang='grc' dir='ltr'>ὥς</span> <span class='ocrx_word' id='word_1_271' title='bbox 675 3527 820 3605; x_wconf 80' lang='grc' dir='ltr'><strong><em>Κρητάων</em></strong></span> <span class='ocrx_word' id='word_1_272' title='bbox 856 3525 889 3611; x_wconf 77' lang='grc' dir='ltr'>(ξ</span> <span class='ocrx_word' id='word_1_273' title='bbox 915 3526 991 3613; x_wconf 82' lang='grc'>199)</span> <span class='ocrx_word' id='word_1_274' title='bbox 1024 3529 1077 3591; x_wconf 81' lang='grc' dir='ltr'>καὶ</span> <span class='ocrx_word' id='word_1_275' title='bbox 1102 3526 1286 3594; x_wconf 74' lang='grc' dir='ltr'><strong><em>Μαλειάων</em></strong></span> 
     </span>
     <span class='ocr_line' id='line_1_31' title="bbox 43 3608 1273 3716; baseline 0.004 -22"><span class='ocrx_word' id='word_1_276' title='bbox 43 3608 160 3698; x_wconf 58' lang='grc' dir='ltr'>ἔφη·</span> <span class='ocrx_word' id='word_1_277' title='bbox 194 3636 245 3700; x_wconf 80' lang='grc' dir='ltr'>καὶ</span> <span class='ocrx_word' id='word_1_278' title='bbox 279 3637 317 3708; x_wconf 77' lang='grc' dir='ltr'>ὡς</span> <span class='ocrx_word' id='word_1_279' title='bbox 351 3637 473 3713; x_wconf 71' lang='grc' dir='ltr'><strong><em>»Κρήτη</em></strong></span> <span class='ocrx_word' id='word_1_280' title='bbox 503 3658 550 3702; x_wconf 79' lang='grc' dir='ltr'>τις</span> <span class='ocrx_word' id='word_1_281' title='bbox 574 3632 657 3711; x_wconf 72' lang='grc' dir='ltr'><strong><em>γαῖά</em></strong></span> <span class='ocrx_word' id='word_1_282' title='bbox 682 3634 767 3698; x_wconf 84' lang='grc' dir='ltr'><strong><em>ἐστι”</em></strong></span> <span class='ocrx_word' id='word_1_283' title='bbox 791 3642 824 3714; x_wconf 90' lang='grc' dir='ltr'>(τ</span> <span class='ocrx_word' id='word_1_284' title='bbox 851 3633 947 3716; x_wconf 84' lang='grc'>172),</span> <span class='ocrx_word' id='word_1_285' title='bbox 975 3634 1026 3698; x_wconf 75' lang='grc' dir='ltr'>καὶ</span> <span class='ocrx_word' id='word_1_286' title='bbox 1053 3634 1273 3714; x_wconf 61' lang='grc' dir='ltr'><strong><em>»περιγνάμπ</em></strong></span> 
     </span>
     <span class='ocr_line' id='line_1_32' title="bbox 41 3737 1276 3830; baseline 0.002 -24"><span class='ocrx_word' id='word_1_287' title='bbox 41 3737 175 3806; x_wconf 59' lang='lat' dir='ltr'>&#39;‘We-a</span> <span class='ocrx_word' id='word_1_288' title='bbox 198 3742 364 3809; x_wconf 84' lang='grc' dir='ltr'><strong><em>Μάλειον”</em></strong></span> <span class='ocrx_word' id='word_1_289' title='bbox 387 3743 409 3826; x_wconf 84' lang='grc' dir='ltr'>(ι</span> <span class='ocrx_word' id='word_1_290' title='bbox 435 3740 503 3827; x_wconf 87' lang='grc'><strong>80).</strong></span> <span class='ocrx_word' id='word_1_291' title='bbox 529 3740 667 3822; x_wconf 83' lang='lat' dir='ltr'><strong>(HMQ.)</strong></span> <span class='ocrx_word' id='word_1_292' title='bbox 697 3739 734 3805; x_wconf 91' lang='lat' dir='ltr'>ln</span> <span class='ocrx_word' id='word_1_293' title='bbox 757 3741 790 3805; x_wconf 92' lang='lat' dir='ltr'>H</span> <span class='ocrx_word' id='word_1_294' title='bbox 814 3748 885 3826; x_wconf 85' lang='lat' dir='ltr'>post</span> <span class='ocrx_word' id='word_1_295' title='bbox 908 3741 991 3816; x_wconf 72' lang='grc' dir='ltr'><strong><em>γαῖά</em></strong></span> <span class='ocrx_word' id='word_1_296' title='bbox 1016 3742 1081 3805; x_wconf 84' lang='grc' dir='ltr'><strong><em>ἐστι</em></strong></span> <span class='ocrx_word' id='word_1_297' title='bbox 1104 3741 1172 3830; x_wconf 83' lang='lat' dir='ltr'>legi</span> <span class='ocrx_word' id='word_1_298' title='bbox 1197 3743 1276 3809; x_wconf 83' lang='lat' dir='ltr'>dioi-</span> 
     </span>
     <span class='ocr_line' id='line_1_33' title="bbox 43 3824 1275 3933; baseline 0.002 -20"><span class='ocrx_word' id='word_1_299' title='bbox 43 3824 143 3905; x_wconf 65' lang='lat' dir='ltr'><strong>tuf:</strong></span> <span class='ocrx_word' id='word_1_300' title='bbox 186 3850 303 3915; x_wconf 73' lang='lat' dir='ltr'>risos</span> <span class='ocrx_word' id='word_1_301' title='bbox 339 3845 465 3929; x_wconf 74' lang='grc' dir='ltr'><strong><em>(εἶπάνέ</em></strong></span> <span class='ocrx_word' id='word_1_302' title='bbox 501 3847 611 3933; x_wconf 84' lang='lat' dir='ltr'>Dind.)</span> <span class='ocrx_word' id='word_1_303' title='bbox 650 3847 701 3910; x_wconf 80' lang='grc' dir='ltr'>καὶ</span> <span class='ocrx_word' id='word_1_304' title='bbox 738 3847 1000 3927; x_wconf 76' lang='grc' dir='ltr'><strong><em>περιχνάπτοντα.</em></strong></span> <span class='ocrx_word' id='word_1_305' title='bbox 1048 3847 1207 3933; x_wconf 78' lang='lat' dir='ltr'>Equidem</span> <span class='ocrx_word' id='word_1_306' title='bbox 1235 3870 1275 3916; x_wconf 82' lang='lat' dir='ltr'>ex</span> 
     </span>
     <span class='ocr_line' id='line_1_34' title="bbox 45 3931 1274 4041; baseline 0.004 -24"><span class='ocrx_word' id='word_1_307' title='bbox 45 3931 186 4032; x_wconf 49' lang='grc' dir='ltr'><strong><em>ἄκων,</em></strong></span> <span class='ocrx_word' id='word_1_308' title='bbox 215 3955 299 4041; x_wconf 92' lang='lat' dir='ltr'>quod</span> <span class='ocrx_word' id='word_1_309' title='bbox 330 3957 397 4019; x_wconf 88' lang='lat' dir='ltr'>sine</span> <span class='ocrx_word' id='word_1_310' title='bbox 428 3955 642 4019; x_wconf 85' lang='lat' dir='ltr'>controversia</span> <span class='ocrx_word' id='word_1_311' title='bbox 671 3961 854 4039; x_wconf 90' lang='lat' dir='ltr'>corruptum</span> <span class='ocrx_word' id='word_1_312' title='bbox 886 3960 952 4029; x_wconf 90' lang='lat' dir='ltr'>est,</span> <span class='ocrx_word' id='word_1_313' title='bbox 977 3953 1064 4019; x_wconf 92' lang='lat' dir='ltr'>aliud</span> <span class='ocrx_word' id='word_1_314' title='bbox 1089 3955 1274 4022; x_wconf 87' lang='lat' dir='ltr'>elicuerim:</span> 
     </span>
     <span class='ocr_line' id='line_1_35' title="bbox 49 4046 1274 4140; baseline 0.002 -15"><span class='ocrx_word' id='word_1_315' title='bbox 49 4046 120 4110; x_wconf 49' lang='grc' dir='ltr'>καὶ</span> <span class='ocrx_word' id='word_1_316' title='bbox 169 4064 205 4132; x_wconf 75' lang='grc' dir='ltr'>ὥς</span> <span class='ocrx_word' id='word_1_317' title='bbox 236 4061 359 4140; x_wconf 69' lang='grc' dir='ltr'><strong><em>»Κρήτη</em></strong></span> <span class='ocrx_word' id='word_1_318' title='bbox 390 4084 437 4129; x_wconf 84' lang='grc' dir='ltr'>τις</span> <span class='ocrx_word' id='word_1_319' title='bbox 466 4060 548 4135; x_wconf 77' lang='grc' dir='ltr'><strong><em>γαῖά</em></strong></span> <span class='ocrx_word' id='word_1_320' title='bbox 581 4057 677 4130; x_wconf 84' lang='grc' dir='ltr'><strong><em>έστι”,</em></strong></span> <span class='ocrx_word' id='word_1_321' title='bbox 710 4060 867 4136; x_wconf 78' lang='grc' dir='ltr'><strong><em>ἑνικῶς,</em></strong></span> <span class='ocrx_word' id='word_1_322' title='bbox 894 4060 946 4123; x_wconf 76' lang='grc' dir='ltr'>καὶ</span> <span class='ocrx_word' id='word_1_323' title='bbox 973 4060 1274 4138; x_wconf 76' lang='grc' dir='ltr'><strong><em>»περιγνάμπτοντα</em></strong></span> 
     </span>
     <span class='ocr_line' id='line_1_36' title="bbox 54 4148 1273 4253; baseline 0.003 -21"><span class='ocrx_word' id='word_1_324' title='bbox 54 4148 259 4232; x_wconf 59' lang='grc' dir='ltr'><strong><em>Μάλειαν-’ἲ</em></strong></span> <span class='ocrx_word' id='word_1_325' title='bbox 294 4165 515 4233; x_wconf 82' lang='lat' dir='ltr'>Coniecturam</span> <span class='ocrx_word' id='word_1_326' title='bbox 545 4186 607 4230; x_wconf 92' lang='lat' dir='ltr'>non</span> <span class='ocrx_word' id='word_1_327' title='bbox 638 4163 883 4232; x_wconf 89' lang='lat' dir='ltr'>incertissimam</span> <span class='ocrx_word' id='word_1_328' title='bbox 916 4175 1035 4232; x_wconf 88' lang='lat' dir='ltr'>certam</span> <span class='ocrx_word' id='word_1_329' title='bbox 1067 4170 1273 4253; x_wconf 87' lang='lat' dir='ltr'>praestabunt</span> 
     </span>
     <span class='ocr_line' id='line_1_37' title="bbox 63 4269 1276 4362; baseline 0.004 -26"><span class='ocrx_word' id='word_1_330' title='bbox 63 4269 169 4339; x_wconf 59' lang='lat' dir='ltr'>quae</span> <span class='ocrx_word' id='word_1_331' title='bbox 195 4274 346 4362; x_wconf 78' lang='lat' dir='ltr'>leguntur</span> <span class='ocrx_word' id='word_1_332' title='bbox 375 4276 409 4337; x_wconf 92' lang='lat' dir='ltr'>in</span> <span class='ocrx_word' id='word_1_333' title='bbox 437 4272 463 4336; x_wconf 87' lang='lat' dir='ltr'>P</span> <span class='ocrx_word' id='word_1_334' title='bbox 487 4272 526 4337; x_wconf 77' lang='lat' dir='ltr'>ad</span> <span class='ocrx_word' id='word_1_335' title='bbox 549 4272 566 4337; x_wconf 89' lang='grc' dir='ltr'><strong><em>δ</em></strong></span> <span class='ocrx_word' id='word_1_336' title='bbox 590 4271 667 4336; x_wconf 84' lang='grc'><strong>514.</strong></span> <span class='ocrx_word' id='word_1_337' title='bbox 692 4272 928 4338; x_wconf 74' lang='grc' dir='ltr'><strong><em>Μαλσιάιιντ</em></strong></span> <span class='ocrx_word' id='word_1_338' title='bbox 953 4275 1101 4352; x_wconf 83' lang='grc' dir='ltr'><strong><em>άλλαχοῦ</em></strong></span> <span class='ocrx_word' id='word_1_339' title='bbox 1139 4274 1169 4339; x_wconf 83' lang='grc' dir='ltr'>δέ</span> <span class='ocrx_word' id='word_1_340' title='bbox 1205 4277 1276 4341; x_wconf 80' lang='grc' dir='ltr'><strong><em>ἑνι-</em></strong></span> 
     </span>
    </p>
   </div>
   <div class='ocr_carea' id='block_1_4' title="bbox 70 4371 1274 4473">
    <p class='ocr_par' dir='ltr' id='par_1_4' title="bbox 70 4371 1274 4473">
     <span class='ocr_line' id='line_1_38' title="bbox 70 4371 1274 4473; baseline 0.006 -29"><span class='ocrx_word' id='word_1_341' title='bbox 70 4371 161 4449; x_wconf 60' lang='grc' dir='ltr'>ῑῦς</span> <span class='ocrx_word' id='word_1_342' title='bbox 191 4380 488 4462; x_wconf 75' lang='grc' dir='ltr'><strong><em>»περιγνάμπτοντα</em></strong></span> <span class='ocrx_word' id='word_1_343' title='bbox 521 4377 707 4445; x_wconf 85' lang='grc' dir='ltr'><strong><em>Μάλειαν”.</em></strong></span> <span class='ocrx_word' id='word_1_344' title='bbox 754 4379 906 4467; x_wconf 82' lang='lat' dir='ltr'>Sequitur</span> <span class='ocrx_word' id='word_1_345' title='bbox 933 4381 967 4445; x_wconf 88' lang='lat' dir='ltr'>in</span> <span class='ocrx_word' id='word_1_346' title='bbox 997 4379 1097 4448; x_wconf 70' lang='lat' dir='ltr'>duro</span> <span class='ocrx_word' id='word_1_347' title='bbox 1128 4387 1274 4473; x_wconf 76' lang='lat' dir='ltr'>margine</span> 
     </span>
    </p>
   </div>
   <div class='ocr_carea' id='block_1_5' title="bbox 0 0 1497 4950">
    <p class='ocr_par' dir='ltr' id='par_1_5' title="bbox 0 0 1497 4950">
     <span class='ocr_line' id='line_1_39' title="bbox 0 0 1497 4950; baseline 0 0"><span class='ocrx_word' id='word_1_348' title='bbox 0 0 1497 4950; x_wconf 95' lang='lat' dir='ltr'> </span> 
     </span>
    </p>
   </div>
  </div>
 </body>
</html>
