2978 4950
730 151 794 221 529

151 347 244 405 lerunt,
263 351 287 395 ct
302 336 391 396 εἵσατο
405 353 429 397 et
442 352 594 414 sequentibus
608 355 685 404 verbis
700 358 807 421 pervim
821 359 847 406 in
861 359 978 422 pluralem
993 359 1125 418 conversis,
1139 359 1178 408 sed
1192 359 1343 423 —qucmsd

151 431 248 480 modurn
265 431 291 479 in
308 447 335 479 ee
353 432 524 496 Quaestionum
545 436 728 487 Homerienrum
747 444 814 504 perte
832 442 873 500 ht,
891 432 962 504 quem
984 441 1111 490 Vstiennus
1129 442 1200 490 codex
1214 441 1281 491 nobis
1294 459 1342 491 ser·

149 511 228 571 revit,
246 541 279 549 —
296 518 419 563 auctorem
443 514 505 564 nulli
528 517 579 567 loeo
604 519 733 569 Homerico
751 521 865 585 nulloque
883 522 961 571 ordini
980 523 1121 573 adstrictum
1139 523 1212 572 libere
1230 529 1341 589 segetum

149 617 210 659 csse,
221 601 292 650 ιἰνὶίίυ
301 606 381 651 tamen
390 603 558 671 edacdisaeto
566 623 583 653 α
590 610 671 655 nostre
682 609 797 671 Odysseae
807 627 878 658 οεοειι.
899 611 990 676 Nempe
999 610 1130 676 singularia
1143 610 1197 670 ’έοος
1212 613 1253 662 καὶ
1262 611 1340 674 έμοιος

148 684 249 750 ἐγένετο
266 692 352 751 (nostri
369 708 441 758 prave
458 691 569 754 ἐγένετο,
587 696 612 746 in
629 699 695 747 codd.
713 699 743 747 ad
762 699 862 750 Iliadem
880 701 982 751 ulterius
995 703 1150 767 depravetum
1164 704 1189 753 in
1203 706 1340 767 γενόμενος)

149 782 242 830 incuria
258 786 412 830 servaverunt
429 783 562 833 immutata.
582 787 643 836 Tum
660 803 786 851 permenso
805 789 830 838 in
847 794 925 839 vetere
943 792 1073 849 sententia,
1091 796 1145 856 post
1160 791 1229 841 ἄλλα
1247 794 1278 842 πὸ
1297 793 1341 855 μέν

149 872 300 921 inserendum
325 887 374 920 esse
400 867 529 934 ὑπέλαβεν.
565 876 609 924 Sed
638 876 662 924 in
688 892 716 924 co
743 878 815 926 falsus
839 879 885 935 fni,
910 880 971 942 quod
989 879 1103 944 opinabar
1119 880 1180 931 illud
1197 882 1296 933 verbum
1312 900 1340 933 ex

147 961 232 1009 statim
248 961 399 1037 sequentibus
415 963 446 1011 τὸ
464 964 509 1023 μέν
528 960 568 1012 οὑν
586 962 696 1026 ὑπέλαβε
713 983 761 1016 esse
779 968 961 1025 retrahendum,
980 973 1051 1034 etque
1068 970 1118 1019 iilic
1136 973 1197 1021 male
1214 973 1340 1024 abundare.

149 1045 243 1108 Nempe
258 1043 325 1092 illam
341 1047 484 1096 sententiam
500 1048 687 1124 perlegentibus,
705 1050 904 1113 qnemsdmcdnm
922 1052 983 1115 apud
1001 1053 1142 1102 Crumerum
1159 1059 1184 1103 et
1200 1055 1225 1103 in
1250 1056 1340 1105 Veneto

147 1127 237 1190 scripta
268 1126 400 1190 reperitur,
436 1134 460 1178 et
490 1130 516 1179 in
547 1131 585 1179 his
615 1132 733 1181 codicibus
759 1135 782 1180 et
808 1133 832 1181 in
858 1134 945 1182 nostris
971 1134 992 1183 ei
1018 1136 1048 1183 sd
1074 1135 1235 1200 integritstem
1262 1139 1340 1187 deesse

147 1208 263 1272 qunedam
288 1209 369 1273 potius
391 1211 526 1277 apparebit,
550 1213 673 1276 utrimque
697 1217 780 1263 mutus
803 1229 847 1278 ope
872 1215 1000 1264 sermondo.
1036 1218 1156 1281 Quorsum
1178 1220 1242 1268 enim
1260 1220 1285 1269 in
1303 1221 1340 1270 his

148 1301 254 1364 pertinet
277 1298 307 1347 ri
332 1298 376 1358 uls
402 1295 441 1348 olo
465 1298 536 1359 δηλοῖ
558 1303 593 1351 ποι
617 1301 742 1351 τοιαῦπαῗ
769 1308 823 1360 snt,
850 1308 878 1353 nt
903 1320 916 1352 e
941 1306 1028 1354 nostris
1051 1307 1071 1354 Τ
1095 1307 1148 1368 det,
1176 1308 1206 1356 πὸ
1231 1307 1275 1369 μὲν
1300 1305 1339 1358 οὑν

147 1386 433 1447 demembratum?
455 1393 594 1443 Addsndnm
617 1393 715 1443 verbum
732 1398 768 1443 est
785 1395 847 1458 qnod
866 1396 998 1459 exponitur.
1018 1397 1067 1445 Gir.
1086 1399 1182 1462 Quaest.
1202 1400 1299 1450 Homm.
1318 1419 1337 1450 c.

148 1480 192 1527 XV
212 1482 246 1546 (p.
265 1483 297 1532 32
317 1480 363 1543 Δ);
381 1477 420 1529 lies
436 1486 485 1530 τῶν
500 1474 525 1530 ἓν
541 1481 630 1540 κινήσει
643 1508 675 1515 -
690 1509 713 1516 —
733 1482 802 1532 ἐοπὶν
819 1483 918 1546 έχέλος
938 1511 962 1517 --
1022 1482 1169 1544 dunois&
1184 1491 1339 1548 τοιαῦτα,

147 1579 172 1623 et
189 1574 236 1623 inm
253 1579 386 1639 sequuntur
403 1577 515 1641 exempla
536 1578 579 1626 Vel
597 1577 672 1641 magis
690 1577 815 1627 mirificum
836 1579 953 1641 estquod
971 1579 1089 1642 sequitur:
1113 1575 1214 1627 ιέέοατο
1232 1577 1256 1628 δ’
1273 1579 1340 1631 tlon

147 1659 156 1709 l
160 1656 176 1707 Ι.
204 1662 234 1719 ὥς
261 1660 315 1725 tn)
338 1659 411 1726 laudou
428 1666 455 1714 n
470 1664 539 1728 μέρος
558 1661 614 1714 ἰδεῖν
635 1663 765 1728 ὑπέλαβον.
799 1666 935 1716 scribamus
952 1668 1028 1716 literis
1046 1668 1182 1718 maiusculis
1200 1677 1339 1721 εΝΜΕΡΟ·

149 1759 232 1802 (ἳΙΔΘΙ
250 1757 272 1802 et
291 1756 372 1804 statim
391 1772 473 1805 verum
490 1757 612 1806 emicabit:
631 1755 717 1806 έέεαπο
736 1754 757 1805 δ’
780 1757 810 1813 ὡς
830 1753 873 1805 dra
893 1757 950 1819 ῥινὸν
968 1748 999 1804 ἓν
1018 1756 1191 1820 ἠεροειδέι,
1209 1764 1338 1827 quodcum

147 1836 195 1885 ism
222 1836 345 1887 Beklrerns
372 1838 527 1903 repperisset,
554 1856 616 1889 nnnc
643 1840 672 1888 ch
695 1840 869 1904 limburgensi
893 1840 1044 1890 scholiorum
1066 1841 1094 1889 ed
1113 1843 1243 1905 Odyssesm
1261 1845 1338 1894 codice

146 1926 325 1992 comprobatum
351 1929 403 1992 (qni
429 1929 510 1992 πόντῳ
536 1930 613 1990 addit)
642 1930 730 1980 meritc
758 1930 783 1978 in
806 1933 899 1980 textum
922 1931 1010 1996 recepit
1032 1931 1189 1990 Schraderns,
1216 1933 1339 1983 Dindortio

147 2010 291 2060 melesansm
316 2012 423 2060 codicum
448 2012 571 2061 lectionem
596 2012 816 2078 retinere'plscnit.
852 2012 1018 2078 Superioribus
1040 2030 1147 2078 quoque,
1164 2019 1191 2063 nt
1208 2015 1268 2075 dixi,
1287 2032 1338 2064 cor-

148 2100 219 2148 rectio
244 2104 297 2150 tots
322 2102 439 2151 sententie
464 2104 498 2152 sie
520 2104 684 2153 constituenda
702 2103 805 2152 videtur:
826 2099 878 2149 έπι
895 2101 938 2160 μὲν
959 2096 997 2149 οὑν
1019 2099 1198 2168 (ὑπέλαβε),
1216 2101 1288 2163 δηλοῖ
1303 2107 1338 2155 πα

148 2193 267 2239 τοιαῦτα·
299 2189 399 2241 ,ε’έααπο
422 2190 444 2241 δ’
474 2194 504 2251 ὡς
524 2192 566 2242 dre
587 2193 643 2258 ῥινὸν
661 2187 692 2241 ἐν
711 2189 871 2255 ἠεροειδέι·
889 2182 1049 2257 (πόντῳ)“·
1126 2195 1156 2243 τὸ
1174 2192 1196 2243 d·
1217 2195 1248 2252 sie
1269 2197 1339 2258 ῥινέν,

146 2280 177 2337 ὥς
207 2278 282 2342 δέρμα
313 2280 422 2344 ὑπέλαβε
450 2284 485 2333 πα
513 2280 553 2347 'ips
582 2290 631 2334 τῶν
656 2283 778 2333 Φαιάκων·
806 2281 832 2331 eis
847 2270 906 2346 ’γάρ
926 2274 993 2333 ἐστιν
1012 2284 1043 2341 ὥς
1062 2276 1158 2347 ἕρινεές·
1177 2281 1205 2342 ἦν
1222 2287 1272 2350 γὰρ
1292 2284 1338 2351 (tis

147 2371 198 2420 edd.
219 2388 273 2422 cum
290 2372 327 2432 Τ),
348 2370 402 2421 ‚tr‘
420 2367 524 2435 ἐρινές”’
540 2403 571 2409 -·
584 2374 626 2424 sal
644 2374 674 2422 τὸ
697 2372 805 2434 allecum
825 2371 877 2422 α’έιιε
896 2368 1028 2437 τύχοιμι’“,
1044 2372 1119 2423 dori
1134 2378 1193 2424 rot
1208 2375 1338 2437 εἶδνὶεοι,

145 2462 240 2512 deletis:
269 2459 330 2527 [ὑπὸ
355 2457 401 2513 τοὺ
426 2463 481 2514 aldo
505 2462 614 2541 εἵαομαι,
639 2461 708 2528 sall,
734 2471 758 2516 et
777 2461 883 2523 εἲδῆοαι,
910 2466 972 2530 qnod
1000 2467 1070 2532 nihili
1088 2471 1123 2516 est
1141 2469 1293 2530 scortulum,
1312 2472 1337 2521 in

145 2547 302 2596 necessarium
328 2549 435 2597 futurum
459 2551 546 2598 relicto.
582 2551 613 2598 ilt
637 2550 692 2598 huic
716 2549 843 2598 mutationi
867 2548 931 2596 viam
948 2549 1060 2614 patefacit
1078 2550 1106 2604 Τ.
1124 2552 1164 2613 qui
1182 2552 1335 2617 simpliciter:

144 2632 190 2682 έέσ.
207 2632 237 2683 dl
248 2652 275 2684 ιιι
293 2633 333 2684 τό
340 2654 428 2699 χωμι
445 2637 491 2700 (sie
507 2638 581 2702 rente)
598 2637 649 2686 sss
667 2640 713 2686 τοῦ
729 2635 829 2694 ciltena.
849 2638 879 2685 In
895 2638 1057 2701 parenthetica
1071 2641 1188 2690 sententis
1203 2642 1336 2692 Aristarchi

144 2719 367 2784 interpretationem
384 2721 411 2769 de
431 2736 495 2770 more
512 2738 526 2769 e
545 2721 680 2786 Porphyris
698 2721 767 2785 tangi
783 2723 875 2769 certum
893 2723 942 2777 est,
960 2724 984 2768 et
998 2727 1131 2787 opportune
1145 2725 1239 2773 monuit
1252 2726 1336 2774 Schts·

144 2802 222 2851 dcrus.
258 2803 339 2852 Unum
363 2807 450 2860 restat,
475 2803 537 2866 qnod
562 2802 632 2851 aliter
654 2807 725 2867 etque
743 2803 784 2851 illc
804 2801 859 2850 iecit
876 2802 1048 2852 constituerim.
1084 2805 1176 2872 Nempe
1192 2806 1337 2856 Sehmderns

145 2891 229 2941 verba:
254 2892 285 2940 rb
311 2895 394 2952 μένποι
413 2889 539 2942 ε’έαατον·
558 2919 580 2925 -
600 2892 710 2953 repulsu
728 2891 777 2952 γὰρ
797 2891 827 2940 sd
847 2882 960 2948 ἒποοεὺέη
978 2889 1071 2938 uncinis
1087 2888 1195 2947 inclusit,
1213 2888 1244 2937 sb
1260 2889 1336 2954 iisque

143 2991 204 3039 quse
229 2979 361 3040 sequuntur
385 2992 470 3026 novem
492 2976 679 3041 disputationem
703 2975 778 3024 ordiri
800 2974 914 3033 eredidit,
938 2974 971 3022 sic
995 2973 1127 3037 disputans:
1149 2970 1234 3020 averhs
1251 2973 1337 3022 indes

145 3065 176 3112 τὸ
202 3061 228 3113 dl
254 3062 340 3114 έέοαπο
366 3084 419 3117 cnm
445 3067 607 3133 superioribus
629 3085 676 3117 non
699 3069 837 3125 cohaerere,
862 3069 901 3117 sed
916 3064 1028 3117 'sumes
1046 3083 1094 3116 esre
1108 3066 1220 3115 εελοὶἑιινι
1238 3065 1336 3113 eandem

146 3165 195 3197 rem
222 3165 293 3212 qnam
318 3166 345 3199 ee
370 3167 429 3215 qnae
451 3151 592 3199 antecedunt
615 3151 750 3208 continens,
767 3153 831 3215 quod
847 3168 903 3200 ιαεει
920 3167 971 3199 eum
989 3151 1040 3199 illis
1056 3148 1183 3206 maluerit,
1203 3162 1336 3196 remonon

145 3231 216 3280 videt⁴
252 3231 342 3282 Utrum
359 3247 431 3295 seque
449 3247 475 3281 cc
492 3233 615 3296 superiore
632 3248 645 3280 s
663 3233 799 3297 Porphyrio
818 3233 892 3297 petite
910 3232 958 3281 sint
976 3248 1006 3281 an
1024 3231 1118 3280 aliunde
1135 3230 1259 3287 fluxerint,
1275 3228 1338 3278 diin·

145 3315 218 3363 dicari
236 3312 344 3378 nequit.”
362 3315 488 3363 Dissentio.
506 3314 582 3363 Video
600 3315 623 3364 id
641 3317 750 3378 quidem,
765 3315 949 3380 disputationem
965 3317 1039 3379 prout
1051 3313 1131 3363 editur
1142 3328 1189 3361 non
1198 3312 1336 3370 cohaerere,

144 3397 182 3445 scd
207 3396 257 3446 eius
281 3397 316 3445 rei
338 3396 433 3461 culpem
451 3413 498 3444 non
515 3397 540 3445 in
559 3397 588 3445 iis
605 3412 693 3460 quaero
710 3414 771 3462 qnae
787 3397 932 3446 Schraderns
949 3396 1060 3449 inclusit.
1077 3396 1117 3443 sed
1135 3395 1159 3442 in
1179 3394 1285 3458 proxime
1302 3409 1337 3442 se·

145 3486 271 3549 qnentihus
294 3485 343 3535 his:
368 3485 400 3533 πό
423 3481 449 3532 dl
474 3481 561 3533 έέοαπο
581 3483 638 3534 cirri
656 3481 703 3534 τοὺ
722 3483 858 3547 ὑπέλαβεν,
878 3480 906 3533 is
925 3483 973 3535 τοῦ
991 3482 1060 3542 dte,
1079 3484 1092 3531 έ
1110 3482 1206 3544 μέλλειν
1224 3481 1287 3532 έέαα.
1308 3484 1338 3532 πὸ

145 3572 172 3623 di
198 3572 283 3624 έέοαπο
310 3574 366 3633 ἀντὶ
391 3566 438 3623 rofi
459 3575 592 3635 cluolerers,
619 3575 668 3625 ἀπὸ
695 3570 742 3624 τοῦ
768 3575 848 3625 bleso.
875 3576 906 3652 πο
931 3573 957 3624 δέ
985 3574 1070 3624 (Icaro
1088 3573 1146 3622 ἇνπῒ
1163 3576 1209 3623 πον·
1226 3565 1338 3636 inperite

84 3660 89 3671 '
144 3665 193 3715 ἀπὸ
219 3668 264 3714 τοῦ
289 3663 327 3715 ’έιοΙ
365 3669 482 3718 Haeccine
505 3685 548 3733 pro
568 3668 741 3733 Porphyrianis
759 3667 855 3717 haberi!
876 3669 930 3716 Non
949 3684 976 3716 eo
993 3667 1069 3731 gradu
1086 3667 1193 3731 procedit
1209 3666 1338 3731 Porphyrii

142 3744 282 3814 loquacitas,
311 3751 402 3815 opinor.
438 3751 554 3816 liquidem
581 3767 608 3800 ea
635 3751 762 3817 posteriori
787 3751 881 3801 cuidam
906 3751 956 3799 sive
979 3749 1134 3813 grammatico
1151 3749 1200 3797 sive
1217 3749 1339 3799 collectori

144 3832 224 3897 potins
246 3832 349 3881 tribuam
375 3834 428 3895 (cir.
453 3833 531 3897 Etym.
559 3834 593 3882 Μ.
617 3837 641 3882 et
669 3835 805 3883 Gudiannm
828 3833 844 3880 i.
864 3850 883 3880 ν.
904 3835 932 3881 de
950 3848 1016 3880 morc
1034 3831 1210 3896 perversissime
1227 3832 1339 3897 editum),

144 3917 181 3963 cni
199 3916 272 3964 etism
289 3932 316 3964 ee
333 3915 412 3964 deberi
431 3921 511 3981 putem
530 3931 590 3980 quse
608 3917 633 3964 in
652 3920 698 3965 fine
715 3916 811 3982 praebet
826 3916 930 3964 Venetus
944 3915 1020 3971 solus,
1038 3914 1235 3978 quemadmodum
1251 3915 1339 3965 similia

144 4015 157 4046 e
174 3998 328 4061 grammatice
346 3999 454 4047 doctrine
472 4014 595 4063 perperam
614 3999 773 4063 adglutinavit
789 3999 850 4046 alius
867 3999 963 4062 quidam
981 3997 1006 4045 in
1024 3998 1114 4045 nostris
1128 3996 1193 4044 codd.
1209 3997 1264 4062 ΕΩ,
1279 4015 1339 4060 quse

144 4080 288 4129 eliminanda
311 4082 392 4130 monui
410 4098 433 4147 p.
452 4084 509 4139 206,
526 4083 555 4130 ad
573 4098 633 4145 quse
650 4082 731 4131 stetim
750 4088 863 4130 revertar.
898 4081 985 4129 dicetis
1002 4095 1062 4143 quse
1078 4079 1139 4137 dixi,
1158 4083 1249 4129 caetere
1265 4081 1340 4130 conti·

150 4171 243 4218 nrrnnds
267 4170 291 4219 in
317 4171 379 4219 hune
404 4171 512 4220 modum:
539 4167 569 4219 πὸ
595 4170 678 4231 μέντοι
700 4169 800 4219 diem
820 4171 869 4233 γὰρ
890 4177 946 4228 νηῶν
968 4171 1009 4217 ἔπ’
1027 4163 1167 4230 ἇριοπερέ”.
1187 4168 1236 4217 ἀπὸ
1253 4174 1299 4218 ποῦ
1312 4171 1343 4221 ἰἰν

150 4257 265 4318 γέγονεν,
291 4253 335 4320 ἀφ’
357 4254 384 4308 οὑ
402 4259 443 4308 καὶ
463 4260 493 4308 τὸ
509 4258 590 4321 lonas·
612 4263 721 4322 πημαίνει
739 4262 787 4324 γὰρ
809 4259 839 4310 τὸ
859 4256 978 4323 ἐπορεύθη.
999 4258 1115 4315 ώοαὺπεις
1134 4259 1177 4309 κᾶν
1196 4268 1232 4324 τῷ
1254 4259 1345 4326 ,αὐτὰρ

1161 4361 1193 4409 34
