2978 4950
711 186 778 254 463

144 371 178 438 tl
203 373 254 438 ίπί
277 382 331 441 τοῦ
355 376 457 453 νάσου,
481 377 622 449 πνέοντος
642 379 705 443 άπὸ
724 384 783 444 τῶν
802 377 886 444 κάτον
906 375 1024 460 τίπον,
1046 377 1197 457 κροτιίσας
1211 374 1337 462 (10Ρο-

144 484 304 569 THCAC)
318 481 408 567 ,ἔνθα
427 484 509 558 νίτος
529 485 621 562 μέγα
639 488 727 562 κῦμα
747 460 818 549 ποτ)
839 488 945 550 σκαιὸν
957 484 1015 564 ,ίίον
1026 483 1129 560 ιίίεῖ,”
1141 486 1196 557 τίρν
1209 484 1272 550 άπὸ
1284 487 1338 548 τοῦ

143 590 360 669 ταπεινοτέρου
383 591 497 665 κίνησιν
522 593 565 665 είς
589 593 624 658 τὸ
647 592 795 672 μετίορον
818 591 1001 656 άνοοκιιλί
1008 614 1062 667 ει,
1090 628 1133 641 -
1160 590 1282 657 codices
1307 594 1340 656 et

143 695 336 764 scholiastae
359 697 532 783 ίστίριρτεν,
557 699 642 765 unda
664 697 813 786 Heyniue
837 699 868 768 ἐς
891 698 927 763 τί
947 699 1005 777 ίίον
1021 699 1219 785 ingeniosius
1241 718 1338 783 qnam

143 804 256 869 varius
285 804 405 889 effecit,
434 825 509 871 cum
539 807 573 870 in
603 827 697 872 versu
721 809 834 871 statim
858 812 1009 891 sequente
1032 805 1119 870 idem
1143 803 1337 870 vocabulum

143 917 306 986 recurrat,
331 947 374 961 -
398 917 431 976 et
461 911 647 978 conferenda
678 932 752 976 cum
784 911 914 977 scholiis
946 912 985 977 ad
1019 936 1040 988 γ
1076 908 1140 975 296
1166 916 1199 975 et
1221 935 1236 974 ε
1260 909 1337 975 295.

144 1013 294 1081 Verbum
329 1026 443 1096 κροτεῖν
477 1039 513 1083 ea
548 1016 781 1106 significatIone
816 1023 865 1083 ast
901 1020 934 1081 in
967 1017 1110 1084 Platonis
1142 1018 1199 1102 qui
1222 1017 1340 1082 dicitur

145 1120 295 1189 Axiocho
317 1145 349 1209 p.
374 1123 439 1190 369
463 1124 503 1190 D.

194 1227 364 1315 Sequitur:
395 1235 459 1296 πάν
491 1232 680 1312 σφαιροειδὲς
709 1239 827 1312 σχῆμα
850 1231 903 1297 καί
928 1230 1051 1312 άπειρίν
1075 1234 1139 1296 ἔστι
1166 1231 1219 1296 καί
1243 1253 1340 1295 πεπε-

146 1335 316 1413 ρασμένα·
347 1340 390 1418 τῶ
421 1339 478 1415 μὲν
508 1322 573 1418 γάρ
596 1335 658 1420 ίρον
680 1340 751 1405 τινά
775 1339 828 1403 καί
854 1340 1049 1418 περιγραφὴν
1073 1335 1178 1418 ἔχειν,
1204 1336 1340 1415 εὖλίγοος

147 1443 231 1508 αὐτὸ
265 1444 452 1525 πεπεράνίαι
484 1445 659 1523 νομιστέον·
691 1444 814 1525 άπειρον
846 1444 871 1509 δ’
902 1444 940 1509 άν
964 1446 992 1528 [ί
1017 1447 1143 1531 κύκλος]
1165 1445 1341 1526 ὀνομάζοιτο

146 1551 292 1625 δικαίας,
316 1552 478 1632 tracturae
502 1551 668 1633 άμνίχανίν
692 1553 757 1616 ἐστι
782 1549 879 1628 δείξαι
904 1551 999 1630 πέρας
1025 1552 1056 1616 ἐν
1081 1552 1165 1632 οιιίτῷ
1186 1576 1227 1617 τι.
1260 1549 1343 1618 Gan·

147 1656 242 1724 cellis
283 1658 517 1723 circumdatum
552 1660 790 1724 substantivum
827 1657 880 1723 vel
914 1677 977 1723 una
1012 1660 1224 1745 grammatino
1258 1659 1342 1723 ratic

147 1764 291 1830 damnat.
317 1764 438 1831 Maiore
461 1764 628 1831 molimine
652 1764 815 1830 Mehlerus
833 1766 995 1830 tentabat:
1021 1765 1112 1847 „fort
1133 1764 1197 1851 leg.
1219 1761 1343 1843 ἄπειρος

147 1871 177 1938 δ’
198 1866 240 1936 αὖ
264 1871 277 1935 ί
302 1870 412 1943 κύκλος
435 1868 604 1949 ὀνομάζοιτ’
629 1870 666 1936 άν
691 1871 841 1943 δικαίως.”

198 2078 236 2147 Ο.
272 2080 407 2147 XLVIII
440 2084 483 2168 (p.
522 2080 617 2164 104):
657 2085 694 2146 Ἡ
729 2090 785 2156 τῆς
817 2089 963 2157 κοσμικῆς
996 2080 1144 2160 γενέσεως
1174 2079 1344 2160 εἱμαρμένη

148 2189 268 2268 πρῶτον
299 2190 503 2270 ίεμελιοῦχον·
530 2188 671 2269 ἐκράτησε
701 2189 756 2260 τὴν
788 2197 866 2266 γῆν·
899 2184 967 2252 εἶτα
998 2189 1048 2252 ἐπὶ
1080 2188 1182 2267 ταάτγ
1209 2222 1262 2238 ·-
1292 2188 1344 2251 τὸν

147 2295 275 2377 οὐρανὸν
305 2294 504 2376 ίπορίφοισε,
530 2295 583 2361 καί
609 2296 695 2360 κατά
724 2297 782 2360 τῶν
806 2297 1075 2370 ἀναπεπταμένων
1101 2297 1198 2368 αὐτῆς
1223 2294 1344 2360 κόλπων

148 2401 263 2482 άίράαν
292 2399 365 2482 ἔχεο
396 2405 451 2477 τὴν
483 2402 661 2479 ίάλατταν,
694 2403 780 2475 εὐίιίς
806 2405 830 2465 θ’
856 2402 930 2482 ἡλίῳ
955 2403 1006 2465 καί
1032 2402 1143 2481 σελάνρ
1165 2403 1207 2466 τά
1231 2400 1344 2480 διακρι-

148 2508 245 2575 ίίντα
267 2510 342 2594 [τῶν
364 2510 540 2594 στοιχείων]
565 2508 629 2574 άτὸ
654 2514 707 2574 τοῦ
732 2509 835 2574 πάλαι
859 2509 958 2587 χάους
983 2508 1142 2587 ίφάτισεν.
1190 2508 1233 2573 Et
1253 2507 1345 2573 locus

147 2598 357 2702 importunus
386 2617 547 2682 emblema
579 2619 689 2704 arguit
719 2623 752 2681 et
783 2618 950 2680 sententia.
994 2615 1066 2681 Non
1089 2619 1176 2680 enim
1199 2636 1282 2681 nunc
1306 2615 1346 2680 de

147 2729 306 2811 quattuor
329 2723 495 2790 elementia
517 2725 637 2811 agitur.

197 2937 237 3003 (ί.
261 2935 403 3022 ulli-(p.
428 2937 525 3021 113):
550 2935 679 3012 Ταύτην
703 2933 832 3014 μὲνοῦν
857 2937 1056 3008 πιίανίτιιτος
1082 2940 1205 3011 μάλλον
1231 2936 1248 3011 ἢ
1271 2936 1349 3009 άλνι-

148 3045 236 3117 ίείας
263 3044 412 3122 ἐχομένην
436 3043 490 3116 τίιν
514 3045 706 3123 άλλιργορίαν
731 3041 806 3122 άχρι
830 3048 884 3107 τοῦ
908 3045 952 3118 μὴ
976 3042 1072 3107 δοκεῖν
1096 3047 1217 3119 άγνοεῖν
1241 3065 1347 3121 παρει·

149 3154 319 3229 λιίφοομεν·
338 3141 361 3215 ά
381 3149 408 3214 δ’
429 3150 511 3214 ἐστίν
532 3149 738 3229 ἐναργέστερα
756 3151 808 3214 καί
831 3158 886 3224 τῆς
899 3151 1035 3230 Ὀμάρον
1056 3150 1170 3228 σοφίας
1191 3148 1345 3228 ἐχίμενα,

149 3262 262 3324 ταῦτα
284 3257 320 3329 δίο
340 3263 467 3321 σκοπεῖν
490 3258 672 3334 άναγκαῑον.
717 3256 859 3322 Mehlcro
881 3257 1035 3341 ,uidetur
1059 3256 1222 3341 scripsisse
1245 3255 1347 3320 Hera-
1391 3253 1397 3266 '

149 3366 252 3432 clitus
275 3364 433 3442 ἐγγυτέρω
457 3364 596 3444 ἐχόμενα
620 3365 670 3429 vel
695 3368 818 3439 μάλλον
842 3360 990 3444 ἐχόμενοι.
1029 3362 1121 3437 Quod
1145 3364 1243 3428 etiam
1265 3359 1347 3426 Ges·

149 3488 250 3538 nerua
284 3480 333 3534 est
366 3469 573 3555 suspicatus.’'
619 3469 727 3534 Etiam
757 3470 811 3534 hic
842 3490 905 3534 non
933 3468 1076 3533 addendo
1106 3469 1160 3533 sed
1194 3466 1349 3532 demendo

151 3574 340 3643 Heraclitus
362 3595 421 3640 sua
443 3574 660 3660 recuperabit:
682 3570 704 3639 ά
724 3575 751 3638 δ’
769 3575 850 3639 ἐστίν
870 3575 1114 3654 ίναργίστερΟΝ
1135 3583 1192 3646 τῆς
1214 3574 1349 3652 Ὀμιίροιι
1377 3552 1385 3570 ’

151 3683 271 3764 σοφίας
297 3682 454 3763 ίχίμενοο,
479 3684 580 3747 eiecto
603 3681 667 3746 καί.

114 3960 119 3965 ,
200 3893 239 3960 0.
272 3891 378 3957 LVIII
409 3893 453 3979 (p.
489 3891 576 3979 120).
610 3893 750 3958 Deorum
777 3898 957 3978 certamen,
983 3896 1076 3979 quale
1099 3894 1133 3958 in
1157 3893 1215 3959 illa
1237 3892 1349 3958 Iliadis

151 4006 246 4087 porte
267 4007 537 4065 commemoratur
559 4021 639 4085 quae
659 4002 830 4080 Θεομαχία
852 4001 926 4066 inde
942 4002 1145 4084 inscribitur,
1158 4001 1198 4086 (T
1217 3997 1350 4082 1-75),

153 4108 264 4196 longia
295 4108 486 4193 ambagibus
509 4106 680 4194 allegorice
703 4112 931 4192 interpretatus
955 4106 1140 4174 Heraclitus
1164 4107 1350 4192 disputatio·

153 4234 230 4281 nem
256 4233 348 4280 suam
371 4213 423 4277 his
447 4214 554 4278 verbis
577 4213 756 4279 concludit:
781 4215 839 4286 Τίς
864 4209 913 4278 οὖν
939 4213 1015 4279 οὕτω
1035 4214 1188 4291 μίμννεν,
1210 4215 1248 4286 ὡς
1267 4211 1349 4286 θεοὺς

155 4321 358 4403 μαχομίνονς
394 4319 545 4395 άλλιίλοις
580 4320 801 4399 παρεισάγειν,
838 4323 973 4402 Ὀμιίρον
1007 4326 1142 4404 φυσικῆς
1178 4324 1283 4386 ταῦτα
1314 4319 1352 4384 δι’
