2978 4950
649 167 713 241 ost

122 391 135 430 ν
165 401 217 416 -·
241 363 429 430 ἐκτελέσειεν
459 364 584 437 άέθλοιις
608 377 625 439 Η
649 364 799 443 τολλοθς,
829 363 899 434 τοὺς
925 363 1056 437 Φοιθηκες
1082 356 1273 443 ἐπειρήσαντ’

122 474 246 547 Ιυοιῑος.
292 472 344 537 Ad
374 472 430 537 hos
460 492 570 537 versus
594 479 641 536 est
664 471 826 536 adnotatio
850 474 961 537 oritiea
987 474 1020 535 in
1045 470 1117 552 QV:
1143 473 1275 547 πληθυν-

122 585 180 652 sss
212 575 281 643 εἴτε
310 580 362 644 τθν
392 581 446 642 τοῦ
478 579 579 643 θθοκοο
607 573 706 643 άθλον.
756 577 877 657 Κράτης
901 577 932 642 δὲ
956 577 1026 649 τοὺς
1050 579 1136 642 κοοτά
1160 578 1277 654 Ἰθάκην

122 709 199 751 tvos
230 686 346 756 τθνονς.
393 685 443 749 Ad
474 685 600 750 eosdem
627 685 767 772 legimus
789 687 821 749 in
852 683 897 765 Q:
922 685 1028 749 άθετεθ
1050 683 1220 760 Ζηνόδοτος.
1246 689 1277 751 ιθ

122 814 146 872 ρ
177 792 309 862 πολλοὺς
334 792 473 856 ἐτέλεσεν
499 792 528 855 ἐν
553 796 709 874 Φοιοικθρι,
734 792 808 856 άλλ’
834 790 987 855 ἐδίσκειισε
1007 791 1107 867 μόνον.
1142 791 1194 857 Ad
1213 813 1280 856 eos·

122 919 164 961 n
189 897 322 983 denique
345 901 379 962 in
402 895 453 962 H:
478 900 516 971 ὥς
542 895 714 983 ε’λεγοῑοθθ)
738 897 898 978 ἕτειράθηι
923 899 1018 963 αὐτοῦ
1043 899 1097 970 την
1122 898 1276 976 ἐξήγησιν.

122 1017 126 1063 ÷
178 1002 291 1075 άλλως.
327 1006 434 1068 άθετεῑ
455 1004 616 1078 Ζηνόδοτος
640 1021 710 1069 κτλ.
758 1005 869 1070 Prima
893 1006 1069 1070 observatio
1092 1007 1217 1091 integra
1240 1006 1277 1069 ad

122 1132 133 1175 ι
177 1114 340 1196 pervenit,
362 1111 461 1176 altera
484 1115 549 1177 iam
574 1119 722 1196 corrupta
745 1117 811 1188 est,
837 1112 890 1177 sed
914 1115 1151 1196 corruptissima
1175 1114 1277 1177 tertia.

142 1216 288 1283 secunda
308 1220 373 1282 iam
393 1238 488 1302 supra
506 1239 578 1305 pag.
602 1218 666 1283 315
688 1219 754 1283 dixi
774 1224 955 1303 suspectum
980 1218 1060 1281 mihi
1080 1238 1146 1282 esse
1164 1220 1196 1283 οὐ
1215 1219 1277 1296 γάρ

122 1326 224 1397 λλοὺς
256 1325 414 1397 ἐτέλεσεν,
447 1345 508 1389 non
541 1325 649 1390 addito
678 1327 895 1401 substantivo,
929 1325 1011 1410 quod
1039 1327 1083 1388 sie
1108 1330 1279 1389 retractum

122 1428 255 1496 lebam:
288 1432 320 1495 οθ
350 1434 414 1510 γάρ
446 1433 579 1502 πολλοὺς
604 1424 779 1516 (άθλους)
806 1432 947 1495 ἐτέλεσεν
972 1431 1000 1494 ἓν
1026 1431 1180 1512 Φοιιοιιιθρι.
1205 1430 1280 1494 ἀλλ’

122 1558 243 1602 rmore
276 1537 373 1614 ριθνον.
422 1536 483 1602 Sed
516 1538 597 1602 nihil
628 1537 687 1602 hoe
720 1543 766 1602 est
797 1558 871 1622 praa
900 1540 957 1612 iis,
991 1556 1071 1622 quae
1095 1539 1188 1601 tertio
1211 1537 1279 1601 loco

122 1643 194 1707 sita
224 1646 256 1707 in
292 1663 355 1707 uno
379 1641 411 1706 H
442 1649 578 1708 aetatem
604 1643 762 1717 tulerunt,
788 1645 903 1727 quibus
927 1643 1028 1708 editor
1052 1649 1089 1706 ut
1113 1646 1146 1706 in
1169 1664 1203 1708 ra
1227 1643 1279 1708 de·

122 1756 214 1814 arata
237 1749 446 1815 dubitationis
470 1753 600 1836 signum
625 1750 862 1836 adpingondum
886 1752 1021 1814 curavit.
1058 1751 1100 1813 At
1119 1751 1146 1812 si
1166 1749 1278 1833 paulu·

122 1874 153 1917 ιι
183 1855 331 1921 hariolari
354 1856 444 1933 lieet,
464 1878 533 1921 rem
551 1877 613 1922 non
634 1857 711 1922 adeo
728 1857 925 1941 desperatam
947 1856 1123 1921 habuerim.
1162 1855 1278 1921 Videor

122 1958 175 2026 hi
204 1965 237 2026 in
273 1971 407 2048 utraque
437 1965 672 2040 observatione,
705 1969 737 2028 et
771 1966 802 2027 in
836 1984 872 2028 ea
896 1983 991 2047 quam
1018 1963 1057 2028 ad
1082 1985 1126 2027 vs.
1153 1962 1196 2026 22
1222 1962 1276 2042 QV

122 2076 310 2145 vaserunt,
338 2108 378 2118 -
400 2071 482 2154 quod
504 2076 609 2135 tamen
630 2069 830 2134 dubitantius
849 2089 930 2154 pono
952 2107 1001 2145 -·‚
1026 2075 1058 2135 et
1082 2073 1114 2133 in
1139 2091 1175 2135 aa
1198 2092 1277 2155 quae

139 2193 196 2239 vs.
216 2174 259 2239 23
283 2176 412 2241 brevius
431 2180 465 2240 in
490 2175 534 2261 Q,
559 2178 687 2241 uberius
710 2178 744 2240 in
768 2175 801 2239 H
824 2175 960 2262 legitur,
986 2176 1128 2240 eiusdem
1142 2175 1275 2262 Didymi
1304 2172 1315 2189 ⁴

122 2284 263 2346 :trinam
300 2283 424 2357 audire,
461 2287 519 2347 etsi
544 2289 688 2348 neutram
712 2282 760 2347 M.
787 2282 985 2348 Schmidtius
1008 2283 1139 2369 dignam
1163 2283 1277 2348 habuit

122 2400 188 2452 nn
210 2391 242 2453 in
268 2387 422 2475 Syllogen
446 2410 535 2453 suam
556 2392 718 2474 reciperet.
755 2388 961 2453 Hariolemnr
978 2388 1113 2474 aliquid,
1138 2397 1176 2453 ut
1192 2389 1275 2472 dixi,

122 2507 312 2581 genusque
343 2498 387 2560 sie
418 2497 457 2561 ab
490 2498 582 2560 initio
614 2498 767 2580 seriptum
798 2495 911 2560 fuisse:
945 2495 1100 2567 Πολλούς.
1127 2497 1197 2567 τοὺς
1223 2532 1242 2545 -
1257 2531 1276 2544 -

122 2595 257 2675 Fusios:
282 2602 584 2686 (Ἀρίσταρχος)
615 2606 653 2672 ὡς
686 2599 860 2678 εὐλόγου
885 2601 1077 2680 ἐπειράθη
1101 2603 1196 2666 edred
1221 2607 1276 2678 την

122 2697 255 2782 barre·
286 2710 391 2772 siderei
421 2708 484 2795 (δὲ)
510 2708 680 2782 Ζηνθδοτος.
709 2709 740 2771 οὐ
765 2708 828 2786 γάρ
852 2709 986 2779 πολλοὺς
1012 2706 1186 2794 (άθλονς)
1212 2709 1277 2772 ἑτέ-

122 2825 182 2875 Γ,τι
204 2815 233 2877 ἐν
254 2815 409 2897 Φοιιοιιιθρι,
431 2816 505 2877 ἀλλ’
526 2815 679 2878 ἕθθοκευσε
699 2812 797 2890 μόνον.
833 2811 1015 2878 Sexcenties
1034 2814 1117 2879 huno
1137 2816 1275 2880 ordinem

122 2919 308 3001 ιρθστορχος
334 2957 373 2968 -
400 2920 574 3003 Ζηνόδοτος)
598 2920 769 3007 legendum
795 2921 884 2985 nobis
906 2927 1085 3006 proponunt
1109 2922 1218 2986 brevia
1237 2944 1275 2987 ex

122 3017 230 3111 dpmo
262 3033 415 3112 excerpta.
465 3027 621 3111 Exempla
651 3032 777 3091 tantum
810 3048 935 3092 sumam
969 3029 1008 3092 ab
1040 3029 1098 3104 iis,
1131 3049 1211 3113 quae
1239 3028 1278 3093 ad

122 3131 223 3198 adem
247 3134 404 3217 adscripta
427 3137 566 3198 eontinet
591 3133 727 3198 Venetus
752 3136 788 3197 Α.
836 3133 937 3212 Quem
963 3135 1033 3199 dioo
1056 3135 1197 3199 ordinem
1219 3136 1276 3200 ha-

122 3248 201 3303 ·mus
225 3242 246 3302 i.
271 3261 297 3305 a.
321 3239 399 3322 (non
423 3243 508 3304 enim
533 3242 638 3304 omnia
661 3260 844 3305 enumerare
868 3242 959 3324 opus)
974 3253 998 3305 A
1014 3239 1074 3316 97;
1096 3239 1177 3319 169;
1193 3241 1275 3318 434;

140 3341 957 3423 196;258;579;r51;126;259;n277;
991 3345 1113 3423 Ε227ς
1141 3356 1166 3410 Η
1195 3345 1275 3423 198;

122 3437 173 3529 d&
209 3462 234 3517 Θ
261 3450 342 3536 109;
376 3452 459 3537 304;
493 3450 576 3530 378;
605 3460 683 3517 oaet.
731 3451 816 3516 Illud
847 3473 984 3536 quoque,
1015 3452 1192 3539 Didymum
1216 3453 1277 3517 lec-

122 3574 191 3625 tonos
224 3562 422 3644 rationesque
456 3559 606 3625 Zenodoti
642 3559 810 3643 aliquoties
833 3559 1044 3623 Aristarcheis
1067 3581 1274 3644 praeponere,

122 3683 149 3730 te
169 3669 278 3753 ignota
301 3687 350 3731 res
375 3674 438 3741 est,
459 3673 491 3731 et
511 3688 585 3732 oum
606 3665 698 3751 plura
720 3665 865 3749 exempla
883 3667 1057 3730 exscribere
1074 3670 1106 3728 in
1126 3674 1274 3750 promptu

122 3778 186 3848 rot,
221 3792 285 3838 uno
320 3794 385 3837 rem
417 3771 577 3837 illustrare
607 3777 773 3837 contentus
804 3791 865 3836 ero,
915 3771 1074 3856 Didymus
1105 3774 1207 3857 igitur
1237 3773 1276 3836 ad

141 3876 226 3945 668:
251 3877 341 3949 οὕτως
370 3879 572 3958 ’Λρθστοορχος
599 3876 810 3957 ,,Σοιρτηθθνι”
833 3878 918 3940 κοιτά
943 3876 1072 3948 δοτικήν.
1104 3879 1274 3954 Σιιρτηδθνι

122 3986 214 4066 άηρον
238 3985 272 4048 τὸ
297 3978 389 4059 οιῖροοι.
415 3987 535 4062 μητοτε
561 3987 592 4050 δὲ
617 3985 776 4059 Ζηνθθοτος
801 3983 885 4062 ὀρθῶς
911 3982 1036 4056 ἠθέτηιιε
1057 3984 1192 4054 τούτους.
1215 4008 1276 4047 τοι·

122 4110 219 4170 λογον
249 4090 312 4169 γάρ
344 4094 394 4153 τὸν
426 4094 540 4165 άτενθη
575 4091 626 4178 (an
655 4087 873 4172 Ἀτθλλωνοοθ)
897 4094 1027 4154 τοιοῦτοι
1061 4090 1272 4156 θιιινονεῖσθοοι.

122 4205 157 4268 ia
179 4196 280 4261 tradit
301 4198 496 4262 Aristonicus
514 4197 573 4274 lt,
598 4197 651 4262 sed
664 4218 731 4260 rem
745 4199 846 4280 ipsam
864 4216 947 4259 nuno
960 4197 1075 4259 omitto
1088 4215 1106 4258 a
1119 4199 1278 4279 proposito

122 4325 240 4387 enam,
275 4324 347 4367 eum
382 4305 464 4387 quor]
501 4304 571 4369 voto
607 4306 683 4368 satis
724 4308 882 4387 appareat.
930 4300 1039 4387 Itaque
1075 4303 1112 4366 do
1150 4301 1276 4369 ultimis
