<?xml version="1.0" encoding="UTF-8"?>
<!DOCTYPE html PUBLIC "-//W3C//DTD XHTML 1.0 Transitional//EN"
    "http://www.w3.org/TR/xhtml1/DTD/xhtml1-transitional.dtd">
<html xmlns="http://www.w3.org/1999/xhtml" xml:lang="en" lang="en">
 <head>
  <title>
</title>
<meta http-equiv="Content-Type" content="text/html;charset=utf-8" />
  <meta name='ocr-system' content='tesseract 3.04.00' />
  <meta name='ocr-capabilities' content='ocr_page ocr_carea ocr_par ocr_line ocrx_word'/>
</head>
<body>
  <div class='ocr_page' id='page_1' title='image "./adodysseameiusq00polagoog_0562.png"; bbox 0 0 2978 4950; ppageno 0'>
   <div class='ocr_carea' id='block_1_1' title="bbox 713 160 776 230">
    <p class='ocr_par' dir='ltr' id='par_1_1' title="bbox 713 160 776 230">
     <span class='ocr_line' id='line_1_1' title="bbox 713 160 776 230; baseline 0.063 -5"><span class='ocrx_word' id='word_1_1' title='bbox 713 160 776 230; x_wconf 75' lang='lat'>517</span> 
     </span>
    </p>
   </div>
   <div class='ocr_carea' id='block_1_2' title="bbox 143 349 1333 543">
    <p class='ocr_par' dir='ltr' id='par_1_2' title="bbox 143 349 1333 543">
     <span class='ocr_line' id='line_1_2' title="bbox 143 349 1333 436; baseline -0.001 -19"><span class='ocrx_word' id='word_1_2' title='bbox 143 353 199 417; x_wconf 89' lang='lat' dir='ltr'>hie</span> <span class='ocrx_word' id='word_1_3' title='bbox 230 351 372 418; x_wconf 89' lang='lat' dir='ltr'>locorum</span> <span class='ocrx_word' id='word_1_4' title='bbox 405 352 503 418; x_wconf 89' lang='lat' dir='ltr'>aliam</span> <span class='ocrx_word' id='word_1_5' title='bbox 533 350 669 416; x_wconf 80' lang='lat' dir='ltr'>subdent</span> <span class='ocrx_word' id='word_1_6' title='bbox 697 371 855 436; x_wconf 81' lang='lat' dir='ltr'>nusquam</span> <span class='ocrx_word' id='word_1_7' title='bbox 888 349 964 414; x_wconf 86' lang='lat' dir='ltr'>alibi</span> <span class='ocrx_word' id='word_1_8' title='bbox 994 351 1141 426; x_wconf 80' lang='lat' dir='ltr'>obviam,</span> <span class='ocrx_word' id='word_1_9' title='bbox 1168 358 1203 415; x_wconf 88' lang='lat' dir='ltr'>ut</span> <span class='ocrx_word' id='word_1_10' title='bbox 1228 350 1333 416; x_wconf 84' lang='lat' dir='ltr'>valeat</span> 
     </span>
     <span class='ocr_line' id='line_1_3' title="bbox 143 458 789 543; baseline -0.006 -19"><span class='ocrx_word' id='word_1_11' title='bbox 143 460 217 524; x_wconf 80' lang='lat' dir='ltr'>lecti</span> <span class='ocrx_word' id='word_1_12' title='bbox 240 460 347 538; x_wconf 85' lang='grc' dir='ltr'><strong><em>ίοονικ,</em></strong></span> <span class='ocrx_word' id='word_1_13' title='bbox 372 461 427 524; x_wconf 86' lang='lat' dir='ltr'>vix</span> <span class='ocrx_word' id='word_1_14' title='bbox 451 465 499 524; x_wconf 89' lang='lat' dir='ltr'>est</span> <span class='ocrx_word' id='word_1_15' title='bbox 523 458 607 543; x_wconf 90' lang='lat' dir='ltr'>quod</span> <span class='ocrx_word' id='word_1_16' title='bbox 632 478 789 524; x_wconf 86' lang='lat' dir='ltr'>moneam.</span> 
     </span>
    </p>
   </div>
   <div class='ocr_carea' id='block_1_3' title="bbox 143 666 1410 1814">
    <p class='ocr_par' dir='ltr' id='par_1_3' title="bbox 143 666 1410 1814">
     <span class='ocr_line' id='line_1_4' title="bbox 190 666 1334 749; baseline 0.003 -14"><span class='ocrx_word' id='word_1_17' title='bbox 190 678 229 749; x_wconf 80' lang='grc' dir='ltr'><strong><em>ψ,</em></strong></span> <span class='ocrx_word' id='word_1_18' title='bbox 255 668 332 735; x_wconf 85' lang='grc'><strong>328.</strong></span> <span class='ocrx_word' id='word_1_19' title='bbox 369 671 514 744; x_wconf 77' lang='grc' dir='ltr'><strong><em>Σκύλλην</em></strong></span> <span class='ocrx_word' id='word_1_20' title='bbox 533 671 569 744; x_wconf 73' lang='grc' dir='ltr'>δ’,</span> <span class='ocrx_word' id='word_1_21' title='bbox 581 668 615 744; x_wconf 87' lang='grc' dir='ltr'>ήν</span> <span class='ocrx_word' id='word_1_22' title='bbox 628 673 660 735; x_wconf 82' lang='grc' dir='ltr'>οὐ</span> <span class='ocrx_word' id='word_1_23' title='bbox 674 666 792 734; x_wconf 76' lang='grc' dir='ltr'><strong><em>τώποτ’</em></strong></span> <span class='ocrx_word' id='word_1_24' title='bbox 806 671 921 749; x_wconf 83' lang='grc' dir='ltr'><strong><em>οίκήριοι</em></strong></span> <span class='ocrx_word' id='word_1_25' title='bbox 934 666 1037 748; x_wconf 73' lang='grc' dir='ltr'><strong><em>ἄνδρες</em></strong></span> <span class='ocrx_word' id='word_1_26' title='bbox 1051 669 1181 746; x_wconf 73' lang='grc' dir='ltr'><strong><em>ἄλυξαν.</em></strong></span> <span class='ocrx_word' id='word_1_27' title='bbox 1206 671 1255 737; x_wconf 74' lang='lat' dir='ltr'>Ex</span> <span class='ocrx_word' id='word_1_28' title='bbox 1267 672 1334 738; x_wconf 86' lang='lat' dir='ltr'>solo</span> 
     </span>
     <span class='ocr_line' id='line_1_5' title="bbox 143 775 1336 863; baseline 0 -21"><span class='ocrx_word' id='word_1_29' title='bbox 143 776 366 861; x_wconf 87' lang='lat' dir='ltr'>Manuscripto</span> <span class='ocrx_word' id='word_1_30' title='bbox 382 776 574 845; x_wconf 87' lang='lat' dir='ltr'>Barnesisno</span> <span class='ocrx_word' id='word_1_31' title='bbox 593 776 735 842; x_wconf 75' lang='lat' dir='ltr'>adfertur</span> <span class='ocrx_word' id='word_1_32' title='bbox 754 775 871 862; x_wconf 83' lang='lat' dir='ltr'>duplex</span> <span class='ocrx_word' id='word_1_33' title='bbox 890 778 1128 860; x_wconf 77' lang='lat' dir='ltr'><strong>interpretatio,</strong></span> <span class='ocrx_word' id='word_1_34' title='bbox 1149 779 1238 842; x_wconf 91' lang='lat' dir='ltr'>cuius</span> <span class='ocrx_word' id='word_1_35' title='bbox 1250 781 1336 863; x_wconf 87' lang='lat' dir='ltr'>prior</span> 
     </span>
     <span class='ocr_line' id='line_1_6' title="bbox 144 882 1336 972; baseline 0.002 -24"><span class='ocrx_word' id='word_1_36' title='bbox 144 891 274 949; x_wconf 90' lang='lat' dir='ltr'>tantum</span> <span class='ocrx_word' id='word_1_37' title='bbox 302 904 374 968; x_wconf 91' lang='lat' dir='ltr'>pars</span> <span class='ocrx_word' id='word_1_38' title='bbox 404 886 438 948; x_wconf 92' lang='lat' dir='ltr'>in</span> <span class='ocrx_word' id='word_1_39' title='bbox 467 882 679 972; x_wconf 78' lang='lat' dir='ltr'>Vulgatorum</span> <span class='ocrx_word' id='word_1_40' title='bbox 700 882 863 948; x_wconf 74' lang='lat' dir='ltr'>codicibus</span> <span class='ocrx_word' id='word_1_41' title='bbox 886 889 918 947; x_wconf 90' lang='lat' dir='ltr'>et</span> <span class='ocrx_word' id='word_1_42' title='bbox 942 882 1134 951; x_wconf 79' lang='lat' dir='ltr'>editionibus</span> <span class='ocrx_word' id='word_1_43' title='bbox 1158 884 1265 950; x_wconf 88' lang='lat' dir='ltr'>edesse</span> <span class='ocrx_word' id='word_1_44' title='bbox 1288 888 1336 950; x_wconf 87' lang='lat' dir='ltr'>vi·</span> 
     </span>
     <span class='ocr_line' id='line_1_7' title="bbox 143 988 1335 1075; baseline 0.001 -20"><span class='ocrx_word' id='word_1_45' title='bbox 143 990 256 1055; x_wconf 85' lang='lat' dir='ltr'>detur:</span> <span class='ocrx_word' id='word_1_46' title='bbox 289 991 420 1069; x_wconf 87' lang='grc' dir='ltr'><strong><em>οίκήριοι·</em></strong></span> <span class='ocrx_word' id='word_1_47' title='bbox 449 990 542 1071; x_wconf 81' lang='grc' dir='ltr'><strong><em>χωρίς</em></strong></span> <span class='ocrx_word' id='word_1_48' title='bbox 575 992 679 1073; x_wconf 82' lang='grc' dir='ltr'><strong><em>κήρίς,</em></strong></span> <span class='ocrx_word' id='word_1_49' title='bbox 710 990 802 1069; x_wconf 82' lang='grc' dir='ltr'><strong><em>χωρίς</em></strong></span> <span class='ocrx_word' id='word_1_50' title='bbox 827 988 982 1054; x_wconf 63' lang='grc' dir='ltr'>ίανοίτου.ζ</span> <span class='ocrx_word' id='word_1_51' title='bbox 995 988 1048 1075; x_wconf 84' lang='lat' dir='ltr'>(V)</span> <span class='ocrx_word' id='word_1_52' title='bbox 1077 993 1099 1073; x_wconf 89' lang='lat'>¹)</span> <span class='ocrx_word' id='word_1_53' title='bbox 1126 992 1178 1055; x_wconf 86' lang='grc' dir='ltr'>καί</span> <span class='ocrx_word' id='word_1_54' title='bbox 1203 993 1335 1069; x_wconf 82' lang='grc' dir='ltr'><strong><em>οίκήριοι,</em></strong></span> 
     </span>
     <span class='ocr_line' id='line_1_8' title="bbox 143 1095 1337 1175; baseline 0 -14"><span class='ocrx_word' id='word_1_55' title='bbox 143 1098 292 1168; x_wconf 79' lang='grc' dir='ltr'><strong><em>οίσίενεῖς.</em></strong></span> <span class='ocrx_word' id='word_1_56' title='bbox 340 1096 425 1162; x_wconf 86' lang='lat' dir='ltr'>Luce</span> <span class='ocrx_word' id='word_1_57' title='bbox 456 1096 574 1162; x_wconf 85' lang='lat' dir='ltr'>clarius</span> <span class='ocrx_word' id='word_1_58' title='bbox 606 1108 672 1173; x_wconf 86' lang='lat' dir='ltr'>est,</span> <span class='ocrx_word' id='word_1_59' title='bbox 696 1096 898 1161; x_wconf 88' lang='lat' dir='ltr'>scribendum</span> <span class='ocrx_word' id='word_1_60' title='bbox 924 1113 1006 1161; x_wconf 89' lang='lat' dir='ltr'>esse:</span> <span class='ocrx_word' id='word_1_61' title='bbox 1028 1095 1070 1160; x_wconf 85' lang='grc' dir='ltr'>Ἢ</span> <span class='ocrx_word' id='word_1_62' title='bbox 1095 1098 1221 1175; x_wconf 80' lang='grc' dir='ltr'><strong><em>οὶκήριοι,</em></strong></span> <span class='ocrx_word' id='word_1_63' title='bbox 1249 1099 1337 1162; x_wconf 83' lang='grc' dir='ltr'><strong><em>οίσίε-</em></strong></span> 
     </span>
     <span class='ocr_line' id='line_1_9' title="bbox 144 1201 1337 1291; baseline 0.001 -23"><span class='ocrx_word' id='word_1_64' title='bbox 144 1211 217 1274; x_wconf 82' lang='grc' dir='ltr'><strong><em>νείς.</em></strong></span> <span class='ocrx_word' id='word_1_65' title='bbox 264 1203 355 1268; x_wconf 84' lang='lat' dir='ltr'>Prior</span> <span class='ocrx_word' id='word_1_66' title='bbox 385 1208 511 1268; x_wconf 87' lang='lat' dir='ltr'>tantnm</span> <span class='ocrx_word' id='word_1_67' title='bbox 541 1201 733 1291; x_wconf 79' lang='lat' dir='ltr'>significatio</span> <span class='ocrx_word' id='word_1_68' title='bbox 757 1208 788 1267; x_wconf 90' lang='lat' dir='ltr'>et</span> <span class='ocrx_word' id='word_1_69' title='bbox 811 1210 898 1267; x_wconf 85' lang='lat' dir='ltr'>recta</span> <span class='ocrx_word' id='word_1_70' title='bbox 922 1214 968 1267; x_wconf 91' lang='lat' dir='ltr'>est</span> <span class='ocrx_word' id='word_1_71' title='bbox 992 1208 1024 1267; x_wconf 94' lang='lat' dir='ltr'>et</span> <span class='ocrx_word' id='word_1_72' title='bbox 1047 1205 1080 1266; x_wconf 93' lang='lat' dir='ltr'>in</span> <span class='ocrx_word' id='word_1_73' title='bbox 1103 1203 1237 1269; x_wconf 89' lang='lat' dir='ltr'>alterum</span> <span class='ocrx_word' id='word_1_74' title='bbox 1262 1225 1337 1289; x_wconf 92' lang='lat' dir='ltr'>quo·</span> 
     </span>
     <span class='ocr_line' id='line_1_10' title="bbox 145 1307 1338 1396; baseline -0.001 -22"><span class='ocrx_word' id='word_1_75' title='bbox 145 1331 209 1396; x_wconf 91' lang='lat' dir='ltr'>que</span> <span class='ocrx_word' id='word_1_76' title='bbox 234 1307 393 1395; x_wconf 83' lang='lat' dir='ltr'>Odysseae</span> <span class='ocrx_word' id='word_1_77' title='bbox 416 1308 544 1386; x_wconf 84' lang='lat' dir='ltr'>locum,</span> <span class='ocrx_word' id='word_1_78' title='bbox 569 1330 630 1393; x_wconf 88' lang='lat' dir='ltr'>quo</span> <span class='ocrx_word' id='word_1_79' title='bbox 655 1308 769 1386; x_wconf 87' lang='grc' dir='ltr'><strong><em>οίκήριοι</em></strong></span> <span class='ocrx_word' id='word_1_80' title='bbox 795 1310 932 1372; x_wconf 88' lang='lat' dir='ltr'>occurrit</span> <span class='ocrx_word' id='word_1_81' title='bbox 954 1310 992 1392; x_wconf 87' lang='grc' dir='ltr'><strong><em>(μ</em></strong></span> <span class='ocrx_word' id='word_1_82' title='bbox 1013 1308 1066 1380; x_wconf 83' lang='grc'><strong><em>98,</em></strong></span> <span class='ocrx_word' id='word_1_83' title='bbox 1088 1311 1144 1374; x_wconf 91' lang='lat' dir='ltr'>ubi</span> <span class='ocrx_word' id='word_1_84' title='bbox 1164 1309 1243 1375; x_wconf 88' lang='lat' dir='ltr'>HV:</span> <span class='ocrx_word' id='word_1_85' title='bbox 1264 1313 1338 1384; x_wconf 84' lang='grc' dir='ltr'><strong><em>οίκή-</em></strong></span> 
     </span>
     <span class='ocr_line' id='line_1_11' title="bbox 143 1412 1338 1502; baseline 0.002 -22"><span class='ocrx_word' id='word_1_86' title='bbox 143 1438 218 1495; x_wconf 87' lang='grc' dir='ltr'><strong><em>ριοι·</em></strong></span> <span class='ocrx_word' id='word_1_87' title='bbox 255 1415 435 1493; x_wconf 82' lang='grc' dir='ltr'><strong><em>ιίβλαβεῑς,</em></strong></span> <span class='ocrx_word' id='word_1_88' title='bbox 471 1414 544 1480; x_wconf 82' lang='grc' dir='ltr'><strong><em>ιἰνευ</em></strong></span> <span class='ocrx_word' id='word_1_89' title='bbox 581 1415 688 1493; x_wconf 82' lang='grc' dir='ltr'><strong><em>ακρίς,</em></strong></span> <span class='ocrx_word' id='word_1_90' title='bbox 725 1412 742 1479; x_wconf 77' lang='grc' dir='ltr'><em>ὅ</em></span> <span class='ocrx_word' id='word_1_91' title='bbox 776 1415 841 1479; x_wconf 83' lang='grc' dir='ltr'><strong><em>ἐστι</em></strong></span> <span class='ocrx_word' id='word_1_92' title='bbox 877 1417 1023 1499; x_wconf 72' lang='grc' dir='ltr'><strong><em>θανάτου)</em></strong></span> <span class='ocrx_word' id='word_1_93' title='bbox 1062 1419 1153 1480; x_wconf 88' lang='lat' dir='ltr'>unice</span> <span class='ocrx_word' id='word_1_94' title='bbox 1188 1417 1338 1502; x_wconf 79' lang='lat' dir='ltr'>quadrat3</span> 
     </span>
     <span class='ocr_line' id='line_1_12' title="bbox 145 1521 1410 1606; baseline -0.002 -16"><span class='ocrx_word' id='word_1_95' title='bbox 145 1524 252 1590; x_wconf 80' lang='lat' dir='ltr'>versio</span> <span class='ocrx_word' id='word_1_96' title='bbox 283 1523 419 1594; x_wconf 72' lang='grc' dir='ltr'>ἀσθενεῖς</span> <span class='ocrx_word' id='word_1_97' title='bbox 449 1525 481 1587; x_wconf 91' lang='lat' dir='ltr'>in</span> <span class='ocrx_word' id='word_1_98' title='bbox 512 1521 612 1588; x_wconf 89' lang='lat' dir='ltr'>lliede</span> <span class='ocrx_word' id='word_1_99' title='bbox 638 1521 704 1588; x_wconf 86' lang='lat' dir='ltr'>sola</span> <span class='ocrx_word' id='word_1_100' title='bbox 727 1521 831 1586; x_wconf 89' lang='lat' dir='ltr'>locum</span> <span class='ocrx_word' id='word_1_101' title='bbox 858 1521 992 1595; x_wconf 87' lang='lat' dir='ltr'>obtinet,</span> <span class='ocrx_word' id='word_1_102' title='bbox 1020 1524 1227 1606; x_wconf 84' lang='lat' dir='ltr'>quamobrem</span> <span class='ocrx_word' id='word_1_103' title='bbox 1252 1525 1339 1589; x_wconf 87' lang='lat' dir='ltr'>fuere</span> <span class='ocrx_word' id='word_1_104' title='bbox 1409 1559 1410 1563; x_wconf 59' lang='lat'><em>=</em></span> 
     </span>
     <span class='ocr_line' id='line_1_13' title="bbox 145 1627 1339 1718; baseline 0.001 -23"><span class='ocrx_word' id='word_1_105' title='bbox 145 1635 231 1696; x_wconf 87' lang='lat' dir='ltr'>inter</span> <span class='ocrx_word' id='word_1_106' title='bbox 250 1632 457 1704; x_wconf 85' lang='lat' dir='ltr'>recentiores,</span> <span class='ocrx_word' id='word_1_107' title='bbox 479 1631 534 1713; x_wconf 92' lang='lat' dir='ltr'>qui</span> <span class='ocrx_word' id='word_1_108' title='bbox 555 1629 713 1694; x_wconf 87' lang='lat' dir='ltr'>adiectivs</span> <span class='ocrx_word' id='word_1_109' title='bbox 733 1628 810 1693; x_wconf 91' lang='lat' dir='ltr'>haee</span> <span class='ocrx_word' id='word_1_110' title='bbox 824 1627 1139 1718; x_wconf 82' lang='lat' dir='ltr'>rectedisiunxerint,</span> <span class='ocrx_word' id='word_1_111' title='bbox 1153 1630 1339 1695; x_wconf 79' lang='lat' dir='ltr'>stulterum</span> 
     </span>
     <span class='ocr_line' id='line_1_14' title="bbox 146 1728 1339 1814; baseline -0.006 -11"><span class='ocrx_word' id='word_1_112' title='bbox 146 1757 167 1803; x_wconf 88' lang='lat' dir='ltr'>a</span> <span class='ocrx_word' id='word_1_113' title='bbox 191 1736 247 1814; x_wconf 87' lang='grc' dir='ltr'><strong><em>κήρ</em></strong></span> <span class='ocrx_word' id='word_1_114' title='bbox 271 1733 446 1801; x_wconf 79' lang='lat' dir='ltr'>formatum</span> <span class='ocrx_word' id='word_1_115' title='bbox 469 1737 531 1810; x_wconf 92' lang='lat' dir='ltr'>sit,</span> <span class='ocrx_word' id='word_1_116' title='bbox 557 1734 695 1800; x_wconf 79' lang='lat' dir='ltr'>aiterum</span> <span class='ocrx_word' id='word_1_117' title='bbox 718 1754 738 1798; x_wconf 84' lang='lat' dir='ltr'>a</span> <span class='ocrx_word' id='word_1_118' title='bbox 760 1741 823 1814; x_wconf 82' lang='grc' dir='ltr'><strong><em>κήρ.</em></strong></span> <span class='ocrx_word' id='word_1_119' title='bbox 1330 1728 1339 1738; x_wconf 72' lang='grc'>”</span> 
     </span>
    </p>
   </div>
   <div class='ocr_carea' id='block_1_4' title="bbox 196 1945 1454 2036">
    <p class='ocr_par' dir='ltr' id='par_1_4' title="bbox 196 1945 1454 2036">
     <span class='ocr_line' id='line_1_15' title="bbox 196 1945 1454 2036; baseline 0.001 -25"><span class='ocrx_word' id='word_1_120' title='bbox 196 1972 235 2023; x_wconf 87' lang='grc' dir='ltr'><strong><em>ω,</em></strong></span> <span class='ocrx_word' id='word_1_121' title='bbox 263 1945 293 2012; x_wconf 90' lang='grc'>1.</span> <span class='ocrx_word' id='word_1_122' title='bbox 340 1947 377 2011; x_wconf 89' lang='lat' dir='ltr'>ln</span> <span class='ocrx_word' id='word_1_123' title='bbox 400 1949 502 2014; x_wconf 87' lang='lat' dir='ltr'>fronte</span> <span class='ocrx_word' id='word_1_124' title='bbox 526 1949 635 2014; x_wconf 88' lang='lat' dir='ltr'>ultimi</span> <span class='ocrx_word' id='word_1_125' title='bbox 659 1948 818 2036; x_wconf 80' lang='lat' dir='ltr'>Odysseae</span> <span class='ocrx_word' id='word_1_126' title='bbox 842 1949 917 2013; x_wconf 86' lang='lat' dir='ltr'>libri</span> <span class='ocrx_word' id='word_1_127' title='bbox 941 1950 1018 2014; x_wconf 88' lang='lat' dir='ltr'>haee</span> <span class='ocrx_word' id='word_1_128' title='bbox 1041 1950 1198 2035; x_wconf 83' lang='lat' dir='ltr'>adscripta</span> <span class='ocrx_word' id='word_1_129' title='bbox 1223 1951 1340 2015; x_wconf 90' lang='lat' dir='ltr'>habent</span> <span class='ocrx_word' id='word_1_130' title='bbox 1452 1949 1454 1954; x_wconf 81' lang='grc'><strong>’</strong></span> 
     </span>
    </p>
   </div>
   <div class='ocr_carea' id='block_1_5' title="bbox 143 2051 1376 4169">
    <p class='ocr_par' dir='ltr' id='par_1_5' title="bbox 143 2051 1376 4169">
     <span class='ocr_line' id='line_1_16' title="bbox 147 2051 1341 2136; baseline 0.002 -18"><span class='ocrx_word' id='word_1_131' title='bbox 147 2051 232 2118; x_wconf 79' lang='lat' dir='ltr'>MV:</span> <span class='ocrx_word' id='word_1_132' title='bbox 268 2055 475 2136; x_wconf 80' lang='grc' dir='ltr'><strong><em>Ἀρίσταρχος</em></strong></span> <span class='ocrx_word' id='word_1_133' title='bbox 506 2057 611 2120; x_wconf 68' lang='lat' dir='ltr'>dissei</span> <span class='ocrx_word' id='word_1_134' title='bbox 632 2059 686 2129; x_wconf 86' lang='grc' dir='ltr'>τήν</span> <span class='ocrx_word' id='word_1_135' title='bbox 711 2056 844 2120; x_wconf 76' lang='grc' dir='ltr'><strong><em>Νέκυιαν</em></strong></span> <span class='ocrx_word' id='word_1_136' title='bbox 868 2057 1051 2136; x_wconf 71' lang='grc' dir='ltr'><strong><em>κεφαλαίοις</em></strong></span> <span class='ocrx_word' id='word_1_137' title='bbox 1077 2065 1138 2127; x_wconf 81' lang='grc' dir='ltr'><strong><em>τοῖς</em></strong></span> <span class='ocrx_word' id='word_1_138' title='bbox 1164 2080 1341 2120; x_wconf 85' lang='grc' dir='ltr'><strong><em>συνεκτικω-</em></strong></span> 
     </span>
     <span class='ocr_line' id='line_1_17' title="bbox 147 2157 1339 2242; baseline 0.004 -19"><span class='ocrx_word' id='word_1_139' title='bbox 147 2158 258 2225; x_wconf 83' lang='grc' dir='ltr'><strong><em>τρίτοις</em></strong></span> <span class='ocrx_word' id='word_1_140' title='bbox 289 2161 406 2231; x_wconf 70' lang='lat' dir='ltr'>coicis·</span> <span class='ocrx_word' id='word_1_141' title='bbox 441 2157 485 2225; x_wconf 76' lang='grc' dir='ltr'>ὅτι</span> <span class='ocrx_word' id='word_1_142' title='bbox 517 2165 571 2226; x_wconf 81' lang='grc' dir='ltr'><strong><em>οὐκ</em></strong></span> <span class='ocrx_word' id='word_1_143' title='bbox 600 2163 666 2227; x_wconf 80' lang='grc' dir='ltr'><strong><em>ἔστι</em></strong></span> <span class='ocrx_word' id='word_1_144' title='bbox 691 2165 758 2227; x_wconf 74' lang='grc' dir='ltr'><strong><em>καθ’</em></strong></span> <span class='ocrx_word' id='word_1_145' title='bbox 780 2161 916 2241; x_wconf 76' lang='grc' dir='ltr'><strong><em>Ὅμηρον</em></strong></span> <span class='ocrx_word' id='word_1_146' title='bbox 940 2165 1152 2242; x_wconf 74' lang='grc' dir='ltr'><strong><em>ψυχοπομπὸς</em></strong></span> <span class='ocrx_word' id='word_1_147' title='bbox 1176 2165 1190 2228; x_wconf 78' lang='grc' dir='ltr'><em>ὃ</em></span> <span class='ocrx_word' id='word_1_148' title='bbox 1214 2167 1339 2242; x_wconf 75' lang='grc' dir='ltr'><strong><em>Ἑρμῆς.</em></strong></span> 
     </span>
     <span class='ocr_line' id='line_1_18' title="bbox 148 2265 1340 2346; baseline 0.005 -16"><span class='ocrx_word' id='word_1_149' title='bbox 148 2265 218 2330; x_wconf 75' lang='grc' dir='ltr'><strong><em>οὐδὲ</em></strong></span> <span class='ocrx_word' id='word_1_150' title='bbox 253 2266 304 2329; x_wconf 79' lang='grc' dir='ltr'>τὸν</span> <span class='ocrx_word' id='word_1_151' title='bbox 336 2266 522 2333; x_wconf 82' lang='grc' dir='ltr'><strong><em>Ἀπόλλωνα</em></strong></span> <span class='ocrx_word' id='word_1_152' title='bbox 553 2315 650 2333; x_wconf 88' lang='grc'><strong>.....</strong></span> <span class='ocrx_word' id='word_1_153' title='bbox 677 2270 726 2333; x_wconf 84' lang='grc' dir='ltr'>ἐπί</span> <span class='ocrx_word' id='word_1_154' title='bbox 752 2277 806 2344; x_wconf 85' lang='grc' dir='ltr'>τής</span> <span class='ocrx_word' id='word_1_155' title='bbox 832 2279 997 2345; x_wconf 82' lang='grc' dir='ltr'><strong><em>πυκτικής,</em></strong></span> <span class='ocrx_word' id='word_1_156' title='bbox 1023 2271 1047 2333; x_wconf 84' lang='grc' dir='ltr'>εί</span> <span class='ocrx_word' id='word_1_157' title='bbox 1072 2274 1116 2344; x_wconf 83' lang='grc' dir='ltr'><strong><em>μή</em></strong></span> <span class='ocrx_word' id='word_1_158' title='bbox 1140 2269 1241 2346; x_wconf 63' lang='lat' dir='ltr'>deae.</span> <span class='ocrx_word' id='word_1_159' title='bbox 1265 2274 1340 2336; x_wconf 73' lang='grc' dir='ltr'><strong><em>αλλ’</em></strong></span> 
     </span>
     <span class='ocr_line' id='line_1_19' title="bbox 148 2370 1337 2457; baseline 0.004 -21"><span class='ocrx_word' id='word_1_160' title='bbox 148 2370 219 2436; x_wconf 74' lang='grc' dir='ltr'>οὐδὲ</span> <span class='ocrx_word' id='word_1_161' title='bbox 241 2373 358 2450; x_wconf 75' lang='grc' dir='ltr'><strong><em>χθόνιος</em></strong></span> <span class='ocrx_word' id='word_1_162' title='bbox 383 2374 397 2436; x_wconf 83' lang='grc' dir='ltr'><strong><em>ί</em></strong></span> <span class='ocrx_word' id='word_1_163' title='bbox 422 2374 494 2444; x_wconf 78' lang='grc' dir='ltr'><strong><em>θεός.</em></strong></span> <span class='ocrx_word' id='word_1_164' title='bbox 521 2378 574 2439; x_wconf 86' lang='grc' dir='ltr'><strong><em>οὐκ</em></strong></span> <span class='ocrx_word' id='word_1_165' title='bbox 598 2374 703 2446; x_wconf 77' lang='grc' dir='ltr'><strong><em>εὐθέως</em></strong></span> <span class='ocrx_word' id='word_1_166' title='bbox 727 2377 740 2440; x_wconf 79' lang='grc' dir='ltr'>ὁ</span> <span class='ocrx_word' id='word_1_167' title='bbox 765 2376 807 2447; x_wconf 84' lang='grc' dir='ltr'>είς</span> <span class='ocrx_word' id='word_1_168' title='bbox 829 2373 934 2440; x_wconf 69' lang='grc' dir='ltr'><strong><em>Ἅιδου</em></strong></span> <span class='ocrx_word' id='word_1_169' title='bbox 955 2380 1108 2442; x_wconf 73' lang='grc' dir='ltr'><strong><em>κατελθὼν</em></strong></span> <span class='ocrx_word' id='word_1_170' title='bbox 1127 2378 1256 2457; x_wconf 73' lang='grc' dir='ltr'><strong><em>χθόνιος,</em></strong></span> <span class='ocrx_word' id='word_1_171' title='bbox 1271 2378 1337 2442; x_wconf 83' lang='grc' dir='ltr'><strong><em>ἐπεί</em></strong></span> 
     </span>
     <span class='ocr_line' id='line_1_20' title="bbox 149 2478 1338 2559; baseline 0.005 -17"><span class='ocrx_word' id='word_1_172' title='bbox 149 2479 204 2542; x_wconf 87' lang='grc' dir='ltr'>καί</span> <span class='ocrx_word' id='word_1_173' title='bbox 237 2479 350 2553; x_wconf 62' lang='lat' dir='ltr'>’Ainea</span> <span class='ocrx_word' id='word_1_174' title='bbox 382 2478 418 2543; x_wconf 77' lang='grc' dir='ltr'>δι’</span> <span class='ocrx_word' id='word_1_175' title='bbox 453 2481 630 2558; x_wconf 85' lang='grc' dir='ltr'><strong><em>Ἡρακλέα,</em></strong></span> <span class='ocrx_word' id='word_1_176' title='bbox 660 2484 712 2546; x_wconf 83' lang='grc' dir='ltr'>καί</span> <span class='ocrx_word' id='word_1_177' title='bbox 738 2484 752 2548; x_wconf 84' lang='lat' dir='ltr'>d</span> <span class='ocrx_word' id='word_1_178' title='bbox 774 2482 882 2556; x_wconf 67' lang='lat' dir='ltr'>“Asine</span> <span class='ocrx_word' id='word_1_179' title='bbox 906 2483 1093 2559; x_wconf 81' lang='grc' dir='ltr'><strong><em>Ὀλύμπιος.</em></strong></span> <span class='ocrx_word' id='word_1_180' title='bbox 1118 2485 1283 2558; x_wconf 72' lang='grc' dir='ltr'><strong><em>Κυλλήνιος</em></strong></span> <span class='ocrx_word' id='word_1_181' title='bbox 1306 2484 1338 2548; x_wconf 73' lang='grc' dir='ltr'>δὲ</span> 
     </span>
     <span class='ocr_line' id='line_1_21' title="bbox 148 2584 1339 2673; baseline 0.004 -23"><span class='ocrx_word' id='word_1_182' title='bbox 148 2584 286 2662; x_wconf 74' lang='grc' dir='ltr'><strong><em>οὐδαμοῦ</em></strong></span> <span class='ocrx_word' id='word_1_183' title='bbox 320 2585 435 2665; x_wconf 83' lang='grc' dir='ltr'><strong><em>είρκται</em></strong></span> <span class='ocrx_word' id='word_1_184' title='bbox 472 2588 489 2662; x_wconf 87' lang='grc' dir='ltr'><strong><em>ή</em></strong></span> <span class='ocrx_word' id='word_1_185' title='bbox 525 2585 624 2666; x_wconf 77' lang='grc' dir='ltr'><strong><em>οίπαξ.</em></strong></span> <span class='ocrx_word' id='word_1_186' title='bbox 663 2591 716 2654; x_wconf 84' lang='grc' dir='ltr'><strong><em>οὐκ</em></strong></span> <span class='ocrx_word' id='word_1_187' title='bbox 750 2586 805 2664; x_wconf 77' lang='grc' dir='ltr'>ἔξω</span> <span class='ocrx_word' id='word_1_188' title='bbox 840 2589 952 2671; x_wconf 72' lang='grc' dir='ltr'><strong><em>λίνου,</em></strong></span> <span class='ocrx_word' id='word_1_189' title='bbox 985 2589 1036 2653; x_wconf 87' lang='grc' dir='ltr'>καί</span> <span class='ocrx_word' id='word_1_190' title='bbox 1061 2596 1174 2673; x_wconf 81' lang='grc' dir='ltr'><strong><em>σῶκος,</em></strong></span> <span class='ocrx_word' id='word_1_191' title='bbox 1200 2591 1251 2654; x_wconf 88' lang='grc' dir='ltr'>καί</span> <span class='ocrx_word' id='word_1_192' title='bbox 1277 2590 1339 2663; x_wconf 89' lang='grc' dir='ltr'>ήιός</span> 
     </span>
     <span class='ocr_line' id='line_1_22' title="bbox 149 2690 1338 2777; baseline 0.001 -20"><span class='ocrx_word' id='word_1_193' title='bbox 149 2690 325 2757; x_wconf 72' lang='grc' dir='ltr'><strong><em>Ἀπόλλων.</em></strong></span> <span class='ocrx_word' id='word_1_194' title='bbox 358 2693 447 2759; x_wconf 75' lang='grc' dir='ltr'><strong><em>οίλλοὶ</em></strong></span> <span class='ocrx_word' id='word_1_195' title='bbox 480 2701 542 2766; x_wconf 81' lang='grc' dir='ltr'>πῶς</span> <span class='ocrx_word' id='word_1_196' title='bbox 581 2697 613 2759; x_wconf 89' lang='grc' dir='ltr'><strong><em>αί</em></strong></span> <span class='ocrx_word' id='word_1_197' title='bbox 645 2697 751 2777; x_wconf 73' lang='grc' dir='ltr'><strong><em>ψυχαί</em></strong></span> <span class='ocrx_word' id='word_1_198' title='bbox 777 2698 829 2760; x_wconf 84' lang='grc' dir='ltr'><strong><em>οὐκ</em></strong></span> <span class='ocrx_word' id='word_1_199' title='bbox 854 2697 1032 2771; x_wconf 78' lang='grc' dir='ltr'><strong><em>αὐτόμαται</em></strong></span> <span class='ocrx_word' id='word_1_200' title='bbox 1058 2698 1224 2770; x_wconf 88' lang='grc' dir='ltr'><strong><em>κατίασιν,</em></strong></span> <span class='ocrx_word' id='word_1_201' title='bbox 1248 2699 1287 2770; x_wconf 78' lang='grc' dir='ltr'>ὥς</span> <span class='ocrx_word' id='word_1_202' title='bbox 1308 2698 1338 2760; x_wconf 78' lang='grc' dir='ltr'>ἐν</span> 
     </span>
     <span class='ocr_line' id='line_1_23' title="bbox 143 2797 1337 2881; baseline 0.004 -18"><span class='ocrx_word' id='word_1_203' title='bbox 143 2797 279 2875; x_wconf 71' lang='grc' dir='ltr'><strong><em>”Ιλιοίδι;</em></strong></span> <span class='ocrx_word' id='word_1_204' title='bbox 304 2800 385 2865; x_wconf 72' lang='grc' dir='ltr'><strong><em>οὐδὲν</em></strong></span> <span class='ocrx_word' id='word_1_205' title='bbox 408 2804 517 2866; x_wconf 79' lang='grc' dir='ltr'><strong><em>κωλύει</em></strong></span> <span class='ocrx_word' id='word_1_206' title='bbox 543 2802 595 2866; x_wconf 86' lang='grc' dir='ltr'>καί</span> <span class='ocrx_word' id='word_1_207' title='bbox 619 2801 882 2881; x_wconf 71' lang='grc' dir='ltr'><strong><em>παραπέμποντος</em></strong></span> <span class='ocrx_word' id='word_1_208' title='bbox 909 2802 1010 2876; x_wconf 85' lang='grc' dir='ltr'><strong><em>αὖτοίς</em></strong></span> <span class='ocrx_word' id='word_1_209' title='bbox 1033 2826 1124 2877; x_wconf 86' lang='grc' dir='ltr'><strong><em>τινος.</em></strong></span> <span class='ocrx_word' id='word_1_210' title='bbox 1149 2805 1223 2868; x_wconf 73' lang='grc' dir='ltr'><strong><em>αλλ’</em></strong></span> <span class='ocrx_word' id='word_1_211' title='bbox 1242 2801 1337 2869; x_wconf 81' lang='grc' dir='ltr'><strong><em>αὗται</em></strong></span> 
     </span>
     <span class='ocr_line' id='line_1_24' title="bbox 151 2903 1339 2990; baseline 0.006 -21"><span class='ocrx_word' id='word_1_212' title='bbox 151 2905 205 2969; x_wconf 86' lang='grc' dir='ltr'>καί</span> <span class='ocrx_word' id='word_1_213' title='bbox 237 2903 357 2987; x_wconf 76' lang='grc' dir='ltr'><strong><em>ἄταφοι</em></strong></span> <span class='ocrx_word' id='word_1_214' title='bbox 386 2907 540 2973; x_wconf 87' lang='grc' dir='ltr'><strong><em>κατίασιν.</em></strong></span> <span class='ocrx_word' id='word_1_215' title='bbox 573 2907 641 2981; x_wconf 79' lang='grc' dir='ltr'><strong><em>ἴσως</em></strong></span> <span class='ocrx_word' id='word_1_216' title='bbox 673 2909 724 2974; x_wconf 71' lang='lat' dir='ltr'>bd</span> <span class='ocrx_word' id='word_1_217' title='bbox 759 2933 788 2972; x_wconf 83' lang='grc' dir='ltr'>τι</span> <span class='ocrx_word' id='word_1_218' title='bbox 821 2908 998 2989; x_wconf 82' lang='grc' dir='ltr'><strong><em>καίοίροιον,</em></strong></span> <span class='ocrx_word' id='word_1_219' title='bbox 1031 2912 1047 2984; x_wconf 85' lang='grc' dir='ltr'><strong><em>ή</em></strong></span> <span class='ocrx_word' id='word_1_220' title='bbox 1072 2910 1124 2975; x_wconf 72' lang='grc' dir='ltr'>διὰ</span> <span class='ocrx_word' id='word_1_221' title='bbox 1147 2911 1202 2984; x_wconf 85' lang='grc' dir='ltr'>τήν</span> <span class='ocrx_word' id='word_1_222' title='bbox 1226 2914 1339 2990; x_wconf 82' lang='grc' dir='ltr'><strong><em>Ἑρμοῦ</em></strong></span> 
     </span>
     <span class='ocr_line' id='line_1_25' title="bbox 151 3012 1342 3093; baseline 0.006 -16"><span class='ocrx_word' id='word_1_223' title='bbox 151 3012 292 3092; x_wconf 77' lang='grc' dir='ltr'><strong><em>πρόνοιαν</em></strong></span> <span class='ocrx_word' id='word_1_224' title='bbox 323 3013 486 3091; x_wconf 75' lang='grc' dir='ltr'><strong><em>κηδομένου</em></strong></span> <span class='ocrx_word' id='word_1_225' title='bbox 518 3021 570 3080; x_wconf 83' lang='grc' dir='ltr'>τοῦ</span> <span class='ocrx_word' id='word_1_226' title='bbox 604 3014 778 3087; x_wconf 75' lang='grc' dir='ltr'><strong><em>Ὀδυσσέως</em></strong></span> <span class='ocrx_word' id='word_1_227' title='bbox 804 3015 854 3079; x_wconf 76' lang='grc' dir='ltr'><strong><em>δια</em></strong></span> <span class='ocrx_word' id='word_1_228' title='bbox 878 3019 932 3091; x_wconf 82' lang='grc' dir='ltr'>τήν</span> <span class='ocrx_word' id='word_1_229' title='bbox 957 3015 1151 3093; x_wconf 72' lang='grc' dir='ltr'><strong><em>συγγένειαν.</em></strong></span> <span class='ocrx_word' id='word_1_230' title='bbox 1177 3021 1252 3081; x_wconf 75' lang='grc' dir='ltr'><strong><em>αλλ’</em></strong></span> <span class='ocrx_word' id='word_1_231' title='bbox 1277 3019 1342 3085; x_wconf 75' lang='grc' dir='ltr'>οὐδὲ</span> 
     </span>
     <span class='ocr_line' id='line_1_26' title="bbox 152 3117 1340 3206; baseline 0.003 -21"><span class='ocrx_word' id='word_1_232' title='bbox 152 3119 247 3185; x_wconf 76' lang='grc' dir='ltr'><strong><em>ἔοικεν</em></strong></span> <span class='ocrx_word' id='word_1_233' title='bbox 271 3121 312 3191; x_wconf 85' lang='grc' dir='ltr'>είς</span> <span class='ocrx_word' id='word_1_234' title='bbox 335 3117 440 3185; x_wconf 70' lang='lat' dir='ltr'>‘Arion</span> <span class='ocrx_word' id='word_1_235' title='bbox 464 3123 574 3195; x_wconf 82' lang='grc' dir='ltr'><strong><em>λευκήν</em></strong></span> <span class='ocrx_word' id='word_1_236' title='bbox 594 3118 673 3186; x_wconf 80' lang='grc' dir='ltr'><strong><em>εἶναι</em></strong></span> <span class='ocrx_word' id='word_1_237' title='bbox 698 3122 812 3202; x_wconf 83' lang='grc' dir='ltr'><strong><em>πέτραν</em></strong></span> <span class='ocrx_word' id='word_1_238' title='bbox 836 3123 896 3206; x_wconf 81' lang='lat' dir='ltr'>(vs.</span> <span class='ocrx_word' id='word_1_239' title='bbox 914 3123 980 3206; x_wconf 90' lang='lat'>11).</span> <span class='ocrx_word' id='word_1_240' title='bbox 1004 3122 1047 3187; x_wconf 75' lang='grc' dir='ltr'>τοὶ</span> <span class='ocrx_word' id='word_1_241' title='bbox 1066 3124 1137 3202; x_wconf 76' lang='grc' dir='ltr'><strong><em>πρὸς</em></strong></span> <span class='ocrx_word' id='word_1_242' title='bbox 1157 3124 1340 3203; x_wconf 81' lang='grc' dir='ltr'><strong><em>τήνήμέραν</em></strong></span> 
     </span>
     <span class='ocr_line' id='line_1_27' title="bbox 153 3227 1339 3309; baseline 0.003 -18"><span class='ocrx_word' id='word_1_243' title='bbox 153 3227 356 3305; x_wconf 74' lang='grc' dir='ltr'><strong><em>ἐστραμμένα</em></strong></span> <span class='ocrx_word' id='word_1_244' title='bbox 388 3228 483 3303; x_wconf 78' lang='grc' dir='ltr'><strong><em>αὐτῆς</em></strong></span> <span class='ocrx_word' id='word_1_245' title='bbox 516 3232 723 3306; x_wconf 85' lang='grc' dir='ltr'><strong><em>λευκαίνεται.</em></strong></span> <span class='ocrx_word' id='word_1_246' title='bbox 758 3227 880 3308; x_wconf 85' lang='grc' dir='ltr'><strong><em>ι’ίκαιρος</em></strong></span> <span class='ocrx_word' id='word_1_247' title='bbox 911 3229 941 3293; x_wconf 77' lang='grc' dir='ltr'>δὲ</span> <span class='ocrx_word' id='word_1_248' title='bbox 972 3231 1024 3293; x_wconf 89' lang='grc' dir='ltr'>καί</span> <span class='ocrx_word' id='word_1_249' title='bbox 1050 3231 1067 3304; x_wconf 90' lang='grc' dir='ltr'><strong><em>ή</em></strong></span> <span class='ocrx_word' id='word_1_250' title='bbox 1090 3230 1263 3309; x_wconf 75' lang='grc' dir='ltr'><strong><em>Ἀχιλλέως</em></strong></span> <span class='ocrx_word' id='word_1_251' title='bbox 1287 3233 1339 3296; x_wconf 90' lang='grc' dir='ltr'>καί</span> 
     </span>
     <span class='ocr_line' id='line_1_28' title="bbox 155 3331 1342 3424; baseline 0.003 -26"><span class='ocrx_word' id='word_1_252' title='bbox 155 3331 393 3411; x_wconf 74' lang='grc' dir='ltr'><strong><em>Ἀγαμέμνονος</em></strong></span> <span class='ocrx_word' id='word_1_253' title='bbox 417 3335 541 3411; x_wconf 83' lang='grc' dir='ltr'><strong><em>ίμιλία·</em></strong></span> <span class='ocrx_word' id='word_1_254' title='bbox 567 3336 618 3400; x_wconf 86' lang='grc' dir='ltr'>καί</span> <span class='ocrx_word' id='word_1_255' title='bbox 644 3338 854 3413; x_wconf 78' lang='grc' dir='ltr'><strong><em>Ἀγαμέμνων</em></strong></span> <span class='ocrx_word' id='word_1_256' title='bbox 878 3338 931 3400; x_wconf 85' lang='grc' dir='ltr'><strong><em>οὐκ</em></strong></span> <span class='ocrx_word' id='word_1_257' title='bbox 954 3337 1071 3415; x_wconf 69' lang='grc' dir='ltr'><strong><em>ἀγείρει</em></strong></span> <span class='ocrx_word' id='word_1_258' title='bbox 1094 3340 1150 3412; x_wconf 86' lang='grc' dir='ltr'>τήν</span> <span class='ocrx_word' id='word_1_259' title='bbox 1166 3340 1342 3424; x_wconf 73' lang='grc' dir='ltr'><strong><em>στρατείαν,</em></strong></span> 
     </span>
     <span class='ocr_line' id='line_1_29' title="bbox 153 3441 1339 3524; baseline 0.002 -18"><span class='ocrx_word' id='word_1_260' title='bbox 153 3442 231 3507; x_wconf 71' lang='grc' dir='ltr'><strong><em>ἀλλ’</em></strong></span> <span class='ocrx_word' id='word_1_261' title='bbox 263 3442 276 3505; x_wconf 79' lang='grc' dir='ltr'>ὁ</span> <span class='ocrx_word' id='word_1_262' title='bbox 303 3441 439 3519; x_wconf 79' lang='grc' dir='ltr'><strong><em>Νέστωρ.</em></strong></span> <span class='ocrx_word' id='word_1_263' title='bbox 468 3445 611 3520; x_wconf 83' lang='grc' dir='ltr'><strong><em>εὐκαίρως</em></strong></span> <span class='ocrx_word' id='word_1_264' title='bbox 637 3445 811 3521; x_wconf 75' lang='grc' dir='ltr'><strong><em>σίναπλκροι·</em></strong></span> <span class='ocrx_word' id='word_1_265' title='bbox 832 3443 875 3506; x_wconf 80' lang='grc' dir='ltr'>τοὶ</span> <span class='ocrx_word' id='word_1_266' title='bbox 899 3444 1048 3521; x_wconf 81' lang='grc' dir='ltr'><strong><em>οὶλλαχοῡ</em></strong></span> <span class='ocrx_word' id='word_1_267' title='bbox 1073 3443 1339 3524; x_wconf 75' lang='grc' dir='ltr'><strong><em>παραλειφθέντα.</em></strong></span> 
     </span>
     <span class='ocr_line' id='line_1_30' title="bbox 153 3547 1341 3638; baseline 0.005 -25"><span class='ocrx_word' id='word_1_268' title='bbox 153 3547 244 3615; x_wconf 84' lang='lat' dir='ltr'>Haec</span> <span class='ocrx_word' id='word_1_269' title='bbox 274 3551 339 3613; x_wconf 89' lang='lat' dir='ltr'>iam</span> <span class='ocrx_word' id='word_1_270' title='bbox 372 3550 529 3634; x_wconf 85' lang='lat' dir='ltr'>exscripta</span> <span class='ocrx_word' id='word_1_271' title='bbox 559 3550 715 3616; x_wconf 88' lang='lat' dir='ltr'>sufficient</span> <span class='ocrx_word' id='word_1_272' title='bbox 747 3550 788 3616; x_wconf 86' lang='lat' dir='ltr'>ad</span> <span class='ocrx_word' id='word_1_273' title='bbox 811 3549 950 3615; x_wconf 89' lang='lat' dir='ltr'>indolem</span> <span class='ocrx_word' id='word_1_274' title='bbox 973 3550 1070 3615; x_wconf 89' lang='lat' dir='ltr'>huius</span> <span class='ocrx_word' id='word_1_275' title='bbox 1092 3551 1263 3638; x_wconf 82' lang='lat' dir='ltr'>fragmenti</span> <span class='ocrx_word' id='word_1_276' title='bbox 1287 3553 1341 3618; x_wconf 93' lang='lat' dir='ltr'>de·</span> 
     </span>
     <span class='ocr_line' id='line_1_31' title="bbox 154 3643 1340 3741; baseline 0.003 -21"><span class='ocrx_word' id='word_1_277' title='bbox 154 3643 357 3727; x_wconf 81' lang='lat' dir='ltr'>clarandst</span> <span class='ocrx_word' id='word_1_278' title='bbox 379 3675 474 3739; x_wconf 87' lang='lat' dir='ltr'>quam</span> <span class='ocrx_word' id='word_1_279' title='bbox 499 3659 618 3741; x_wconf 89' lang='lat' dir='ltr'>optime</span> <span class='ocrx_word' id='word_1_280' title='bbox 642 3663 674 3721; x_wconf 93' lang='lat' dir='ltr'>et</span> <span class='ocrx_word' id='word_1_281' title='bbox 697 3659 794 3721; x_wconf 90' lang='lat' dir='ltr'>sensit</span> <span class='ocrx_word' id='word_1_282' title='bbox 813 3657 891 3722; x_wconf 90' lang='lat' dir='ltr'>olim</span> <span class='ocrx_word' id='word_1_283' title='bbox 911 3662 943 3721; x_wconf 93' lang='lat' dir='ltr'>et</span> <span class='ocrx_word' id='word_1_284' title='bbox 963 3657 1113 3741; x_wconf 84' lang='lat' dir='ltr'>patefecit</span> <span class='ocrx_word' id='word_1_285' title='bbox 1124 3656 1340 3724; x_wconf 88' lang='lat' dir='ltr'>Buttmannus</span> 
     </span>
     <span class='ocr_line' id='line_1_32' title="bbox 154 3759 1339 3849; baseline 0.003 -24"><span class='ocrx_word' id='word_1_286' title='bbox 154 3762 219 3826; x_wconf 83' lang='lat' dir='ltr'>sic:</span> <span class='ocrx_word' id='word_1_287' title='bbox 244 3759 318 3837; x_wconf 84' lang='lat' dir='ltr'>„hic</span> <span class='ocrx_word' id='word_1_288' title='bbox 342 3765 374 3825; x_wconf 93' lang='lat' dir='ltr'>et</span> <span class='ocrx_word' id='word_1_289' title='bbox 396 3764 430 3825; x_wconf 89' lang='lat' dir='ltr'>in</span> <span class='ocrx_word' id='word_1_290' title='bbox 448 3763 687 3847; x_wconf 86' lang='lat' dir='ltr'>insequentibus</span> <span class='ocrx_word' id='word_1_291' title='bbox 705 3765 818 3847; x_wconf 89' lang='lat' dir='ltr'>cuique</span> <span class='ocrx_word' id='word_1_292' title='bbox 838 3761 1114 3828; x_wconf 83' lang='lat' dir='ltr'>Aristarchearum</span> <span class='ocrx_word' id='word_1_293' title='bbox 1128 3764 1339 3849; x_wconf 89' lang='lat' dir='ltr'>objectionum</span> 
     </span>
     <span class='ocr_line' id='line_1_33' title="bbox 154 3867 1342 3956; baseline 0.003 -24"><span class='ocrx_word' id='word_1_294' title='bbox 154 3869 315 3952; x_wconf 85' lang='lat' dir='ltr'>responsio</span> <span class='ocrx_word' id='word_1_295' title='bbox 345 3867 398 3932; x_wconf 80' lang='lat' dir='ltr'>uel</span> <span class='ocrx_word' id='word_1_296' title='bbox 428 3867 543 3934; x_wconf 89' lang='lat' dir='ltr'>solutio</span> <span class='ocrx_word' id='word_1_297' title='bbox 575 3870 742 3953; x_wconf 89' lang='lat' dir='ltr'>subjicitur</span> <span class='ocrx_word' id='word_1_298' title='bbox 774 3869 998 3946; x_wconf 82' lang='lat' dir='ltr'>brevissimis,&#39;&#39;</span> <span class='ocrx_word' id='word_1_299' title='bbox 1019 3869 1236 3956; x_wconf 88' lang='lat' dir='ltr'>habemusque</span> <span class='ocrx_word' id='word_1_300' title='bbox 1259 3874 1342 3937; x_wconf 87' lang='lat' dir='ltr'>eius-</span> 
     </span>
     <span class='ocr_line' id='line_1_34' title="bbox 155 3973 1341 4062; baseline 0.004 -23"><span class='ocrx_word' id='word_1_301' title='bbox 155 3975 229 4039; x_wconf 87' lang='lat' dir='ltr'>dem</span> <span class='ocrx_word' id='word_1_302' title='bbox 265 3973 357 4057; x_wconf 87' lang='lat' dir='ltr'>plaue</span> <span class='ocrx_word' id='word_1_303' title='bbox 392 3977 516 4061; x_wconf 81' lang='lat' dir='ltr'>generis</span> <span class='ocrx_word' id='word_1_304' title='bbox 551 3975 768 4062; x_wconf 79' lang='lat' dir='ltr'>fragmentum</span> <span class='ocrx_word' id='word_1_305' title='bbox 799 3995 895 4060; x_wconf 86' lang='lat' dir='ltr'>supra</span> <span class='ocrx_word' id='word_1_306' title='bbox 924 3976 963 4040; x_wconf 88' lang='lat' dir='ltr'>sd</span> <span class='ocrx_word' id='word_1_307' title='bbox 995 3974 1117 4055; x_wconf 84' lang='grc' dir='ltr'><strong><em>λ385,</em></strong></span> <span class='ocrx_word' id='word_1_308' title='bbox 1146 3977 1185 4041; x_wconf 92' lang='lat' dir='ltr'>de</span> <span class='ocrx_word' id='word_1_309' title='bbox 1215 3997 1278 4062; x_wconf 89' lang='lat' dir='ltr'>quo</span> <span class='ocrx_word' id='word_1_310' title='bbox 1308 3986 1341 4044; x_wconf 90' lang='lat' dir='ltr'>et</span> 
     </span>
     <span class='ocr_line' id='line_1_35' title="bbox 154 4078 1376 4169; baseline 0.004 -25"><span class='ocrx_word' id='word_1_311' title='bbox 154 4078 373 4145; x_wconf 83' lang='lat' dir='ltr'>Buttmannns</span> <span class='ocrx_word' id='word_1_312' title='bbox 392 4081 505 4146; x_wconf 90' lang='lat' dir='ltr'>itidem</span> <span class='ocrx_word' id='word_1_313' title='bbox 525 4081 702 4166; x_wconf 85' lang='lat' dir='ltr'>disputavit</span> <span class='ocrx_word' id='word_1_314' title='bbox 721 4086 753 4147; x_wconf 90' lang='lat' dir='ltr'>et</span> <span class='ocrx_word' id='word_1_315' title='bbox 771 4083 839 4166; x_wconf 92' lang='lat' dir='ltr'>ipse</span> <span class='ocrx_word' id='word_1_316' title='bbox 853 4083 906 4168; x_wconf 79' lang='lat' dir='ltr'>egi</span> <span class='ocrx_word' id='word_1_317' title='bbox 918 4084 951 4146; x_wconf 89' lang='lat' dir='ltr'>in</span> <span class='ocrx_word' id='word_1_318' title='bbox 963 4079 1141 4148; x_wconf 83' lang='lat' dir='ltr'>Observstt.</span> <span class='ocrx_word' id='word_1_319' title='bbox 1154 4105 1183 4167; x_wconf 93' lang='lat' dir='ltr'>p.</span> <span class='ocrx_word' id='word_1_320' title='bbox 1200 4081 1244 4148; x_wconf 82' lang='grc'>28</span> <span class='ocrx_word' id='word_1_321' title='bbox 1257 4104 1342 4169; x_wconf 90' lang='lat' dir='ltr'>seqq.</span> <span class='ocrx_word' id='word_1_322' title='bbox 1373 4080 1376 4085; x_wconf 76' lang='grc'><strong>’</strong></span> 
     </span>
    </p>
   </div>
   <div class='ocr_carea' id='block_1_6' title="bbox 160 4230 324 4242">
    <p class='ocr_par' dir='ltr' id='par_1_6' title="bbox 160 4230 324 4242">
     <span class='ocr_line' id='line_1_36' title="bbox 160 4230 324 4242; baseline -0.024 0"><span class='ocrx_word' id='word_1_323' title='bbox 160 4230 324 4242; x_wconf 63' lang='grc' dir='ltr'>..ι-.-</span> 
     </span>
    </p>
   </div>
   <div class='ocr_carea' id='block_1_7' title="bbox 192 4315 1258 4390">
    <p class='ocr_par' dir='ltr' id='par_1_7' title="bbox 192 4315 1258 4390">
     <span class='ocr_line' id='line_1_37' title="bbox 192 4315 1258 4390; baseline -0.008 -16"><span class='ocrx_word' id='word_1_324' title='bbox 192 4327 219 4390; x_wconf 87' lang='lat'>1)</span> <span class='ocrx_word' id='word_1_325' title='bbox 237 4326 267 4374; x_wconf 87' lang='lat' dir='ltr'>ln</span> <span class='ocrx_word' id='word_1_326' title='bbox 285 4328 364 4373; x_wconf 78' lang='lat' dir='ltr'>cetere</span> <span class='ocrx_word' id='word_1_327' title='bbox 380 4322 484 4373; x_wconf 83' lang='lat' dir='ltr'>editione</span> <span class='ocrx_word' id='word_1_328' title='bbox 503 4321 660 4385; x_wconf 75' lang='lat' dir='ltr'>Vuigetorem</span> <span class='ocrx_word' id='word_1_329' title='bbox 678 4324 724 4369; x_wconf 78' lang='lat' dir='ltr'>est:</span> <span class='ocrx_word' id='word_1_330' title='bbox 745 4317 818 4381; x_wconf 77' lang='grc' dir='ltr'><strong><em>χωρίς</em></strong></span> <span class='ocrx_word' id='word_1_331' title='bbox 838 4316 936 4380; x_wconf 84' lang='grc' dir='ltr'><strong><em>κήρυκος</em></strong></span> <span class='ocrx_word' id='word_1_332' title='bbox 954 4318 1034 4380; x_wconf 67' lang='lat' dir='ltr'>(sici),</span> <span class='ocrx_word' id='word_1_333' title='bbox 1054 4317 1128 4378; x_wconf 81' lang='grc' dir='ltr'><strong><em>χωρίς</em></strong></span> <span class='ocrx_word' id='word_1_334' title='bbox 1148 4315 1258 4367; x_wconf 59' lang='lat' dir='ltr'>insieco.</span> 
     </span>
    </p>
   </div>
   <div class='ocr_carea' id='block_1_8' title="bbox 0 0 1509 4950">
    <p class='ocr_par' dir='ltr' id='par_1_8' title="bbox 0 0 1509 4950">
     <span class='ocr_line' id='line_1_38' title="bbox 0 0 1509 4950; baseline 0 0"><span class='ocrx_word' id='word_1_335' title='bbox 0 0 1509 4950; x_wconf 95' lang='lat' dir='ltr'> </span> 
     </span>
    </p>
   </div>
  </div>
 </body>
</html>
