2978 4950
644 109 710 187 249

56 308 192 383 canda.
213 309 328 379 Ulixes
350 312 390 379 ad
413 311 573 379 Phaeaces
598 309 626 398 (θ
651 310 749 399 230):
774 309 875 376 οίοισιν
898 308 1029 374 δείδοικα
1050 304 1139 374 ποσίν
1162 307 1207 385 μῆ
1225 302 1273 376 τίς

56 448 100 502 ριε
146 419 282 500 capiate
304 418 325 506 ΙΙ
349 419 500 494 Φαιήκων.
534 418 584 484 Ad
605 439 684 503 quae
703 416 889 482 scholiasta:
909 417 940 479 ἐν
959 410 1002 488 cic
1022 423 1165 480 πτοεῖται
1180 414 1273 484 αὐτὸς

58 527 250 607 ῆττνιθῆναί
279 530 373 607 Φησιν
404 524 513 590 ἑαυτὸν
542 524 728 601 εὐδοκιμεῖν,
755 524 785 588 ἕν
810 517 852 595 τίς
876 522 907 588 δὲ
932 521 1018 586 αὐτοὶ
1044 527 1210 586 πεσοῦνται
1234 519 1273 590 ὥς

57 634 238 718 ίδόκιμοι,
270 631 364 721 αὐτίν
394 638 471 714 Φησι
498 633 542 710 μῆ
569 631 728 713 ὑπερέχειν
752 629 816 716 (Ε).
841 629 915 694 Iure
939 628 1135 694 Buttmanno
1158 626 1213 691 hic
1236 624 1275 690 de

56 741 169 810 vitio
197 738 354 817 suboluit,
385 742 420 804 in
451 758 526 806 vera
558 745 664 804 tamen
695 737 830 803 lectione
865 736 1000 801 eruenda
1036 737 1144 800 minus
1179 752 1277 818 quam

55 847 170 916 solet
207 845 344 911 feliciter
385 850 528 912 versato:
576 892 591 922 ,,
605 844 728 928 Mirus,
770 845 893 928 inquit,
932 864 1018 906 οοενι
1052 843 1124 905 haec
1158 839 1277 904 videtur

52 952 274 1045 pervertisse.
320 951 363 1017 lat
397 949 513 1017 ultima
544 951 673 1036 quidem
706 952 752 1016 sio
782 952 850 1014 siue
888 948 985 1014 dubio
1017 946 1154 1013 sananda
1186 944 1279 1011 αὑτίν

54 1070 184 1144 φησιν
216 1057 394 1139 θπερίχεινε
431 1061 537 1144 priora
569 1060 615 1122 sio
651 1059 799 1122 fortusse:
826 1094 867 1104 -
892 1055 997 1138 αὐτὸς,
1031 1054 1196 1131 ῆττηθῆναί
1219 1057 1279 1134 Φη-

55 1192 113 1234 τιν
169 1164 273 1230 ἑαυτὸν
306 1169 359 1230 τοῦ
392 1163 588 1238 εὐδοκιμεῖν.”
611 1162 736 1228 Ultima
759 1165 827 1228 sine
851 1160 919 1227 ullo
943 1162 1040 1227 dubio
1062 1167 1147 1227 reete
1170 1165 1280 1226 saneta

55 1272 213 1356 indito,
247 1273 308 1338 etsi
343 1291 437 1336 cauea
471 1273 583 1336 erroris
617 1291 674 1335 nec
709 1268 872 1334 intellecta
901 1289 958 1333 uec
980 1267 1153 1355 patefacta,
1177 1268 1282 1353 priora

57 1400 97 1447 au
106 1383 198 1441 tom
219 1378 283 1461 eic,
306 1382 344 1442 ut
366 1397 428 1462 quo
451 1397 544 1441 sensu
568 1377 758 1440 Buttmanni
779 1377 915 1439 mutatio
933 1375 1116 1460 accipienda
1134 1377 1178 1439 sit
1196 1393 1283 1460 pror·

59 1505 137 1553 sus
166 1503 223 1549 aon
243 1483 443 1570 intellegam,
466 1503 506 1547 ne
530 1489 600 1546 tum
625 1482 771 1566 quidem,
797 1483 823 1546 ei
849 1482 1013 1556 ἡττηθῆναι
1038 1483 1281 1556 arlebeccensis

62 1612 145 1679 pro
180 1595 230 1655 τοῦ
260 1591 430 1668 εὐδοκιμεῖν
461 1587 550 1653 ἕνεκα
580 1592 721 1674 accipere
743 1587 871 1672 liceret,
896 1587 980 1673 quod
1004 1598 1087 1653 certe
1111 1608 1173 1653 non
1196 1586 1282 1653 licet.

66 1697 100 1763 Si
150 1697 226 1781 quid
251 1697 361 1781 video,
384 1697 546 1761 restitutio
569 1693 632 1760 loci
656 1697 723 1760 sine
747 1697 959 1760 controversia
983 1697 1123 1780 corrupti
1143 1700 1175 1759 et
1196 1692 1285 1760 facil·

69 1801 176 1867 lima
195 1808 243 1869 est
267 1809 300 1868 et
322 1801 579 1869 evidentissima:
601 1804 630 1866 ἐν
652 1797 694 1872 οἷς
716 1809 858 1866 πτοεῖται
879 1801 972 1873 αὐτὸς
993 1802 1174 1878 ἡττηθῆναι,
1188 1801 1285 1882 Φησῖν

73 1906 201 1973 levale
236 1909 274 1996 (μ
285 1909 315 1995 i)
350 1906 539 1985 εὐδοκιμεῖν,
571 1908 602 1971 ἕν
633 1903 676 1977 οἷς
706 1908 737 1973 δὲ
761 1909 847 1971 αὐτοὶ
871 1912 1035 1972 πτοοῦνται
1061 1909 1098 1981 ὥς
1123 1906 1284 1992 εὐδόκιμοι,

75 2010 187 2078 acra
233 2021 330 2098 φησιν
377 2014 547 2094 ὑπερέχειν.
604 2013 697 2079 Nunc
741 2013 837 2079 simul
875 2020 908 2079 et
949 2013 1146 2099 corruptelae
1194 2013 1283 2101 origo

77 2125 287 2206 perspicitur
328 2125 361 2186 et
398 2142 503 2197 casus,
540 2123 594 2206 qui
628 2120 824 2185 Buttmanno
859 2125 926 2185 tam
960 2122 1063 2185 mirus
1096 2119 1301 2203 videbatur‚·

75 2237 172 2290 unus
208 2226 245 2294 lit
276 2249 316 2294 ex
346 2227 648 2314 pervulgatissima.
696 2227 819 2311 Nempe
849 2227 893 2303 μῆ
925 2229 958 2292 in
981 2227 1078 2292 huius
1103 2227 1218 2292 codicis
1244 2263 1284 2276 ·-

74 2324 132 2390 Vel
188 2337 289 2401 etiam
327 2333 360 2398 in
397 2335 539 2398 omnium
575 2371 615 2381 -
652 2333 824 2419 archetypo
859 2353 932 2398 casu
967 2335 1051 2398 inter
1084 2332 1286 2398 scribendum

73 2435 267 2525 omissum,
303 2439 417 2505 deinde
456 2442 489 2503 iu
528 2441 709 2525 marginem
752 2438 804 2503 vel
845 2441 930 2504 intra
971 2439 1072 2505 lineas
1112 2442 1286 2515 insertum,

72 2531 112 2596 ⁸b
160 2542 348 2612 haesitante
381 2545 484 2610 scriba
518 2547 551 2609 in
581 2565 765 2629 perversum
795 2544 903 2610 locum
933 2544 1124 2611 translatum
1153 2551 1216 2622 est,
1242 2547 1289 2609 ita

70 2640 131 2718 δίε
182 2673 261 2718 cum
292 2651 331 2717 ad
364 2651 532 2727 εὐδοκιμεῖν
564 2653 749 2736 pertineret,
785 2651 824 2716 ad
856 2652 1016 2732 ὑπερέχειν
1039 2652 1284 2717 adhaeresceret.

69 2737 228 2835 Saepius
251 2761 318 2824 iam
343 2757 564 2823 huiuscemodi
587 2777 704 2822 encres
724 2760 905 2823 notavimus
927 2765 959 2823 et
980 2758 1191 2842 correximus,
1204 2778 1288 2821 nunc

67 2843 233 2930 filetum
264 2863 447 2950 exemplum
472 2864 619 2929 adiiciam
644 2863 758 2931 itidem
782 2866 865 2929 circa
888 2868 1091 2951 negationem
1115 2865 1194 2930 falso
1217 2864 1286 2930 loco

65 2950 248 3036 insertam
283 2991 428 3044 versans,
461 2992 499 3036 ex
532 2970 704 3054 eodemque
736 2970 842 3035 codice
874 2973 1024 3056 petitum
1074 2971 1123 3035 Ad
1147 2970 1287 3038 Menelai

63 3053 104 3121 ‘¹⁸
132 3078 248 3144 caede
267 3077 374 3142 fratris
396 3079 611 3149 narrationem]
632 3075 873 3163 longiusculum
897 3076 1017 3164 legitur
1041 3076 1181 3143 scholion
1206 3082 1240 3142 in
1264 3077 1291 3143 Ε

61 3159 91 3239 (3
128 3171 243 3270 535),
262 3186 449 3270 praesertim
475 3184 552 3248 hacc
574 3183 670 3248 verba
693 3185 880 3268 respiciens:
905 3219 925 3233 ·
940 3219 993 3233 -·
1017 3184 1070 3249 xci
1095 3184 1290 3268 κατέπεφνεν

210 3287 407 3364 δειπνίσσας,
433 3287 470 3361 ὥς
495 3289 541 3361 τίς
565 3314 600 3353 τε
624 3288 797 3353 κατέκτανε
822 3289 897 3363 βοῦν
921 3290 971 3354 ἐπί
996 3288 1111 3371 Φοίτνη.

209 3397 275 3462 οὑδί
300 3420 346 3468 τις
372 3396 532 3475 ’Λτρείδειι
558 3394 671 3476 ἑταίρων
696 3396 796 3459 λίπεθ’
822 3393 852 3459 οἵ
870 3397 895 3460 cl
921 3392 1037 3470 ἕποντο,

210 3501 277 3569 οὐδὲ
300 3484 353 3575 τιςι
372 3502 528 3581 Αἰγίσθου,
556 3503 632 3566 ἄλλ’
657 3500 783 3566 ἔκταθεν
808 3501 838 3565 ἒν
863 3501 1054 3581 μεγάροισιν.

60 3575 235 3714 cl{liaustu
248 3613 297 3675 eet
308 3609 361 3674 hic
373 3610 623 3696 Agamemnonis
635 3628 775 3693 persona.
786 3605 879 3674 ἔοικεν
891 3610 929 3680 ὥς
942 3616 1098 3692 τρνφητοῦ
1112 3620 1292 3692 κατηγορεῖν

60 3710 130 3756 ‘⁰⁰
176 3713 416 3794 Ἀγαμέμνονος
449 3716 501 3779 καί
532 3715 662 3792 μεθύσον
688 3715 739 3779 καί
767 3715 817 3778 διδ
843 3719 934 3780 τοῦτο
958 3718 1139 3794 ἀγνοοῦντος
1162 3720 1213 3783 καί
1238 3723 1293 3796 τῆν

64 3799 195 3884 (0)ῗοῦ
218 3822 384 3901 ἐπιβουλὴν
404 3825 444 3894 ὥς
463 3820 703 3899 μεμεθυσμένου.
726 3820 803 3886 ἀλλ’
830 3824 900 3887 οὐκ
924 3821 990 3888 ἔστι
1011 3829 1113 3890 τοῦτο.
1135 3824 1293 3907 ἒθσίρρει

65 3909 171 3999 γὰρ
201 3929 357 3994 calcio
382 3928 497 3993 δόλον
522 3930 590 3992 οὐκ
616 3928 787 4000 ἐνόησεν.
814 3929 838 3991 εί
863 3928 970 3993 δὲκαὶ
1001 3930 1076 4007 βοῦν
1097 3927 1194 4016 εἶπεν,
1213 3933 1288 4000 ἀλλ’

70 4009 107 4075 ⁰¹3
140 4035 228 4114 7τ’ρύς
251 4033 338 4116 ὑβριν
357 4037 452 4100 αὑτοῦ
466 4030 559 4111 εἶπεν,
574 4036 661 4098 daal
675 4038 799 4110 μᾶλλον
811 4035 866 4110 τῆν
877 4036 1017 4116 οδνδρείαν
1031 4039 1126 4102 αὐτοῦ
1144 4038 1287 4113 ίδῆλοισε.

78 4141 293 4217 stromateon
317 4141 379 4221 γὰρ
404 4141 572 4217 καθήμενος
597 4142 648 4204 ἐπὶ
672 4146 726 4212 τῆς
750 4139 904 4222 τραπέζης
928 4142 979 4207 καί
1002 4142 1121 4221 ἐσθίων,
1148 4147 1187 4218 οῦς
1213 4141 1286 4211 ὐταν

86 4228 150 4307 ¹⁴3⁹
188 4250 261 4327 βοῦς
291 4248 409 4329 στερρὸς
440 4248 492 4312 καὶ
524 4247 649 4318 δυνατὸς
674 4243 702 4330 ὑ,
727 4252 841 4330 σφκγῆ
866 4231 898 4312 δὲ
922 4243 1002 4327 ὅμως
1027 4253 1057 4314 ἒν
1077 4250 1182 4335 φοίτνη
1204 4252 1289 4322 eslf.

10 4446 62 4833 p
