2978 4950
752 152 820 234 ‘2⁹8

192 364 296 421 καλοϊ.
328 354 421 428 οὕτως
453 362 528 437 γοῦν
559 357 611 422 καὶ
644 358 702 432 τοὶς
728 357 865 436 ἐλάφους
890 355 1004 435 ripam
1034 352 1095 432 „at
1112 379 1148 420 τε
1171 350 1241 418 καθ’
1272 352 1334 429 dan

194 460 272 527 ύύων
306 463 474 543 παρδαλίων
506 489 542 530 σε
574 465 673 530 λύκων
704 469 733 529 τ’
764 464 821 538 ἤϊα
853 462 1022 528 τέλονται”
1048 464 1091 547 (Ν
1119 459 1218 545 103),
1242 461 1308 528 καὶ

193 565 330 650 ἄχυρα
365 570 404 635 δὲ
439 571 559 635 σιτϊα
594 568 696 652 ζῴων
731 577 846 634 τινῶν
882 568 951 643 εἴη.
984 569 1067 655 (PQ)
1099 568 1247 634 Maxima
1276 569 1309 633 in

191 678 333 740 cernitur
351 675 507 754 confusio,
531 677 608 744 adeo
629 687 666 742 ut
676 678 895 762 interpretatio
908 697 987 761 quae
999 696 1067 741 esse
1079 675 1200 741 dicitur
1211 677 1246 740 in
1257 695 1334 744 snm:

194 780 351 848 brevitate
386 790 454 849 tam
488 784 620 850 obscure
650 784 710 861 sit,
743 793 780 848 nt
809 787 878 869 ipsc
900 802 1102 868 summopere
1125 780 1334 867 interpretati«

194 887 338 975 indigere
372 891 526 957 videatur.
574 891 684 977 Neque
719 893 802 956 enim
834 911 890 954 cur
920 889 961 953 τά
993 889 1048 962 ἤϊα
1080 889 1265 974 quorundum
1292 890 1334 957 cit

195 1014 263 1061 esse
296 997 443 1062 dicentur
472 1000 549 1062 setis
580 997 799 1084 intellegitur,
833 1016 934 1080 neque
968 1016 1023 1060 cur
1048 997 1277 1079 praecaeteris
1296 1017 1334 1064 ou

195 1109 390 1168 memoretur
412 1124 520 1170 cervos
543 1124 668 1189 quoque
695 1105 832 1168 ferarum
858 1104 916 1178 ἤϊα
940 1105 1065 1178 vocari,
1090 1122 1167 1167 cum
1193 1100 1334 1168 vocabulo

195 1208 247 1272 hic
270 1208 334 1275 alia
357 1214 464 1276 omnis
487 1210 660 1298 significet.
684 1231 784 1295 neque
807 1208 883 1294 quid
908 1210 970 1272 sibi
996 1206 1077 1272 velit
1101 1207 1188 1292 qnod
1215 1208 1257 1272 rai
1274 1205 1334 1288 lm

195 1334 335 1399 quoque,
372 1337 507 1401 quorum
542 1338 625 1383 nunc
659 1317 692 1381 in
724 1316 864 1382 Homero
894 1318 1015 1380 mentio
1047 1313 1139 1380 nuile
1169 1313 1221 1391 iit,
1244 1313 1334 1380 ternu

195 1419 349 1505 pabulum
374 1422 521 1508 audient,
544 1424 628 1510 quod
652 1431 736 1489 certe
760 1443 871 1488 verum
895 1442 956 1487 non
978 1429 1044 1498 est,
1065 1442 1123 1486 nec
1143 1420 1219 1506 quid
1240 1422 1334 1506 optetis

195 1524 240 1599 εϊνι
272 1527 437 1594 faciamus.
485 1530 590 1595 Immo
622 1551 695 1595 vero
718 1531 773 1604 ἤϊα
796 1531 865 1614 ipsa
888 1549 971 1592 nunc
994 1525 1102 1608 άχνοα
1127 1525 1233 1592 velere
1254 1545 1334 1592 mors

195 1632 274 1698 dum
308 1640 384 1699 erat.
433 1635 522 1716 Quod
558 1639 585 1701 si
615 1645 776 1709 tenemus,
808 1634 897 1699 nullo
929 1636 1057 1720 negotio
1085 1654 1198 1699 omnes
1220 1631 1334 1699 molestis

195 1737 306 1803 tollere
341 1739 451 1805 licebit
485 1744 547 1806 sio:
585 1742 691 1806 πάντα
726 1747 826 1811 κοινῶς
858 1741 899 1804 τά
931 1741 1016 1804 σιτία
1049 1738 1180 1824 (ζῴων)
1210 1736 1334 1812 τινύνῆ

192 1841 330 1923 Ὀμιιρος
365 1856 475 1913 καλεῖ·
509 1846 601 1918 οὕτως
633 1853 707 1926 γοῦν
737 1846 789 1910 xci
815 1848 872 1916 τάς
896 1844 1034 1925 ἐλάφους
1059 1844 1175 1924 εἴρηκεν
1199 1844 1258 1924 „ci
1269 1868 1328 1910 τι·

195 1952 294 2017 λύκων
324 1955 353 2016 τ’
386 1953 440 2027 ἤϊα
468 1954 656 2018 τέλονται”·
680 1954 732 2018 καὶ
757 1956 799 2017 τά
825 1952 931 2032 άχυοα
955 1952 997 2017 δέ.
1043 1952 1137 2027 Quod
1162 1952 1240 2034 ζῴων
1257 1955 1334 2018 insen

195 2066 266 2143 post
297 2060 382 2123 σιτία
417 2060 450 2126 id
486 2064 564 2145 ipsis
599 2061 759 2127 codicibus
794 2060 976 2125 auctoribus
1007 2059 1089 2123 mihi
1122 2061 1232 2125 teciese
1261 2057 1334 2125 video

194 2163 286 2230 Unde
319 2169 405 2230 enim
441 2167 612 2232 ridiculum
642 2167 724 2232 illud
755 2190 785 2231 κ.
816 2191 845 2230 τ.
878 2165 985 2246 ἄχυρα
1014 2166 1046 2230 δὲ
1071 2166 1174 2250 [σιτία
1197 2164 1272 2247 ζῴων
1290 2166 1334 2229 rui

194 2271 257 2355 εἷα]
290 2274 451 2357 irrepsisse
475 2271 643 2357 putemus?
667 2273 722 2338 Me
745 2273 874 2357 quidem
898 2272 1002 2337 iudice
1026 2291 1063 2336 ee
1087 2271 1125 2336 de
1149 2292 1261 2356 cause,
1281 2288 1334 2356 qun

194 2380 319 2462 saepius
362 2381 424 2442 iem
465 2382 497 2442 in
532 2380 583 2444 his
618 2382 904 2467 grammaticorum
940 2380 1097 2463 excerptis
1131 2379 1334 2444 observarint

195 2481 354 2548 Omiserat
377 2485 479 2549 scriba
503 2486 666 2572 archetypi
691 2507 765 2550 casu
789 2485 924 2570 quodam
947 2482 1042 2564 ζῴων,
1063 2487 1218 2550 omissum
1240 2490 1290 2550 aut
1304 2482 1334 2566 ip

195 2597 251 2654 aut
281 2599 434 2656 corrector
464 2592 661 2676 postliminio
692 2593 835 2667 reduxit,
872 2592 903 2656 id
928 2599 1093 2676 sequentes
1118 2591 1334 2677 descriptoresi

194 2696 334 2760 alienum
377 2698 482 2762 locum
523 2700 719 2764 inferserunt.
777 2699 856 2762 Ἤίἀ
892 2699 944 2762 hic
979 2701 1159 2783 expositum
1196 2698 1334 2779 fuissep

194 2799 317 2883 άχοοα,
356 2805 417 2868 nisi
453 2812 484 2869 et
515 2807 669 2870 sententia
703 2809 771 2890 ipsa
795 2808 928 2868 minime
953 2805 1050 2869 dubia
1075 2811 1107 2867 et
1130 2804 1239 2868 brevia
1261 2798 1334 2868 schol:

195 2931 232 2974 ex
264 2908 346 2974 BPT
371 2920 402 2975 et
426 2910 456 2974 V
480 2913 555 2976 satis
580 2912 790 2988 declararent,
815 2917 937 2995 poterat
960 2914 1026 2995 peti
1051 2921 1083 2973 et
1107 2911 1333 2995 comprobarir

196 3037 233 3079 ex
257 3017 418 3101 Apollonii
442 3019 606 3103 Sophistae
630 3021 888 3102 interpretatione
909 3021 953 3082 sic
978 3039 1009 3081 se
1030 3017 1183 3082 habente:
1202 3012 1334 3081 ”Hirri

195 3122 251 3197 μὲν
283 3122 325 3188 τά
356 3130 413 3188 τῶν
446 3125 568 3201 άλύγων
600 3123 678 3205 ζῴων
706 3122 775 3188 καθ’
801 3125 863 3188 tto
886 3124 1061 3202 βρώματα·
1088 3122 1186 3205 „inice
1214 3118 1334 3200 τοοϊαλϊι

196 3253 229 3292 τε
263 3229 360 3294 λύκων
391 3233 419 3294 τ’
451 3230 506 3305 ἤϊα
532 3231 707 3295 τέλονται.”
731 3231 794 3295 dri
820 3231 856 3294 δὲ
883 3233 930 3293 τά
955 3229 1110 3308 ἄχυρα·
1139 3233 1196 3306 „er
1221 3232 1245 3294 δ’
1268 3227 1334 3304 derce

196 3334 270 3416 ζαῆς
304 3338 371 3411 ἤϊων
404 3341 524 3414 θημῶνα
555 3337 695 3419 τινάξῆ.”
719 3339 767 3401 dri
793 3337 823 3401 δὲ
847 3339 888 3400 τά
912 3344 970 3401 τῶν
993 3337 1152 3415 άνύούτων
1178 3337 1297 3417 ἐφόδια·
1317 3381 1332 3411 ,

195 3441 227 3507 δὲ
258 3443 310 3506 καὶ
342 3442 396 3518 ἤϊα
431 3444 571 3523 κωρύκῳ”
601 3453 622 3522 (ι
647 3444 726 3528 212)
751 3444 802 3508 sai
831 3445 955 3526 ῃδειϊτο,
980 3444 1085 3523 Φίλοι,
1110 3442 1165 3516 ἤϊα
1189 3440 1334 3523 φερώμεθα

195 3549 233 3633 (β
257 3548 355 3632 410),
381 3552 471 3614 cuius
495 3559 641 3635 excerpta
664 3558 738 3615 sunt
763 3559 794 3614 et
817 3552 850 3613 in
874 3549 1036 3634 Hesychio
1057 3570 1083 3613 s.
1101 3571 1130 3614 u.
1145 3555 1177 3613 et
1197 3548 1334 3615 breuissiu

195 3658 229 3719 iu
265 3653 414 3743 Vulgatie
450 3655 502 3741 (V)
538 3657 576 3721 ad
609 3664 752 3722 nostrum
791 3657 912 3721 locum:
947 3654 1029 3729 ἤϊων·
1063 3655 1186 3734 άχύρων
1225 3654 1302 3736 τινά

196 3762 271 3826 ϊέναι
307 3762 430 3842 ταχέως
465 3763 500 3828 τὸ
536 3761 662 3845 άχνοον.
699 3763 786 3839 δηλοῖ
816 3763 846 3826 δὲ
878 3762 930 3825 καὶ
963 3762 1004 3826 τά
1038 3759 1196 3840 βρώματα
1228 3763 1276 3825 καὶ
1296 3760 1322 3842 (τ

197 3867 316 3944 iotha.

241 4105 271 4157 s,
297 4078 372 4145 379.
398 4081 565 4168 Neptunus
589 4088 729 4149 minatur
753 4083 857 4148 Ulixi:
876 4079 953 4146 ἀλλ’
979 4081 1038 4147 οὐδ’
1063 4079 1100 4155 ὧς
1122 4106 1156 4146 σε
1178 4082 1271 4147 ἕολτα
1291 4076 1334 4140 irc

197 4190 301 4252 σεσύαι
339 4192 517 4264 κακότητος.
565 4191 627 4257 His
653 4194 758 4257 verbis
781 4197 872 4276 poeta
897 4192 991 4253 πάλιν
1016 4191 1119 4254 άλλων
1145 4190 1238 4254 δεινῶν
1257 4178 1334 4264 apori

196 4296 265 4360 κϊαν
280 4294 453 4376 ὑποβάλλει
472 4298 619 4362 άνακινῶν
640 4299 777 4376 άγῶνα
801 4300 841 4378 τῷ
855 4298 989 4377 άκροατῇ
1015 4297 1123 4385 (BPQ)
1139 4293 1334 4380 Xenophonte
