2978 4950
686 160 826 262 ου’

98 384 191 446 sunt.
215 376 327 464 Itaque
350 383 510 467 optimum
534 381 620 447 fsotn
645 385 722 465 erit,
747 380 830 446 illud
851 380 1058 457 mantuanos,
1073 417 1114 428 -
1129 375 1299 464 proqnoD

98 485 158 553 val
191 489 373 552 intricatins
411 487 464 552 καί
500 489 688 564 κωλυόμενος
721 489 831 563 offert,
868 525 901 537 —
925 508 998 552 enm
1031 507 1092 551 non
1128 485 1299 551 molestum

98 600 232 658 tantum
256 595 298 656 sit
321 593 376 657 sed
400 600 432 658 et
454 615 661 679 perversum.
688 605 839 679 tanquam
857 592 973 659 inutile
993 592 1143 659 orationis
1160 591 1299 656 fulcrum

99 720 118 763 e
154 705 244 764 textu
275 701 405 775 eiicere,
438 701 478 765 ab
509 702 550 764 iis
582 705 737 766 insertum
770 703 842 786 qui,
876 721 950 764 cum
982 720 1041 764 non
1068 701 1301 784 perspexissent

52 790 62 802 ’
98 813 239 869 συνεῖναι
272 805 355 884 αὐτῷ
387 805 502 870 έλθθντι
526 807 662 890 pendere
687 828 705 872 a
728 806 824 873 verbo
848 806 1076 880 πεπαίδευται,
1101 803 1298 869 infinitivum

99 931 166 977 sno
196 910 319 976 scilieet
347 914 515 997 participio
537 913 728 978 destitutum
752 934 819 979 esse
842 913 1022 978 noluerunt.
1069 910 1169 976 Plane
1193 917 1301 976 contra

99 1018 277 1104 Porphyrii
309 1024 468 1091 mentem,
497 1022 538 1083 iis
571 1041 650 1103 qnae
680 1024 790 1085 statim
825 1020 973 1106 adiungit
1004 1018 1223 1103 praecedentia
1254 1019 1300 1083 sio

98 1126 360 1209 interpretantis:
397 1126 440 1190 διὸ
476 1126 542 1188 καί
579 1136 712 1191 συνεῖναι
749 1129 833 1205 αὐτῷ
865 1125 980 1190 ὲλθθντι
1013 1125 1220 1189 πεπαίδευται
1243 1125 1298 1199 ἤδη

102 1232 177 1294 καί
212 1225 294 1293 οἶδε
329 1236 406 1302 πῶς
443 1235 692 1312 προσενεχθῇ
728 1235 776 1313 τῷ
813 1232 935 1311 πατρί
971 1233 1039 1309 ἀφ’
1071 1227 1116 1294 ὧν
1148 1232 1299 1305 exesos

102 1335 193 1414 περί
220 1340 343 1401 αὐτοῦ
366 1338 647 1415 διηγημάτων.
680 1338 816 1403 Omnino
840 1339 932 1423 plura
954 1339 1085 1402 suntin
1108 1339 1168 1403 hac
1192 1338 1300 1422 dispu-

101 1444 229 1507 tatione
260 1444 358 1507 otiose
389 1442 496 1517 illata,
527 1465 608 1529 quae
639 1466 714 1510 cnm
746 1465 808 1509 non
838 1447 945 1509 minus
977 1465 1073 1528 qnam
1098 1444 1180 1528 quod
1205 1445 1301 1509 modo

74 1551 248 1633 ,expunxi
291 1549 478 1623 κωλυόμενος
515 1554 745 1615 sententiarum
779 1571 899 1615 nexum
933 1553 1062 1638 egregie
1096 1552 1300 1637 perturbent,

100 1676 191 1719 nnnc
222 1654 331 1719 ordine
353 1655 498 1721 indicabo
522 1657 741 1743 expungenda.
788 1657 920 1740 Aliquot
945 1658 1110 1721 sententiis
1136 1659 1300 1722 intermis-

101 1765 169 1843 sis,
200 1761 238 1825 ad
268 1781 345 1846 quas
376 1782 450 1826 mox
482 1763 563 1826 mihi
595 1762 790 1827 redeundum
823 1766 899 1840 erit,
924 1765 970 1826 ita
994 1765 1201 1828 ratiocinatur
1223 1763 1301 1829 Por·

100 1868 261 1953 phyrins‚
304 1874 341 1930 nt
384 1868 485 1943 diost,
528 1888 625 1952 qnam
661 1872 694 1933 in
730 1872 877 1933 concione
912 1890 1039 1934 cansam
1076 1870 1300 1956 peregrinandi

100 1972 274 2059 perhibeat
297 1971 525 2051 Telemachus,
550 1995 692 2059 quaeque
715 1962 787 2060 post
810 1957 961 2039 reditum
974 1973 1104 2039 consilia
1128 1978 1265 2060 apariat:

157 2081 182 2143 εί
208 2079 264 2173 μέν
288 2103 338 2142 κεν
363 2083 477 2157 πατρὸς
502 2081 605 2157 βίοτον
628 2082 680 2145 καί
706 2082 809 2146 νίστον
828 2080 948 2144 οίκοθσιο

156 2182 174 2259 ἦ
195 2188 223 2249 τ’
244 2185 281 2248 νίν
303 2186 490 2265 τρυχόμενός
513 2211 567 2266 περ
582 2185 625 2250 ἔτι
640 2188 752 2262 τλαίην
766 2188 910 2261 ἐνιαυτόν,
926 2202 996 2252 κτι..
1011 2187 1059 2270 (β,
1073 2186 1150 2264 218,
1164 2186 1253 2271 219).

104 2312 149 2356 ea
179 2294 282 2378 igitur
305 2293 481 2358 omniaita
504 2315 570 2358 esse
594 2298 844 2378 compositam,
870 2316 943 2359 oum
968 2297 1066 2359 etiam
1092 2316 1108 2357 e
1133 2315 1301 2379 procorum

106 2420 144 2463 re
175 2399 258 2462 esse
276 2399 457 2483 videantur,
490 2400 541 2464 his
573 2423 635 2464 non
659 2402 753 2467 modo
777 2422 838 2465 non
862 2403 1035 2485 suspiciosa
1058 2404 1100 2464 sit
1124 2403 1193 2466 eius
1214 2422 1302 2486 pere·

103 2507 250 2592 grinatio
269 2504 323 2569 sed
346 2504 398 2569 vel
422 2505 579 2590 optabilia.
607 2505 713 2579 Οὕτως
738 2508 835 2571 τοίνυν
857 2510 873 2582 η
899 2508 1036 2579 ὑπόθεσις
1062 2509 1099 2579 τίς
1125 2510 1176 2570 καί
1201 2509 1301 2571 αὐτῶν

105 2611 160 2676 ἐπί
197 2611 382 2689 συμφέροντι
418 2614 582 2688 γενομένης
619 2623 674 2688 τῆς
711 2613 887 2688 οίποδημίοις
932 2616 1097 2679 πεπεῖσθαι
1142 2613 1303 2678 δοκούντων

107 2713 184 2802 [ὅτι
209 2715 413 2802 τέθνηκε],
439 2719 491 2781 καί
517 2711 621 2797 πρῶτοι
647 2721 702 2793 μέν
727 2717 772 2784 ὅτι
796 2722 850 2784 οὐκ
873 2721 1135 2796 οίποδημήσει
1163 2718 1304 2798 ἐλπιζόν-

104 2847 186 2899 των,
217 2821 328 2896 ἔπειτα
360 2823 386 2886 δ’
419 2825 444 2888 εί
475 2827 526 2887 καί
560 2825 731 2890 ἕκτελέσειε
755 2827 809 2899 την
835 2828 920 2902 bees,
946 2823 991 2890 ἔτι
1016 2828 1203 2900 πεισθήσετοι
1241 2824 1303 2890 θτι

105 2930 302 3003 τέθνηκεν
325 2931 409 3010 αὐτῷ
434 2931 447 2992 ί
473 2934 593 3007 πατήρ.
619 2932 750 3003 πεισθείς
774 2934 805 2997 δέ
829 2938 884 3004 τὴν
908 2935 1028 3010 μητέρα
1050 2933 1189 3007 ἐκδώσει,
1210 2931 1304 3007 μηδὲν

107 3038 266 3115 ἐγχειρεῖν
299 3036 392 3100 έποίει
415 3043 473 3099 τῶν
498 3039 621 3100 οίτθπων
646 3040 688 3110 είς
713 3039 764 3102 τὸν
788 3037 881 3103 οἶκον·
909 3042 1018 3102 έπειτα
1043 3039 1070 3104 δ’
1096 3041 1148 3103 οὐκ
1174 3033 1206 3110 ἦν
1237 3063 1303 3103 σκο·

106 3143 167 3214 πὸς
190 3142 365 3219 βιάσασθαι
389 3144 439 3208 τὸν
463 3143 585 3219 γοίμον·
611 3148 635 3209 οί
661 3146 724 3224 γὰρ
749 3145 840 3210 ἄλλοι
867 3146 1017 3223 ἠμύναυτ’
1039 3147 1077 3212 ἂν
1099 3149 1149 3211 τὸν
1170 3148 1305 3223 βεβιασ-

106 3248 217 3326 μένον·
239 3252 329 3312 ἀλλ’
349 3251 613 3328 ἀποκριθῆναι
636 3252 766 3326 ὑπὸτῆς
787 3255 1131 3337 μνηστευομένης[τῶν
1151 3255 1302 3341 γονέων]

107 3359 205 3426 αὐτὸς
229 3353 359 3427 ἕκαστος
385 3356 480 3433 ἠξίου,
506 3356 542 3421 ἵν’
563 3356 656 3427 οὕτως
679 3361 703 3421 oi
725 3361 822 3423 λοιποί
842 3360 1022 3423 παύσωνται
1045 3369 1099 3433 τῆς
1124 3362 1304 3436 μνηστείας.

107 3462 212 3556 Panlo
237 3464 415 3528 intricatior
437 3469 485 3527 est
508 3468 681 3529 sententiae
705 3472 877 3536 structura.
903 3468 1010 3550 itaque
1034 3469 1144 3530 statim
1169 3469 1305 3552 interpo-

107 3569 177 3634 lata
206 3576 265 3633 est.
316 3568 400 3633 Nam
429 3571 525 3634 verba
555 3566 599 3634 θτι
632 3572 754 3644 τέθνηκε
785 3577 817 3636 et
841 3593 897 3636 eur
921 3593 1083 3657 perperam
1110 3574 1217 3638 addita
1241 3576 1306 3639 sint

109 3683 145 3742 et
166 3677 251 3743 unde
276 3677 419 3741 venerint
440 3683 473 3766 et
496 3698 593 3762 quam
615 3698 723 3743 revera
746 3685 847 3744 totam
872 3682 1062 3744 sententiam
1086 3680 1304 3764 pessumdant,

109 3789 184 3869 quis
219 3790 269 3848 est
305 3785 360 3866 qni
396 3803 456 3848 non
492 3787 608 3849 sentiat
642 3782 845 3849 admonitus?
880 3784 983 3864 Quare
1012 3789 1096 3850 enim
1123 3784 1308 3851 Telemachi

109 3891 326 3977 peregrinatio
343 3890 445 3972 procis
467 3909 591 3975 quoque
616 3891 762 3974 prodesse
782 3892 850 3956 visa
867 3898 949 3956 esset
977 3892 1028 3976 (ὡς
1053 3894 1105 3955 καί
1131 3893 1232 3956 αὐτῶν
1256 3894 1307 3958 ἐπί

109 3997 301 4078 συμφέροντι
335 3997 499 4073 γενομένης
534 4005 589 4070 τῆς
626 3996 829 4081 ἀποδημίαι),
862 4001 887 4062 si
922 3999 963 4060 iis
996 4021 1181 4084 persuasum
1206 4008 1307 4078 esset,

110 4103 242 4170 Ulixem
270 4102 336 4166 fato
359 4104 424 4166 iam
448 4123 515 4166 esse
539 4100 707 4167 functum?
728 4103 833 4167 Immo
854 4123 928 4168 vero
949 4105 1117 4188 optabant,
1143 4106 1307 4170 Telemacho

112 4232 152 4275 ex
176 4213 431 4298 peregrinatione
453 4210 512 4274 hoo
537 4230 722 4295 persuasum
749 4212 798 4273 iri.
831 4206 889 4293 (ἔτι
914 4212 1113 4283 πεισθήσεται
1137 4210 1182 4277 ὅτι
1207 4214 1306 4288 τέθνη-

112 4341 165 4380 κεν
198 4317 284 4396 αὐτῷ
320 4316 486 4399 θπατηρ).
533 4315 717 4399 Praeterea,
738 4337 795 4381 cnr
815 4318 860 4380 sic
883 4322 966 4382 nude
995 4313 1040 4383 θτι
1065 4318 1209 4396 τέθνηκε,
1233 4341 1309 4386 ουτοι
