2978 4950
665 159 728 248 tu

145 387 184 452 η,
213 368 264 433 32.
315 370 402 436 Dicit
427 377 519 459 virgo
543 374 581 438 de
606 374 819 438 Phaeacibus:
844 374 876 434 οὐ
900 373 964 450 νάρ
988 370 1098 448 ξείνους
1124 365 1185 433 οἵδε
1211 363 1290 442 aai’

126 477 274 554 ιθρώπους
299 479 475 557 ἀνέχονται.
513 480 721 544 Observatur:
743 479 811 542 ἀντὶ
835 485 902 549 τοῦ,
927 481 1092 555 ἀνθρώπους
1117 480 1288 557 ἀνέχοντας

126 582 322 663 τοδέχονται.
356 584 438 671 (Po)
469 585 539 650 Non
571 590 644 650 novi
678 587 844 662 ἀνθρώπους
874 585 1065 666 ἀνέχοντας,
1090 584 1143 648 sed
1168 583 1290 647 intelle-

126 709 231 752 erem:
262 692 329 752 ἀντὶ
354 698 426 764 τοῦ,
453 694 505 768 (οὐ
530 694 657 767 μάλαθ
681 693 848 769 ἀνθρώπους
873 692 1151 769 ἀναδέχονται
1176 691 1192 764 ἢ
1219 691 1289 753 ὑπι-

126 791 267 873 ἵχονται,
289 798 554 880 quemadmodum
577 797 754 866 consimilia
775 797 954 862 Telemachi
981 799 1075 862 verba
1098 800 1125 878 (ρ
1142 798 1199 878 ῖ2,
1220 796 1287 877 13):

126 902 156 965 οὲ
189 901 349 971 δὀὔπως
385 902 466 966 ἔστιν
499 904 646 975 ἅπαντας
679 906 844 981 ἀνθρώπους
877 906 1044 984 ἀνέχεσθαι
1070 907 1294 987 interpretatur

126 1006 268 1092 pollonii
293 1008 449 1074 Lexicon:
475 1012 718 1088 ἀνέχεσθαι·
745 1013 762 1084 ἦ
786 1010 841 1084 μέν
867 1008 949 1084 λέξις
971 1012 1001 1073 ἕν
1021 1020 1059 1090 τῇ
1081 1035 1095 1088 ρ
1114 1018 1168 1082 τῆς
1182 1009 1292 1072 Ὀδυσ-

126 1113 209 1188 tias.
237 1151 277 1164 -·
294 1114 415 1190 -δηλοῖ
435 1116 466 1179 δὲ
490 1118 525 1180 τὸ
549 1116 755 1195 ἀναδέχεσθαι
780 1116 832 1179 καῖ
858 1114 1043 1194 διαβόσκειν.

143 1348 183 1397 η,
209 1321 262 1387 36.
310 1323 360 1389 Ad
383 1332 441 1388 τῶν
466 1325 527 1396 νέες
554 1329 656 1390 ὠκεῖαι
679 1327 748 1389 duel
767 1329 875 1404 πτερὸν
897 1327 928 1400 ee
949 1327 1048 1403 νθηρια
1067 1327 1166 1392 Bll'P:
1192 1329 1289 1407 ἐντεῦ-

126 1454 145 1493 ν
182 1430 218 1494 τὸ
253 1433 452 1510 παροιμιῶδες
487 1432 653 1509 »διέπτατο
685 1433 710 1495 δ’
745 1430 822 1497 ὥστε
854 1433 985 1509 atqua.n
1032 1434 1115 1499 Tum
1147 1439 1291 1526 sequitur

126 1535 190 1601 rllo
214 1535 366 1602 lemmate
390 1542 602 1623 praescripto,
627 1541 716 1624 quasi
741 1560 858 1605 novum
884 1546 965 1605 esset
984 1540 1143 1624 scholion,
1165 1563 1204 1607 ex
1224 1544 1290 1608 solo

130 1664 141 1707 ι
175 1642 212 1704 πδ
243 1642 306 1721 γάρ
336 1643 496 1721 ἐνθύμημα
528 1646 579 1707 καὶ
607 1647 650 1708 τά
674 1647 767 1724 πθρρω
791 1644 998 1725 φαντάζεται.
1031 1646 1120 1712 Satin
1145 1657 1286 1726 certum,

126 1767 176 1812 tec
212 1750 246 1810 in
270 1769 370 1812 unum
396 1771 463 1814 esse
487 1752 706 1838 coniungenda
728 1753 767 1817 de
790 1753 951 1816 eeleritate
983 1756 1098 1816 mentis
1129 1754 1213 1817 dicta
1236 1753 1288 1818 vel

126 1855 315 1919 unctissima
346 1877 487 1941 quaeque
519 1859 711 1944 cogitatione
734 1859 935 1943 amplectent‘
962 1856 975 1922 l
1009 1859 1155 1943 Namque
1178 1880 1286 1924 vocem

126 1963 262 2038 θύμημα
286 1962 339 2027 hio
363 1984 424 2029 non
441 1968 654 2050 grammatica
675 1986 731 2030 sua
752 1965 980 2052 significatione
1002 1987 1069 2031 esse
1089 1965 1287 2042 adhibitam,

126 2068 183 2134 hil
207 2089 286 2154 opus
309 2076 356 2134 est
379 2090 516 2136 monere.
1188 2086 1189 2089 ’

145 2308 183 2359 η,
205 2281 264 2368 51.
313 2285 447 2349 Animos
482 2285 571 2350 addit
602 2285 747 2351 Minerva
778 2284 866 2351 Ulixi
900 2287 950 2350 his
972 2287 1092 2351 verbis:
1119 2288 1157 2352 σὺ
1182 2288 1207 2353 δ’
1232 2268 1287 2354 ἔθα

126 2390 147 2454 lc
172 2389 252 2467 μηδέ
274 2415 305 2454 τι
329 2391 410 2470 θυμῷ
438 2391 565 2469 τάρβει·
591 2392 757 2469 θαρσαλέος
789 2394 852 2469 ράρ
876 2394 948 2469 ἀνὴρ
973 2393 1002 2456 έν
1026 2397 1120 2457 πάσιυ
1144 2395 1286 2466 ἀμείνων.

126 2499 294 2562 imnerunt
323 2500 527 2583 interpretes,
553 2520 592 2563 ne
616 2507 707 2583 poeta
731 2498 893 2563 audaciam
920 2519 955 2563 ac
978 2501 1201 2584 procacitatem
1222 2502 1291 2566 lau·

126 2624 192 2668 nese
215 2603 384 2668 rideretur.
435 2602 588 2669 Certatim
610 2607 713 2691 igitur
724 2605 762 2668 de
774 2625 850 2669 voce
863 2605 1027 2682 taceantur
1042 2606 1286 2684 adnotaverunt,

126 2709 224 2774 ,ilicet
247 2730 286 2772 ne
310 2710 381 2794 quis
405 2711 485 2774 forts
508 2709 683 2795 simplicior
705 2714 737 2774 in
757 2730 894 2775 errorem
915 2711 1132 2795 induceretur,
1146 2714 1159 2776 t
1173 2736 1291 2793 πεπαρ-

126 2815 300 2892 ησιασραένος
326 2817 378 2878 καὶ
405 2814 571 2900 εὔτολμος,
595 2818 656 2898 οὐχ
680 2818 694 2881 ἀ
719 2818 848 2894 θρασύς·
874 2818 983 2880 ἐκεῖνος
1008 2819 1070 2896 ράρ
1086 2819 1221 2890 ἀναιδής.
1237 2822 1289 2885 καὶ

126 2946 185 2986 ιτιν
205 2924 310 2986 οῖκεῖον
333 2933 371 3004 τῇ
396 2925 510 3005 Ἀθηνᾷ
534 2923 569 2986 τδ
593 2932 647 2997 τῆς
674 2928 808 3001 γνώμης·
835 2924 887 2987 καὶ
909 2925 943 3002 ἐξ
961 2923 1099 3002 ἀνδρείας
1129 2925 1181 2988 καῖ
1205 2939 1290 3001 λογι-

126 3034 180 3093 ασῡ
203 3030 283 3105 ὀρθοῦ
301 3030 334 3093 τδ
358 3031 473 3109 θαρρεῖν
497 3022 700 3106 περιγιθεται.
724 3035 846 3094 τοῦτο
870 3030 948 3108 γάρ
972 3029 1054 3093 δοκεῖ
1073 3034 1289 3110 παραιτεῖσθαι

126 3142 154 3205 ἠν
179 3136 349 3214 παρρησίαν
373 3134 616 3211 Ὀδυσσέας,
652 3133 696 3199 ὅτι
723 3134 803 3210 ξένος
829 3136 1013 3215 ἐτύγχανεν.
1041 3137 1216 3214 ὑποβάλλει
1242 3136 1290 3204 οὖν
1319 3168 1322 3173 ’

126 3265 147 3306 τι
179 3242 230 3304 καῖ
266 3242 317 3304 τὸν
353 3247 486 3305 τοιοῦτον
518 3243 632 3320 θαρρεῖν
663 3242 727 3317 δεῖ,
759 3243 784 3305 εῖ
813 3241 923 3316 μέλλει
949 3242 1096 3320 σωτηρίας
1119 3242 1289 3317 τεύξεσθαι.

126 3345 225 3432 ?Q'I¹.)
255 3347 378 3412 Desinit
405 3347 432 3412 Τ
467 3351 500 3412 in
536 3349 685 3425 περινθν.,
725 3355 885 3433 praeterea
915 3350 1038 3412 omittit
1070 3349 1121 3412 καὶ
1155 3358 1227 3416 ante
1258 3350 1291 3426 ἐξ

126 3455 252 3532 νδρεῖας.
278 3455 349 3519 Non
373 3461 421 3519 est
436 3455 487 3519 his
506 3455 633 3520 indiciis
653 3476 731 3540 opus
744 3461 781 3519 ut
792 3454 896 3519 locum
913 3456 1172 3519 obscurissimum
1186 3457 1289 3523 labe'm

126 3581 233 3626 assum
254 3581 320 3624 esse
340 3560 524 3638 credamus,
547 3564 579 3624 in
601 3581 663 3646 quo
682 3581 783 3645 neque
803 3561 991 3644 dispicitur,
1013 3561 1088 3644 quid
1110 3563 1171 3625 sibi
1192 3562 1292 3627 velint

126 3676 182 3734 tta:
210 3668 262 3731 καὶ
287 3666 370 3732 ἔστιν
394 3670 499 3731 οῖιιεῖον
518 3693 547 3734 τ.
575 3668 641 3731 Ἀθ.
665 3670 700 3731 τὸ
722 3675 776 3741 τοῖς
796 3669 937 3743 γνώμης,
960 3667 1064 3731 media
1082 3671 1293 3734 inaerteinter

126 3775 334 3861 apositionem
359 3773 552 3865 discriminis
572 3779 624 3837 τοῦ
645 3773 765 3850 θρασέος
786 3779 818 3837 et
837 3778 889 3836 τοῦ
904 3775 1089 3851 θαρροῦντος,
1102 3795 1203 3858 neque
1216 3777 1291 3858 quid

126 3883 157 3947 αῖ
183 3886 255 3946 ante
281 3880 315 3957 έξ
337 3881 494 3958 ἀνδρεῖαι,
524 3902 596 3945 cum
621 3880 821 3945 adversativa
845 3879 1001 3964 particula
1023 3884 1216 3964 requiratur,
1240 3903 1293 3944 ne·

126 4009 167 4054 ue
196 3988 263 4067 γὰρ
298 3994 370 4071 post
404 3991 514 4070 τοῦτο,
544 3986 627 4071 quod
657 3993 689 4050 et
717 3989 824 4071 ipsum
856 4007 1057 4070 perversum,
1089 3985 1213 4051 tandem
1237 4008 1294 4051 cnr

126 4096 277 4162 enetirus
313 4093 483 4165 Ὀδυσσέας
517 4095 647 4158 caeteris
680 4093 768 4157 vitiis
800 4098 950 4177 tanquam
982 4092 1131 4157 cumulus
1154 4094 1292 4160 accedat.

126 4222 227 4275 rocus,
265 4202 292 4263 si
327 4201 403 4284 quid
439 4199 563 4282 iudico,
603 4220 641 4264 ex
681 4197 837 4283 impedito
876 4206 908 4262 et
947 4200 1078 4264 obscuro
1113 4203 1296 4284 perspicuus

126 4317 135 4374 t
164 4306 266 4372 facilis
297 4306 464 4370 intellectu
500 4306 613 4371 evadet
648 4305 801 4368 adhibitis
839 4307 1081 4388 transpositione
1112 4314 1144 4370 et
1174 4306 1299 4374 lenibus
