2978 4950
708 169 774 238 404

144 367 264 450 potest,
304 361 357 427 sed
393 363 607 426 necessarium
635 382 698 427 non
728 382 795 427 esso
828 360 969 427 ostendit
999 356 1146 425 scholion
1170 356 1212 422 de
1236 354 1350 422 eedem

144 493 178 537 re
202 491 240 535 ex
264 468 293 544 Q
317 468 356 533 ed
379 489 426 533 vs.
454 466 533 532 112:
561 470 744 545 alieniorem
770 468 857 546 λέγει
881 468 943 548 οὐχ
966 469 1004 538 ιίς
1031 465 1172 542 σίδίιιους,
1197 462 1279 529 αλλ’
1301 465 1347 534 ὥς

144 580 196 653 μὴ
229 574 391 650 θέμιδος
424 574 509 647 ἤτοι
539 576 662 648 νόμον
686 573 918 655 γρύζοντας
943 574 987 645 είς
1013 570 1127 649 εὕρεσιν
1152 575 1209 635 τοῦ
1236 572 1346 634 καλοῦ.

145 684 223 761 ἦσαν
257 682 320 761 γόιρ
356 682 471 759 οίγαίοί
494 676 532 764 ¹).
579 679 641 745 Sed
670 701 797 766 prorsus
827 680 1040 745 necessarium
1072 681 1134 744 erit
1167 679 1201 741 in
1236 675 1346 741 eedem

147 791 306 855 sententis
328 788 423 872 paulo
446 793 517 873 post
541 787 592 851 διόι
616 788 650 850 τὸ
674 785 804 852 ἕκαστον
829 789 926 872 (τῶν)
945 786 1056 851 ίδίων
1080 782 1236 864 ἄρχειν
1256 784 1347 848 resti-

146 902 246 962 tuere.
283 893 452 978 Sequitur:
481 893 671 966 Ἀντισθένης
704 892 736 957 δέ
767 900 861 972 Φησιν
890 891 936 957 ότι
960 890 1049 967 μόνον
1072 891 1126 954 σόν
1150 890 1347 971 Πολύφημον

146 1000 224 1069 εἶναι
261 999 380 1065 ίιδικον·
413 999 465 1064 καὶ
500 1001 563 1080 γοδρ
594 995 679 1073 οὗτος
702 1005 756 1064 τοῦ
782 1000 853 1071 Διδς
880 998 1050 1079 ὑπερόπτης
1075 998 1173 1064 ἐστίν.
1219 995 1348 1061 Ultima

148 1114 223 1175 sunt
255 1128 292 1171 ex
325 1127 417 1188 vera,
449 1106 476 1170 si
508 1106 584 1190 quid
608 1106 732 1182 iudico,
755 1105 890 1171 Prellori
914 1107 1126 1187 correctione,
1152 1103 1256 1169 codex
1279 1099 1346 1167 hel-

147 1215 272 1280 lissime
302 1213 415 1278 hebet:
448 1209 528 1282 όπως
557 1216 610 1277 τοῦ
635 1212 693 1284 διδς
719 1212 822 1276 είποτε
847 1213 940 1277 ἐστίν.
987 1211 1034 1277 At
1055 1231 1119 1277 uon
1144 1208 1346 1297 tangendum

149 1318 194 1386 ότι
208 1357 227 1370 -
241 1317 338 1395 εἶναι,
372 1319 455 1403 quod
487 1339 525 1384 ex
548 1339 646 1403 prava
669 1319 851 1404 aequiorum
875 1317 1104 1383 consuetudine
1127 1317 1257 1382 dictum
1283 1320 1346 1398 est,

149 1429 188 1493 do
211 1448 274 1511 qua
298 1432 421 1511 practer
441 1424 519 1490 alios
539 1427 606 1512 ogit
624 1422 779 1502 Cobetus,
802 1424 959 1490 Mnemos.
973 1424 1015 1489 V.
1028 1423 1061 1490 S.
1074 1422 1118 1489 VI
1130 1445 1162 1509 p.
1177 1420 1250 1488 338
1261 1440 1345 1507 seqq.

149 1535 276 1620 Pergit:
301 1534 405 1597 οὐκοῦν
431 1533 455 1595 oi
480 1533 579 1596 λοιποί
599 1531 725 1597 δίκαιοι·
746 1532 797 1596 διαὶ
816 1538 906 1596 τοῦτο
925 1532 988 1611 γὰρ
1007 1532 1059 1596 καὶ
1081 1531 1136 1603 τὴν
1157 1539 1220 1608 γῆν
1242 1530 1345 1599 αὐτοῖς

150 1641 193 1706 τόν
216 1639 321 1704 πιόντα
346 1638 519 1703 ἀναδιδόναι
544 1638 739 1713 αὐτόματον,
764 1639 816 1703 καὶ
843 1638 876 1701 τό
899 1638 943 1714 μὴ
968 1637 1155 1719 ἕργιίζεσόαι
1180 1636 1283 1709 αὐτὴν
1300 1633 1344 1700 δί-

151 1770 235 1811 καιον
269 1744 355 1825 ἔργον
390 1747 483 1808 ἐστίν.
518 1743 591 1808 αλλ’
622 1744 790 1823 ἔμπροσθεν
818 1744 964 1823 βιαίοις
997 1745 1133 1820 βιαίους,
1162 1741 1218 1820 ,οἵ
1242 1747 1343 1822 σφεας

153 1851 344 1918 σινέσκοντο”
372 1849 405 1934 (ζ
414 1850 464 1935 6),
487 1849 585 1929 ὥσπερ
606 1851 658 1915 καί
679 1851 749 1922 τοὺς
770 1852 949 1928 Γίγαντας·
972 1847 1087 1931 „dom
1108 1846 1152 1932 (ός
1173 1847 1243 1913 ποθ’
1262 1868 1343 1915 nunc

152 1959 251 2025 Hom.
276 1960 383 2042 texit.)
409 1958 602 2034 ὑπερθύμοισι
628 1957 830 2035 Γιγάντεσσιν
853 1955 1042 2034 βασίλευεν”
1068 1959 1097 2040 (ν
1118 1955 1191 2033 59),
1217 1953 1342 2033 ὥσπερ

152 2066 205 2130 καί
233 2065 302 2136 τοὺς
326 2064 468 2134 Φαίακας
492 2064 730 2141 βλαπτομένους
756 2063 807 2128 ὑπ’
819 2067 920 2128 αὐτῶν
939 2071 1189 2141 μεταναστῆναι.
1229 2063 1340 2143 Quem·

152 2173 326 2237 admodum
361 2171 394 2234 in
428 2178 534 2235 nostro
569 2176 617 2235 est
646 2171 701 2243 τὴν
728 2179 789 2248 γῆν
819 2171 861 2235 τὰ
891 2169 999 2234 πάντα
1030 2169 1207 2235 ἀναδιδόναι
1233 2168 1338 2234 αὐτό-

152 2268 299 2361 ματον,
323 2280 370 2341 ite
392 2280 425 2341 in
449 2276 566 2341 scholio
590 2297 686 2361 supra
708 2298 746 2342 ex
771 2276 804 2341 H
826 2277 985 2362 descripto
1011 2280 1056 2361 (p.
1079 2276 1158 2359 415,
1170 2274 1335 2359 26-416)

151 2385 283 2451 sortasse
318 2384 557 2470 corrigendum:
591 2379 655 2448 όόεν
685 2383 737 2447 καί
772 2385 882 2457 οίνῆκεν
912 2385 1018 2455 αὐτοῖς
1047 2382 1291 2458 αὐτόματος
1317 2383 1333 2455 ν’

152 2500 194 2567 γῆ
226 2492 295 2561 τοὺς
330 2492 482 2568 καρπούς,
513 2510 568 2574 pro
593 2489 794 2565 αὐτομάτως,
820 2493 880 2554 etsi
903 2491 1009 2554 iubis
1033 2472 1242 2574 scriptoribus
1265 2487 1331 2553 ielis

151 2620 212 2661 non
237 2600 332 2660 nimis
356 2596 497 2682 urgenda
518 2617 583 2660 esse
602 2596 714 2660 lubens
736 2595 893 2660 confiteor.
930 2597 1084 2660 Nostrum
1108 2603 1216 2661 autem
1236 2598 1328 2678 ipsum

151 2707 282 2791 gravius
302 2710 456 2789 aegrotat.
485 2701 558 2766 Sine
579 2707 792 2768 controversia
812 2703 998 2768 mendosum
1018 2710 1065 2767 est
1085 2703 1160 2767 ἀλλ’
1178 2701 1328 2778 ἔμπροσίεν

151 2812 259 2885 βιαίως
296 2810 435 2885 βιαίους,
473 2810 510 2872 de
546 2830 608 2892 quo
640 2808 834 2873 DiudOrfiue:
869 2809 999 2885 ,βιαίως
1033 2809 1205 2874 delendum
1229 2809 1326 2873 autin

151 2914 216 2980 εἴτε
250 2914 470 2978 mutandum.’'
518 2916 615 2978 Abest
646 2916 773 2996 quidem
804 2912 891 2989 εἴτε,
924 2917 978 2980 sed
1010 2926 1041 2979 et
1072 2915 1153 2980 solet
1177 2915 1325 2980 abesseiu

152 3026 209 3087 hoc
246 3021 403 3086 scribendi
437 3043 569 3107 genere,
603 3030 635 3085 et
669 3022 763 3106 (quod
797 3025 957 3108 gravius),
984 3023 1195 3105 depravatum
1219 3021 1326 3087 cssciu

153 3130 261 3203 βιαίως
298 3127 382 3190 haud
419 3127 512 3191 facile
544 3128 740 3191 crediderim.
788 3129 921 3192 Factum
954 3136 1001 3191 cst
1033 3128 1085 3192 hic
1122 3129 1186 3204 bis,
1219 3128 1256 3192 dc
1278 3143 1327 3209 quo

152 3238 243 3299 initio
268 3234 364 3296 huius
388 3235 489 3316 operis
516 3236 557 3316 (p.
586 3232 618 3306 7)
643 3237 771 3297 monui:
794 3235 889 3298 homo
911 3234 1147 3311 somnolentus,
1169 3235 1222 3298 cui
1242 3234 1327 3298 Ham·

152 3343 342 3427 burgensem
379 3339 519 3401 codicem
556 3339 726 3421 dehemus,
765 3362 819 3423 pro
859 3340 1013 3405 vocabulo
1049 3341 1134 3422 quod
1171 3343 1329 3425 requiritur

152 3449 240 3512 aliud
263 3446 338 3530 quid
363 3466 438 3508 sono
462 3444 553 3508 affine
578 3444 703 3508 ἔναυλον
729 3447 808 3526 ἔχων
833 3449 939 3530 inepte
962 3448 1090 3511 chartac
1114 3447 1246 3512 adlevit.
1277 3444 1331 3509 Ho

153 3557 273 3618 minem
318 3555 350 3614 iu
386 3572 443 3615 suo
480 3550 653 3635 exemplari
689 3552 836 3616 habuisse
872 3555 1029 3636 suspicor:
1067 3553 1143 3616 ἀλλ’
1178 3555 1332 3632 ἔμπροσίεν

154 3662 288 3728 ἁπλῶς
314 3657 447 3732 βιαίους,
464 3693 482 3704 -
498 3693 516 3704 -
537 3655 635 3734 ὥσπερ
661 3661 712 3722 καί
739 3662 808 3730 τοὺς
833 3661 992 3734 Γίγαντας
1019 3696 1051 3735 ·,
1079 3658 1180 3725 ὥστε
1202 3659 1332 3729 καὶτοὺς

153 3768 295 3835 Φαίακας
328 3764 565 3840 βλαπτομένους
600 3766 649 3826 ὑπ’
683 3768 782 3828 αὐτῶν
807 3773 1053 3840 μεταναστῆναι.
1101 3766 1138 3831 ld
1164 3775 1230 3832 est:
1255 3772 1335 3853 poete

152 3874 306 3959 Cyclopas
337 3872 369 3932 in
394 3871 653 3953 praecedentibus
678 3872 866 3955 simpliciter
890 3872 1046 3936 violentos
1070 3873 1241 3940 bellatores
1264 3874 1337 3938 dixit

187 4069 212 4121 l)
237 4069 343 4115 Fortasse
368 4069 422 4114 hacc
445 4069 534 4131 optimc
552 4097 584 4103 »-
602 4069 644 4115 etei
670 4085 697 4115 uc
721 4071 865 4133 sicquidem
885 4071 986 4117 fideliter
1004 4098 1036 4105 —
1055 4072 1221 4122 Aristonicum
1241 4076 1337 4121 referunt

151 4149 179 4195 de
197 4150 328 4196 Aristarchi
345 4151 460 4197 sententia
478 4151 558 4197 eodem
576 4152 645 4198 modo
662 4157 742 4198 nostru
759 4157 927 4216 exponentem,
945 4158 970 4200 ui
988 4157 1053 4216 patet
1069 4169 1096 4200 ex
1114 4154 1193 4218 longis
1211 4157 1294 4219 glos-iis
1307 4172 1338 4220 sp

151 4240 303 4302 Apollonium
316 4258 332 4286 s.
346 4256 380 4287 ιι.
397 4238 547 4298 Ἀίεμίσσυν
566 4245 587 4287 ct
611 4240 776 4300 ’τπερφίοιλσι
797 4242 880 4303 ltaque
897 4258 958 4290 nunc
979 4243 1132 4292 Aristarchus
1151 4249 1176 4293 et
1196 4246 1340 4311 Porphyrius

150 4323 223 4371 amice
240 4324 383 4387 conspirant.
