2978 4950
733 186 776 270 :ie

151 397 196 473 μίν
226 392 337 474 πέρασι
368 392 522 473 διαφόροις
547 394 745 475 eopiosior
768 395 855 458 sarci
880 393 1019 475 στέρησιν
1042 402 1096 463 τσῦ
1122 421 1165 469 α.
1194 393 1211 469 ἢ
1238 391 1291 458 διὸ
1317 386 1353 457 τί

152 503 258 566 πολλὰ
290 499 413 577 πέρατα
442 497 527 580 ἔχειν
558 502 632 564 κατ’
663 501 806 566 έπίτασιν
834 505 887 565 τοῦ
918 525 951 566 α.
976 498 1011 567 οὗ
1035 503 1097 582 γὰρ
1122 500 1161 566 ἂν
1185 497 1260 580 tata
1283 523 1354 573 τις,

152 612 241 672 τοῦτο
265 606 366 671 αὐτὸ
391 603 486 684 πέρας
511 605 581 675 ἴσως
608 604 698 685 ἔχιν
722 605 772 671 διὰ
797 606 832 670 τὸ
856 606 1036 687 ἴσαπέρατνν
1058 604 1136 673 εἴναι
1160 605 1214 671 διὰ
1238 605 1296 679 την
1320 603 1356 667 ἔα

153 717 206 779 τοῦ
231 712 326 789 μέσον
350 714 423 789 πρὸς
447 711 482 775 τὸ
507 709 593 791 πέριξ
617 713 683 784 ἴσην
707 710 883 777 exterere
905 711 978 776 κατ’
1004 713 1133 787 ίσίτητα
1158 715 1212 776 τοῦ
1238 735 1273 775 α.
1300 707 1355 792 (Ε)

152 820 201 885 lta
235 816 428 883 Dindorlins.
475 815 649 902 Aliquanto
682 819 780 883 etiam
821 821 1017 905 corruptiore
1056 825 1161 896 erant,
1204 836 1289 903 qnae
1322 817 1355 879 in

152 924 343 989 Buttmanni
362 923 499 987 editione
518 944 558 987 ex
574 922 685 988 eodem
704 922 811 989 codice
835 925 1044 991 Ambrosiano
1065 925 1121 1010 (li)
1144 922 1250 1010 petits
1268 921 1357 1009 lege·

154 1030 281 1106 bantur,
314 1049 394 1114 quae
421 1026 604 1093 Dindortins
627 1031 763 1094 correxit
785 1031 818 1092 in
843 1029 1001 1095 auxilium
1025 1032 1180 1097 adhibitis
1205 1029 1355 1095 Parisino

153 1134 182 1199 D
213 1144 246 1199 et
276 1133 413 1199 Scholiis
443 1133 482 1198 ad
507 1132 659 1211 Iliadem,
683 1136 740 1200 ubi
762 1134 849 1200 idem
875 1136 955 1213 „boc
980 1137 1153 1224 Porphyrii
1177 1134 1352 1202 Scholium

153 1238 309 1325 prolixius
341 1238 540 1325 appositum’'
576 1239 696 1327 legitur
729 1241 769 1305 ed
804 1252 844 1317 Ξ,
875 1240 953 1306 200.
1002 1243 1074 1308 Νοιι
1106 1249 1217 1308 &men
1243 1244 1356 1307 virum

154 1366 321 1411 summum
351 1344 603 1410 emendationem
635 1346 800 1430 perfecisse
831 1353 971 1433 apparet.
1018 1346 1097 1428 Quis
1120 1351 1208 1413 enim
1233 1346 1357 1412 intelli·

155 1459 229 1540 gat,
262 1455 334 1538 quis
364 1458 484 1516 struat:
518 1447 551 1514 οὗ
573 1452 636 1530 γὰρ
667 1451 704 1514 ἂν
735 1450 805 1532 έλίη
832 1476 897 1530 τις,
928 1459 1018 1518 reiro
1050 1457 1127 1520 αὐτὸ
1153 1453 1254 1533 τέρας
1281 1453 1354 1525 ἴσως

156 1558 252 1640 ἔχιν
280 1559 331 1623 διὰ
362 1560 397 1622 τὸ
427 1556 606 1636 ἴσιπέρατον
637 1552 735 1621 sisar?
759 1557 823 1622 Ubi
846 1559 898 1623 bic
923 1560 1056 1625 verbum
1081 1567 1146 1638 est,
1172 1559 1262 1645 quod
1286 1580 1357 1626 sen-

157 1666 291 1730 tentiam
316 1659 505 1729 concludat?
528 1663 633 1727 Arena
656 1670 720 1739 est,
745 1666 850 1741 aiunt,
875 1668 943 1730 sine
966 1665 1061 1731 calce.
1086 1664 1150 1731 Sed
1174 1664 1226 1730 fan
1251 1665 1358 1742 edsit,

156 1770 234 1857 quid
267 1766 359 1835 tuml
391 1767 551 1833 Verumne
579 1768 639 1833 hoc
671 1776 739 1843 est,
766 1790 827 1854 quo
852 1773 923 1854 quis
945 1772 1186 1859 progrediatur,
1212 1772 1304 1837 hune
1328 1770 1358 1835 ei

157 1897 224 1941 esse
247 1878 423 1941 terminum
448 1873 497 1936 διαὶ
524 1876 559 1938 τὸ
584 1873 823 1952 ἴσοπέρατιν
847 1871 951 1941 εἴναι
977 1880 1043 1949 την
1068 1874 1277 1958 σφαῖρανῖ
1298 1876 1361 1942 Sed

155 1985 223 2048 iam
247 1980 320 2046 nolo
343 1980 406 2045 loci
430 1979 576 2044 tenebras
600 1979 739 2044 densere.
775 1980 890 2045 Dicam
914 1985 1038 2066 potins,
1064 2002 1125 2067 quo
1150 1983 1251 2049 modo
1276 1983 1361 2048 mihi

155 2087 370 2174 dispellendae
395 2085 573 2151 videantur.
621 2085 745 2169 Nempe
767 2093 827 2149 trec
845 2107 955 2151 causas
975 2094 1142 2153 enumerat
1153 2087 1361 2175 Porphyrius

154 2216 213 2261 cur
243 2195 257 2258 ὃ
282 2196 393 2264 κύκλος
419 2199 451 2256 et
475 2192 492 2265 ιῖ
517 2199 639 2270 σφαῖρα
663 2188 785 2270 ἄπειρος
809 2192 966 2276 (ἀπείρων)
990 2192 1153 2269 dicontur,
1180 2214 1297 2260 omnes
1321 2214 1361 2259 ex

154 2298 354 2385 etymologia
385 2295 508 2360 scilicet
539 2295 686 2360 vocabuli
718 2297 842 2380 petitas.
890 2299 957 2362 Ant
979 2298 1064 2380 quod
1087 2318 1150 2363 non
1175 2301 1272 2364 certis
1295 2308 1360 2365 ter·

156 2407 253 2470 minis
274 2405 524 2491 distinguantur,
546 2400 610 2481 (διὰ
629 2405 663 2467 τὸ
683 2404 731 2476 μη
753 2400 886 2478 πέρασι
907 2402 1102 2481 διαφόροις
1124 2403 1360 2490 ἀφορίζεσθαι,)

153 2511 260 2576 κατὰ
284 2508 472 2586 στέρησιν
496 2513 562 2571 τοῦ
583 2509 622 2581 E,
647 2513 703 2571 aut
727 2505 810 2591 quod
833 2508 939 2570 multoe
961 2506 1099 2572 habeant
1124 2513 1304 2589 terminos,
1333 2504 1358 2574 ir

153 2619 312 2681 intensive
347 2619 474 2696 sumto,
509 2619 582 2688 aut,
615 2611 699 2696 quod
729 2612 769 2676 ab
802 2612 887 2676 omni
918 2621 1006 2697 parte
1031 2616 1186 2679 terminos
1211 2616 1357 2682 babeant

152 2727 305 2808 aequales,
332 2719 416 2804 quod
440 2718 648 2783 rotundorum
674 2737 840 2801 corporum
864 2721 1026 2802 proprium
1054 2727 1120 2796 est,
1145 2727 1183 2784 ut
1200 2717 1227 2786 α
1246 2746 1360 2809 aequa·

153 2829 437 2893 concenationem
461 2824 589 2891 habeat.
616 2824 701 2906 (κατ’
727 2821 856 2895 ἰσότητα
879 2828 932 2886 τοῦ
956 2826 1001 2906 α).
1052 2823 1120 2889 lam
1146 2829 1258 2911 quivis
1288 2851 1361 2914 per·

153 2934 280 3019 epictet,
304 2931 355 2995 bis
372 2926 406 2992 οὗ
418 2929 481 3006 γὰρ
494 2928 532 2993 ἂν
546 2926 618 3007 έλίη
629 2950 675 2998 τις
689 2940 758 2989 κτλ.
780 2927 1024 3011 explicationem
1038 2933 1193 2997 contineri
1208 2937 1361 3000 secundos

152 3059 283 3115 causae,
319 3056 381 3100 non
416 3035 537 3117 tertias,
573 3053 671 3117 eaque
706 3035 809 3118 igitur
840 3034 1007 3098 emendata
1040 3038 1261 3120 superioribus
1291 3063 1362 3108 esse

152 3141 357 3208 adnectenda.
405 3138 496 3218 Quod
527 3141 554 3202 si
581 3141 652 3222 quis
683 3138 824 3201 nondum
846 3141 1024 3224 perspexit,
1055 3162 1220 3209 assensum
1247 3149 1279 3210 ei
1304 3169 1361 3213 ex·

151 3248 345 3333 torquebunt
365 3266 446 3331 quae
466 3247 499 3307 in
519 3242 723 3327 explicatione
743 3241 870 3309 Scholio
892 3242 987 3308 Iliaco
1008 3245 1176 3333 leguntur,
1200 3256 1360 3335 quoniam

151 3356 228 3431 boc,
252 3354 329 3418 licet
363 3360 395 3416 et
425 3354 530 3435 ipsum
565 3347 627 3413 alio
655 3350 783 3413 nomine
814 3357 998 3434 corruptum
1022 3355 1066 3415 sit
1094 3355 1138 3437 ¹),
1165 3355 1220 3420 bie
1246 3364 1362 3426 tamen

156 3513 303 3524 .----

185 3613 210 3674 l)
233 3611 291 3660 Tris
317 3626 379 3659 nnnc
397 3612 492 3656 tantum
509 3605 616 3670 exempla
634 3620 732 3669 poocm3
751 3605 901 3654 Scholiornm
918 3607 982 3656 eninr
1000 3608 1133 3658 llincorum
1151 3616 1292 3665 emendatio
1313 3618 1362 3667 boc

149 3705 257 3765 ternpore
274 3715 321 3748 non
339 3695 410 3759 ’ίργαν
427 3697 487 3746 mibi
505 3701 540 3743 cst
560 3695 601 3744 sed
618 3691 744 3756 πάρεργον.
779 3694 888 3743 Primum
905 3696 991 3745 vitium
1008 3701 1045 3745 sat
1062 3697 1087 3745 iu
1105 3698 1156 3748 his:
1178 3706 1206 3760 (t.
1228 3703 1265 3750 lv
1285 3722 1310 3770 p,
1326 3708 1362 3755 49

150 3795 168 3844 1.
187 3790 219 3836 33
236 3804 299 3852 seqq.
321 3788 402 3845 Dind.)
421 3785 576 3844 σημαίνει
596 3779 622 3830 dl
642 3782 684 3830 nai
702 3782 743 3844 (so.
762 3782 793 3831 τὸ
811 3779 918 3847 ἴίπιιραν)
938 3784 991 3832 ’ντί
1009 3787 1056 3833 τιν
1074 3787 1141 3834 κατὰ
1162 3789 1193 3837 τὸ
1213 3787 1283 3850 ride<
1304 3792 1359 3844 δρα.

149 3877 262 3941 φίρσντις
281 3875 323 3922 καί
341 3872 408 3934 hav
427 3876 516 3929 καλαί,
537 3873 567 3928 εἴς
587 3867 644 3934 παρ’
667 3870 775 3936 Ἡσιόδῳ.
800 3897 828 3904 -
846 3897 877 3904 -
892 3899 924 3905 -
944 3874 975 3921 τὸ
993 3875 1043 3936 ’γαρ
1060 3874 1196 3939 ἀπειρέσιον
1213 3882 1239 3929 ἐν
1256 3882 1362 3944 ταύτης

147 3968 189 4017 'reri
214 3969 260 4015 τσῦ
285 3960 343 4013 κατ’
370 3961 437 4020 rito<
456 3959 546 4026 εἙίχνν
565 3962 607 4010 nat
624 3962 702 4010 uano
719 3959 786 4021 tyno
805 3960 933 4014 τίταιιται.
970 3966 1038 4028 Quae
1059 3965 1116 4014 haee
1135 3975 1289 4023 constructio
1309 3984 1362 4036 est,

147 4056 258 4118 σημαίνει
278 4055 320 4104 ἐπὶ
338 4050 401 4102 rori?
436 4054 534 4118 Optima
552 4058 633 4100 nostru
650 4052 740 4100 Codex:
759 4050 971 4111 λαμβάνεται
990 4054 1040 4115 ’γὰρ
1060 4054 1091 4101 τὸ
1110 4053 1209 4119 ίίπειρσν
1233 4064 1278 4112 ηρ
1304 4062 1364 4116 ρ’,ρ

147 4151 193 4197 ταῦ
212 4147 279 4195 mis
298 4146 329 4194 τὸ
348 4141 413 4200 oldae
433 4141 587 4203 διαφέροντας
607 4150 665 4188 κτλ.
701 4141 790 4188 Deinde
808 4156 854 4188 nou
873 4147 935 4189 recte
953 4142 1052 4192 babent:
1064 4171 1140 4182 ——
1154 4144 1199 4196 δύο
1214 4153 1267 4215 γὰρ
1284 4151 1364 4207 pm,

144 4237 256 4299 περάσειν
280 4236 311 4284 τὸ
329 4233 374 4296 μέν
392 4229 462 4281 ἐστιν
489 4231 556 4293 ἆρχη
582 4229 629 4291 ἀφ’
655 4222 688 4286 αἴ,
715 4227 746 4276 τί
772 4225 798 4275 dl
818 4228 890 4286 τίλας
910 4231 943 4285 εἴς
962 4229 988 4278 ί·
1009 4229 1065 4280 tm
1084 4235 1133 4296 γὰρ
1153 4232 1196 4286 ἠ’
1217 4239 1310 4303 air&
1331 4249 1364 4296 τὸ

144 4326 213 4378 τιέίν
237 4340 291 4375 τοι·
317 4329 362 4383 τηρ
381 4322 408 4372 δέ
428 4321 485 4380 ἴλης
508 4323 553 4368 τοῦ
572 4317 660 4367 nostru
680 4318 826 4380 περιφερείας
847 4315 935 4367 ventvs.
956 4322 1017 4368 ersis
1036 4323 1099 4384 γὰρ
1119 4320 1132 4370 t
1152 4323 1189 4374 ἄν
1212 4349 1269 4391 Μ
1290 4336 1361 4387 pm.
