2978 4950
719 186 784 258 380

154 395 224 441 rum
249 375 324 443 ordo
343 378 389 442 sic
408 380 777 453 revocandum-ateis
798 381 828 446 a
852 380 918 446 καὶ
942 378 1009 446 διὰ
1034 384 1153 446 τοῦτο
1176 378 1240 446 καῖ
1260 376 1313 454 σὺν

152 486 397 550 Ναυσικάαν
421 492 476 559 τῖς
500 488 637 567 σφαῖραι
661 498 699 567 τῇ
724 489 835 570 παιδιᾷ
860 489 1034 566 τέρπεσθαι.

195 698 227 779 ό,
253 694 329 763 375.
353 695 493 768 Ἰδνωόεῖς
515 699 627 762 dorico:
652 699 823 768 ἀνακλιθεὶς
848 699 955 765 ἑαυτὸν
976 699 1071 763 όπίσω
1105 697 1258 774 άνέβαλλε
1274 696 1314 768 τὴν

149 808 287 882 σΦαῖραν
308 803 350 866 ci:
372 801 459 879 ὕψος.
482 804 663 880 ἐλάμβανεν
683 805 779 877 αὐτὴν
800 806 813 870 ό
835 804 932 883 ’ἕτερος
951 813 1021 878 ταῖς
1037 804 1126 885 χερσὶ
1147 802 1315 882 πρότεροι

151 911 201 974 ἐπὶ
221 910 276 982 τὴν
295 918 355 986 γῆν
374 920 478 974 πεσεῖν
498 911 550 974 καὶ
575 911 631 988 πρὸ
654 918 713 975 τῶν
737 919 857 976 πολλῶν
880 911 944 1000 (Τ).
971 912 1094 976 Immo:
1121 909 1275 986 ἐλάμβανε
1287 909 1315 972 Δ’

151 1018 248 1092 αὐτὴν
272 1022 305 1082 et
329 1016 400 1094 πρὸ
425 1021 495 1080 τοῦ
520 1017 570 1080 ἐπὶ
596 1020 650 1092 τὴν
673 1026 733 1094 γῆν
754 1027 877 1094 πεσεῖν,
898 1019 952 1082 sed
973 1039 1034 1083 non
1055 1022 1200 1084 accurate
1216 1033 1317 1100 rospon-

151 1122 227 1188 dent
258 1123 335 1187 haec
365 1120 545 1188 Homericis
578 1124 671 1201 πάρος
696 1125 816 1188 ποσὶν
839 1121 926 1196 οὖδας
952 1124 1088 1196 ῖκέσόαι,
1115 1142 1195 1206 quac
1217 1141 1271 1186 non
1289 1118 1317 1183 de

149 1229 278 1294 homine
311 1229 373 1293 dici
406 1233 550 1313 apertum
580 1238 636 1294 est.
685 1232 734 1295 An
763 1231 858 1296 huius
882 1232 1154 1316 interpretationis
1177 1227 1317 1293 auctoris

149 1355 207 1401 suo
237 1334 371 1400 Homeri
401 1335 507 1400 codice
531 1335 619 1401 aliud
643 1335 720 1422 quid
747 1337 877 1414 habuit,
902 1359 935 1403 v.
960 1359 987 1402 c.
1013 1336 1108 1414 πάρος
1133 1333 1225 1399 ποτὶ
1248 1327 1317 1402 οῖδα

149 1439 290 1506 ῖιιέσόαιῖ

197 1660 226 1728 ό,
252 1655 328 1723 383.
365 1655 586 1737 Θαυμάζοντος
618 1661 671 1720 τοῦ
705 1654 879 1728 Ὀδυσσέως
910 1658 981 1727 τοὺς
1004 1657 1162 1738 ὀρχηστάς
1187 1655 1237 1720 καὶ
1258 1676 1318 1732 μορ

150 1769 303 1843 τυροῦντος
341 1759 379 1840 „d
410 1766 466 1839 μέν
494 1763 671 1836 άπεόλιισας
694 1763 894 1842 βητάρμονας
918 1759 995 1828 εἶναι
1020 1765 1179 1843 άρῖστους,
1204 1759 1266 1837 ἧδ’
1285 1759 1318 1839 ἄρ’

151 1871 261 1949 ἑτοῖμα
296 1868 452 1944 τέτυκτο”,
486 1868 599 1946 ἐπάγει
631 1870 644 1933 ό
677 1870 802 1944 ποιητός
830 1871 981 1948 »γάθησεν
1006 1872 1033 1934 δ’
1057 1870 1133 1949 ἱερὸν
1156 1869 1242 1946 μένος
1262 1870 1318 1933 'At-

151 1976 283 2054 ιιινόοιο”,
316 1977 536 2048 ἐνδεικνύμενος
568 1977 635 2040 τόν
664 1976 843 2051 ἀγωνιῶντα
874 1975 926 2040 καὶ
951 1977 1154 2058 Φροντῖζοντα
1178 1979 1220 2054 μὴ
1242 1973 1318 2040 πάλιν

150 2083 280 2162 διαπέσῃ
303 2083 355 2147 ιιαῖ
381 2082 503 2162 άλαζὼν
527 2077 603 2144 εἶναι
628 2079 717 2163 δόξῃ,
743 2081 894 2147 ὥστεκαὶ
916 2081 1106 2161 προάγεσθαι
1128 2084 1178 2148 tri
1200 2084 1319 2147 τδέτιιι-

150 2199 209 2255 νεῖν
238 2190 290 2253 τόν
313 2190 554 2268 μαρτυρήσαντα
579 2189 725 2262 άλιὶόειαν
749 2190 852 2266 αὐτῷ·
879 2190 913 2267 „o‘
938 2189 1032 2267 ξεῖνος
1055 2190 1152 2266 μάλα
1174 2213 1224 2266 μοι
1245 2187 1317 2253 δονέοι

151 2293 341 2372 πεπνυμένος
367 2290 472 2358 sisai&
496 2293 547 2358 καῖ
572 2293 622 2357 tri
647 2296 743 2374 τούτῳ
763 2296 841 2373 δῶρα
861 2295 972 2360 διδόναι
990 2297 1251 2377 προτρέπεται
1267 2293 1319 2361 τοὺς

148 2400 314 2477 παρόντας.
347 2400 463 2485 (sHQ)
488 2399 561 2464 Nisi
585 2421 636 2465 mc
660 2402 767 2466 omnia
789 2401 924 2485 fallunt,
949 2404 1001 2467 καὶ
1027 2408 1134 2467 ταῦτα
1161 2400 1318 2484 [londonien

148 2508 185 2573 ln
209 2508 323 2594 quibus
348 2510 406 2571 etsi
426 2505 645 2581 ἐνδεικνύμενος
665 2507 715 2570 τόν
735 2510 915 2583 άγωνιῖνντα
934 2509 1066 2573 fortasse
1086 2509 1213 2575 defendi
1224 2513 1317 2595 pomi,

147 2625 255 2682 tamen
287 2615 367 2678 mihi
398 2614 526 2697 quidem
561 2613 713 2678 articulus
746 2618 778 2677 in
814 2616 872 2679 hoc
904 2617 1074 2680 verborum
1101 2620 1249 2681 iunctura
1269 2622 1318 2679 tam

147 2724 244 2789 durus
270 2723 411 2806 pervenit
435 2720 473 2783 ad
497 2741 587 2783 aures
611 2741 665 2804 pro
685 2724 869 2805 pronomine
887 2723 999 2803 αὐτόν,
1021 2723 1105 2806 quod
1127 2725 1320 2807 unusquisqm

146 2837 257 2915 sponte
291 2830 446 2911 requirat,
481 2833 518 2889 ut
548 2847 610 2890 non
640 2828 767 2910 quidem
801 2828 859 2892 hoc
893 2831 1081 2903 restituam,
1116 2869 1150 2877 —
1179 2850 1233 2894 cur
1254 2828 1319 2892 enin

146 2937 354 3021 depravatum
385 2929 487 2997 esset?
513 2971 552 2980 —
578 2933 631 2996 sed
664 2954 700 2997 eo
724 2933 861 3002 adducar
886 2940 920 2997 ut
944 2934 1072 2998 credam
1099 2945 1172 3018 post
1194 2937 1243 2999 τὸν
1265 2951 1320 2996 οισι

145 3043 298 3107 excidisse
322 3059 436 3104 nomen
462 3040 623 3121 proprium
649 3039 777 3102 fortasse
797 3040 1018 3124 compendiose
1040 3043 1214 3124 scriptum:
1234 3040 1322 3103 ε’νδειι-

146 3149 268 3224 νύμενος
300 3146 351 3208 τόν
387 3144 630 3226 (Ἀλκίνουν)
668 3145 847 3219 άγοινιῶντα
883 3147 934 3209 καὶ
973 3147 1177 3226 Φροντῖζοντα
1215 3148 1256 3224 μδ
1277 3141 1321 3207 τά·

145 3272 192 3320 λιν
222 3253 364 3331 διαπέσῃ.
410 3252 594 3334 Praeterea,
619 3251 748 3335 dempto
774 3260 887 3336 puncto
912 3261 982 3337 post
1006 3249 1105 3336 εἶναι,
1130 3257 1177 3318 sic
1202 3255 1322 3319 continu·

145 3363 226 3427 anda
256 3361 428 3425 sententia:
462 3355 537 3421 ὥστε
570 3358 620 3420 καὶ
655 3358 844 3437 προάγεσθαι
878 3361 927 3422 ἐπὶ
962 3361 995 3422 τό
1024 3362 1163 3425 ἐπαινεῖν
1187 3361 1238 3425 τὸν
1260 3380 1323 3437 μαρ-

105 3480 107 3485 ‘
145 3471 321 3544 τυρήσαντα
357 3464 502 3534 άλιέόειαν
535 3466 637 3538 αὐτῷ·
664 3500 717 3512 --
746 3465 798 3527 καὶ
832 3466 881 3527 ἐπὶ
907 3467 1004 3541 τούτῳ
1028 3467 1106 3542 δῶρα
1135 3467 1246 3531 διδόναι
1269 3485 1323 3541 προ·

145 3575 365 3652 τρέπεσθαι
389 3571 458 3642 τοὺς
484 3571 646 3647 παρόντας.
674 3569 756 3634 Nam
778 3571 894 3636 ultima
914 3593 1038 3657 quoque
1060 3574 1100 3638 ab
1118 3571 1198 3637 ὥστε
1211 3575 1324 3659 pendero

144 3683 195 3747 vel
231 3678 334 3744 solum
368 3676 448 3740 illud
485 3677 536 3738 καὶ
564 3680 603 3723 ’-
630 3678 681 3739 καὶ
717 3678 793 3740 satis
822 3679 971 3743 ostendit.
1007 3679 1180 3765 Sequitur:
1206 3677 1324 3745 λοιπόν

145 3789 176 3852 δέ
206 3787 295 3851 όντων
330 3783 389 3847 έτι
414 3783 632 3859 άπράιιτιον
659 3780 697 3845 ὧν
721 3785 960 3860 άπιιγγεόλατο
986 3790 1020 3849 τὸ
1045 3794 1101 3860 τοῖς
1130 3787 1210 3868 ᾠδῆς
1234 3789 1282 3851 καῖ
1301 3782 1326 3848 τό

144 3902 199 3966 τῆς
232 3893 353 3961 έσόῖτος
386 3902 453 3951 κτλ.
504 3888 714 3954 intolerabilis
746 3897 795 3954 est
825 3890 876 3954 vel
901 3892 933 3953 in
959 3893 1143 3978 Porphyrio
1169 3894 1327 3978 anologio

91 4031 94 4036 ·
144 3998 248 4062 λοιπόν
281 3996 311 4060 δὲ
336 3992 390 4057 ἔτι.
440 3994 511 4057 Νοιι
535 4000 641 4057 tamen
666 4001 790 4059 mutare
815 3996 989 4081 quidquam
1017 4019 1115 4063 ausus
1140 4022 1259 4072 essem.
1280 3998 1329 4062 nisi

144 4103 266 4167 codices
289 4103 483 4183 praeiissent.
517 4098 599 4163 Cum
625 4099 678 4178 EQ
703 4122 758 4184 pro
782 4105 886 4165 λοιπὸν
912 4102 1051 4168 habeant
1077 4113 1191 4170 λοιπῶν
1216 4107 1330 4173 sortasse

144 4228 206 4272 non
240 4209 376 4269 nimium
408 4205 555 4268 audacter
587 4205 697 4269 fecisse
729 4207 878 4289 videbor,
911 4212 939 4272 si
973 4220 1135 4294 expuncto
1160 4212 1330 4291 άπράκτων.

146 4313 229 4399 quod
252 4311 423 4374 sententiae
447 4309 621 4374 fulciendae
648 4332 742 4374 causa
766 4320 837 4395 post
858 4317 1074 4400 corruptelam
1099 4323 1269 4384 accessisse
1288 4339 1332 4404 pu·
