2978 4950
724 190 772 267 tc·

147 384 235 464 Quae
270 386 420 471 exscripsi
455 408 494 452 ex
523 387 680 454 Dindortii
712 391 988 455 emendationibus
1023 394 1116 464 sunt,
1146 386 1340 456 Buttmanni

149 493 292 558 humeris
315 500 352 558 ut
375 493 554 578 plurimum
580 499 658 560 nixi.
684 494 817 562 Codices
834 498 1003 582 praebent:
1029 499 1043 560 ο·
1068 496 1099 561 δὲ
1124 497 1154 560 ἐν
1174 496 1340 578 κεφαλαίῳ

149 599 289 671 δηλώσας
314 600 349 664 τὸ
385 601 608 682 κεχαρισμένον
643 603 824 684 Εὐρνμοίχιρ
860 604 997 668 τοίντιι
1033 604 1205 688 ἒτώγει,
1241 599 1342 689 οἷον,

150 705 220 770 εἰίν
254 705 311 788 (ἴον
335 706 382 790 H)
414 731 476 778 τις
505 709 624 779 ἐλπὶς
649 710 709 789 ἐφ’
734 713 842 786 ἡμᾶς
865 713 1108 788 σὶμχελοῦσιι
1133 712 1341 788 μαντείας

150 813 243 886 αὐτὸς
276 815 307 878 δὲ
333 851 351 864 -
366 850 385 863 -
409 820 498 889 Φιροι.
545 814 600 880 sic
631 814 735 896 EHQ3
770 837 827 881 nec
852 816 957 882 multo
989 817 1083 882 aliter
1113 816 1135 881 S
1163 818 1344 903 (Parisinus

151 919 272 996 2894);
298 957 351 973 --
375 921 514 985 τοίντα
537 921 677 986 ἒτοίει.
702 922 798 987 οὗτοι
822 923 894 998 μέν
917 948 979 994 τις
1004 925 1123 994 ε’λτίς
1151 925 1211 1005 ἐφ’
1236 927 1342 1001 ἡμᾶς

149 1028 425 1106 ἀγγέλλοντα
455 1030 681 1105 μαντείας,
707 1050 781 1094 cum
805 1030 971 1094 Parisinus
993 1030 1024 1094 D
1048 1033 1155 1096 omnia
1177 1033 1265 1096 inter
1287 1025 1343 1095 οίνν

151 1143 183 1201 et
214 1135 310 1202 οὐδενί
339 1144 417 1214 φησι
442 1135 632 1219 simpliciter
661 1138 808 1213 omittat,
838 1157 891 1202 me
929 1137 1057 1222 quidem
1092 1138 1199 1202 iudice
1233 1157 1272 1202 ea
1306 1136 1345 1200 de

151 1264 263 1325 causa,
296 1242 379 1327 quod
410 1241 487 1305 baec
518 1244 551 1306 in
582 1245 745 1307 communi
776 1243 918 1307 omnium
943 1243 1115 1329 archetypo
1140 1248 1197 1307 aut
1222 1243 1289 1307 situ
1312 1248 1345 1308 et

150 1349 280 1415 madore
299 1349 433 1414 evanida
451 1355 507 1412 eut
527 1347 694 1432 pallidiore
713 1355 888 1414 atramento
908 1352 1024 1434 scripta
1036 1349 1119 1414 clare
1132 1350 1269 1415 discerni
1282 1370 1344 1416 non

149 1462 304 1541 poterant.
329 1455 381 1519 Sic
400 1458 504 1541 igitur
523 1452 664 1518 Codices.
691 1452 883 1520 Oritioorum
904 1460 1097 1521 mutationes
1116 1457 1252 1521 obscuro
1275 1455 1344 1522 loco

150 1584 213 1628 non
236 1561 377 1626 multum
401 1560 483 1625 lucis
507 1560 652 1625 attulisse
675 1561 758 1625 mibi
781 1563 945 1638 videntum
970 1563 1047 1647 quid
1071 1565 1154 1626 enim
1180 1561 1345 1628 lucremur

151 1668 258 1733 τώντα
288 1707 328 1715 -
360 1668 443 1753 quod
467 1687 575 1732 omnes
599 1666 673 1731 libri
695 1668 813 1732 habent
837 1705 881 1717 —
904 1670 937 1732 in
961 1674 1065 1733 ταῦτα
1090 1676 1234 1746 mutato,
1260 1669 1345 1754 quod

150 1775 347 1840 Buttmanno
370 1774 520 1854 debetur,
544 1793 671 1857 prorsus
692 1793 753 1838 non
774 1774 924 1858 dispicio,
943 1795 1044 1859 neque
1073 1778 1179 1862 magis
1203 1776 1283 1860 quid
1303 1779 1346 1840 sit

151 1883 286 1958 μαντεία
306 1879 433 1960 ἔρχεται
453 1881 505 1960 ἐφ’
527 1883 622 1954 ἡμᾶς,
642 1901 716 1963 nec,
740 1883 767 1944 si
790 1888 874 1946 recte
897 1881 1043 1958 baberet,
1066 1882 1105 1946 ad
1123 1882 1285 1967 quodnam
1306 1903 1346 1947 ex

151 1987 410 2075 praecedentibus
433 1987 566 2052 verbum
591 1985 790 2050 referendum
814 1989 857 2052 sit
880 1987 1010 2051 οὐδενί
1042 1990 1280 2068 προσέχειν,
1301 2026 1342 2037 -

150 2095 236 2159 baud
249 2093 343 2180 paulo
355 2096 473 2158 rectius
486 2099 613 2175 tamen,
635 2099 672 2155 ut
691 2113 830 2176 semper,
851 2092 1081 2158 Buttmannns:
1104 2095 1158 2159 ἐών
1177 2118 1224 2166 τις
1251 2094 1346 2177 {adp

149 2202 267 2271 ε’λτὶς
293 2199 343 2278 ἐφ’
367 2201 450 2276 ἡμᾶς
475 2197 509 2274 ἐξ
531 2200 692 2276 ἀγγελίας
717 2203 733 2273 ἢ
758 2200 930 2277 μαντείας,
955 2231 994 2245 ·-
1020 2222 1077 2265 nec
1102 2202 1180 2286 quid
1205 2202 1243 2265 δὲ
1273 2209 1345 2287 post

149 2306 243 2377 αὐτὸς
261 2309 403 2392 positum
424 2303 598 2392 significet,
619 2325 676 2369 nec
696 2305 853 2389 quomodo
873 2310 941 2371 tota
959 2306 1108 2391 periodus
1128 2308 1283 2373 struenda
1302 2311 1346 2373 sit

149 2412 330 2478 ullomodo
350 2411 507 2499 intelligo.
531 2411 642 2496 Neque
663 2422 771 2475 tamen
790 2412 868 2476 haec
888 2421 1052 2498 propterea
1072 2414 1161 2486 dico,
1174 2433 1211 2478 ac
1235 2417 1263 2479 si
1276 2414 1344 2500 ipse

149 2519 287 2584 tenebris
317 2540 335 2583 a
366 2517 435 2582 loco
465 2516 669 2601 dispellendis
692 2538 750 2602 par
772 2521 843 2581 sim.
893 2515 975 2583 Oum
999 2522 1156 2584 sententia
1179 2523 1279 2585 etiam
1305 2540 1344 2585 ex

148 2626 253 2690 verbis
288 2627 425 2709 pessime
460 2623 578 2687 habitis
613 2623 787 2708 polluceat,
821 2627 960 2689 tentavi:
1002 2626 1015 2687 i
1048 2626 1079 2690 δὲ
1111 2627 1140 2688 ἐν
1174 2629 1343 2707 κεφαλαίῳ

149 2732 288 2805 δηλώσας
319 2734 353 2794 τὸ
383 2731 605 2811 κεχαρισμένον
627 2730 825 2811 Εὐρυμάχῳ,
850 2734 978 2816 (nempe
1001 2733 1118 2796 verbis:
1147 2734 1212 2807 ἦτοι
1238 2734 1341 2804 νόστος

148 2843 291 2904 οὶτώλετο
327 2838 572 2917 sarpis-dacio)
603 2837 738 2901 πάντα
771 2835 797 2916 (i
828 2857 885 2902 an:
918 2837 1078 2922 πλείονί)
1102 2839 1239 2923 ε’ποίχει,
1266 2835 1343 2924 οίον,

149 2949 217 3010 εὀίν
240 2970 302 3017 τις
334 2946 486 3021 ε’λνιίσρ
518 2946 722 3019 roesam
747 2945 944 3021 οίχχὲλοις
970 2947 986 3020 ἦ
1011 2947 1253 3032 μαντείαις,
1279 2949 1342 3011 αὖ·

148 3052 213 3122 τὸς
250 3052 466 3131 προσέχειν
501 3049 632 3113 οὐδενὶ
669 3051 824 3128 φήσας,
857 3053 957 3115 eiecto
985 3052 1038 3127 δὲ,
1063 3052 1147 3136 quod
1173 3057 1342 3120 accessisse

147 3163 268 3243 potest,
293 3164 461 3242 postquam
486 3157 592 3235 Φίοοις
617 3157 651 3218 in
676 3161 754 3236 φησι
780 3157 869 3221 abiit.
917 3154 979 3222 Oui
1004 3161 1189 3223 correctioni
1217 3159 1342 3246 aliquid

147 3263 430 3329 commendationis
465 3261 611 3326 accedere
641 3267 745 3345 potest
777 3283 815 3326 ex
847 3260 975 3327 Scholia
1000 3263 1039 3327 ad
1062 3285 1108 3327 vs.
1136 3264 1220 3343 415,
1247 3269 1342 3347 (item

146 3392 185 3435 ex
214 3369 336 3453 DEQS)
367 3369 436 3442 ubi,
463 3374 639 3432 memorata
662 3367 807 3433 lectionis
830 3369 985 3434 varietate
1008 3370 1037 3433 εί
1059 3394 1126 3434 τινα
1152 3392 1209 3455 pro
1234 3371 1342 3460 ἥντινα

149 3478 201 3561 (ex
222 3475 402 3540 Herodiano
411 3472 451 3558 l),
466 3474 544 3539 baec
555 3474 725 3561 leguntur:
744 3474 951 3554 ε’ξεφαώλιτεν
967 3473 1178 3561 (ἕξεφαιίλισε
1197 3479 1236 3542 δὲ
1257 3486 1343 3546 recte

146 3580 188 3669 D)
209 3585 247 3653 ώς
267 3589 439 3659 γυναικεῖον
453 3580 482 3644 ὃν
507 3581 752 3666 (ίιιε.τὸ)ται”ς
773 3583 989 3652 τοιαύταις
1010 3586 1236 3657 μαντείαις
1257 3612 1342 3651 τισ-

145 3689 289 3753 τειίειν.
339 3687 400 3752 Sed
427 3679 466 3751 n'e
490 3686 688 3770 sicquidem
714 3688 795 3750 mibi
819 3691 969 3752 satisfeci.
995 3689 1040 3753 Ut
1063 3712 1163 3755 unum
1189 3697 1342 3781 tangam,

145 3795 249 3871 deest,
285 3813 381 3879 quam
418 3799 525 3857 tamen
564 3794 715 3856 omissam
752 3812 819 3857 esse
854 3814 913 3855 non
950 3801 998 3858 est
1032 3796 1204 3874 credibile,
1237 3803 1342 3864 omnis

144 3899 265 3964 mentio
298 3920 426 3976 eorum,
459 3918 538 3982 quae
569 3899 603 3959 οόο
624 3900 693 3978 fine
716 3899 754 3978 ad
779 3901 881 3981 ipsam
907 3900 945 3964 de
970 3901 1093 3986 hospite
1118 3909 1341 3986 quaestionem

144 4005 304 4088 respondit
326 4005 545 4071 Telemachus.
577 4001 791 4082 Quamobrem
817 4004 985 4070 obscurum
1009 4006 1116 4072 locum
1142 4013 1341 4087 acutioribus

144 4111 402 4177 commendatum
426 4109 534 4176 velim.

190 4345 230 4401 α,
263 4321 338 4386 427.
375 4320 575 4401 Μερμερρίζοιν
605 4324 773 4406 exponitur
801 4324 834 4386 in
859 4322 950 4402 EQS:
977 4326 1020 4395 είς
1044 4328 1152 4390 πολλοὶ
1177 4329 1256 4410 μέρος
1280 4333 1336 4409 μέ-
