2978 4950
652 76 695 145 56

72 268 193 336 Scholii
222 289 284 335 non
316 269 425 333 minus
455 276 601 355 corrupto
631 292 689 336 nos
718 270 950 335 convertamus.
997 264 1059 359 Kal
1084 263 1138 333 διά
1161 264 1196 333 τί
1218 302 1261 317 ·-

72 396 220 462 quaerere
254 377 361 462 pergit
394 412 433 423 -
460 377 490 439 ἐν
525 377 581 450 μὲν
616 386 653 457 τῇ
690 374 797 439 Ἰλιάδι
833 373 893 438 οὐδ’
925 370 1001 444 ὅλοις
1026 411 1069 421 -
1092 374 1153 465 εἰσ1
1177 376 1264 439 mis

71 482 194 565 (lodex,
228 482 311 567 quod
347 479 505 546 Prellerus
540 485 688 568 imperite
725 485 802 568 legit
827 481 892 544 οὐδὲ
923 481 961 550 ὡς
988 479 1096 566 (Dind.
1124 480 1209 565 App.
1231 498 1263 563 p.

74 589 152 673 737)
178 626 218 637 -
243 585 320 667 τόξῳ
350 590 504 667 χρώμενον
534 598 615 652 τοιεῖ
643 590 695 653 τὸν
726 586 899 664 Ὀδυσσέα,
936 623 998 635 --
1023 586 1054 649 ἐν
1086 584 1191 662 μέντοι
1223 594 1264 666 τῆ

72 695 240 777 Ὀδυσσεία
281 742 299 772 ,,
309 693 474 775 Φάρμακον
511 694 689 773 ἀνδροφόνον
727 692 899 773 διζήμενον”
934 695 1081 757 άτελοεῑν
1118 694 1174 773 τρὸ
1210 697 1264 757 τεῦ

71 801 216 866 άτάτλον
235 806 288 866 τοῦ
308 802 351 872 εὶς
371 803 426 873 την
442 804 537 864 Ἴλιον
557 801 650 865 αὐτόν
668 808 763 881 Φησιν
786 800 889 879 ,ὄφρα
906 800 931 863 οἱ
952 798 997 873 εἴη
1017 799 1078 871 ἰοὺς
1091 796 1266 880 misulas?

71 910 123 975 καὶ
146 916 256 988 τυχεῖν
276 954 376 971 .....
393 909 478 986 ταρά
503 909 703 989 Ἀγχιάλου,
731 907 839 984 ,άλλά
864 906 967 984 τατνὶρ
991 906 1016 970 cl
1039 904 1132 970 δῶκεν
1159 903 1265 989 ε’μάς,”

33 1062 39 1075 .
71 1031 154 1100 κτλ,
186 1015 241 1079 nbi
269 1012 351 1077 nihil
378 1012 467 1077 uliud
497 1013 703 1078 obliteratum
734 1034 801 1079 esse
823 1018 927 1097 potest
949 1032 1044 1097 quum
1068 1012 1202 1091 τούτου,
1225 1016 1263 1076 nt

70 1126 130 1189 sit:
163 1121 215 1185 xci
248 1128 357 1200 τυχεῖν
380 1119 522 1213 τούτου
546 1122 631 1197 παρὰ
656 1120 847 1200 Ἀγχιάλου.
894 1118 1133 1204 Respondetur:
1157 1117 1263 1201 ῥητέον

71 1224 120 1295 οὖν
147 1224 193 1293 ὅτι
226 1232 331 1291 ταῦτα
362 1227 468 1290 πάντα
492 1229 563 1305 πρὸς
588 1230 782 1300 κατασκευὴν
807 1231 860 1291 τοῦ
884 1227 1036 1302 μεγίστου
1060 1226 1181 1302 syenae
1205 1232 1263 1299 τῆς

71 1334 351 1415 μνηστηροφονίας,
387 1334 480 1404 αὐτὸς
516 1334 573 1409 μὲν
608 1334 840 1414 γυμναζόμενος
877 1333 907 1395 ἐν
945 1379 1049 1398 .....
1086 1330 1138 1397 ἵνα
1174 1340 1263 1415 Φακῇ

71 1450 199 1522 τηρῆσαι
232 1442 286 1514 την
317 1440 396 1504 ἰδίαν
419 1438 480 1515 ἕξιν
504 1457 586 1512 κτλ,
609 1461 689 1525 quse
712 1443 759 1504 ito
781 1438 957 1524 supplendo
979 1458 1063 1504 osse:
1088 1437 1185 1511 αὐτὸς
1206 1438 1263 1517 μὲν

72 1547 304 1627 γυμναζόμενος
336 1548 635 1627 ἐμφανίζεται,
667 1545 716 1610 ἵνα
742 1560 812 1610 κτλ.
838 1549 903 1610 ism
927 1544 994 1608 dixi
1018 1548 1053 1609 in
1076 1544 1262 1613 observet.

70 1677 102 1741 p.
135 1652 189 1719 39.
219 1652 307 1719 llaec
331 1655 432 1739 igitur
456 1673 549 1716 censo
573 1660 620 1718 est
643 1674 699 1718 cur
723 1655 756 1716 in
779 1651 922 1735 Odyssea
945 1656 1071 1716 tuntum
1095 1650 1211 1717 Ulixes
1232 1656 1265 1719 ot

70 1760 229 1826 inculundi
258 1768 325 1824 orte
357 1768 518 1843 praestans
548 1771 580 1824 et
614 1762 775 1825 venenatis
806 1756 934 1843 sagittis
957 1764 1049 1823 utens
1073 1759 1264 1835 inducetur,

71 1866 120 1933 ἵνα
143 1876 230 1946 Φανῇ
255 1874 381 1943 τηρῆσαι
407 1868 460 1938 την
485 1866 563 1929 ἰδίαν
587 1864 665 1942 ἕξιν,
691 1871 724 1930 et
747 1886 803 1930 our
827 1868 860 1927 in
885 1882 922 1926 ea
947 1884 1010 1929 unu
1033 1869 1264 1931 vernularum

72 1976 265 2061 sagittarum
295 1974 416 2036 mentio
447 1970 512 2045 fist,
541 1970 591 2036 ἵνα
624 1972 783 2051 συμβαίνη
814 1973 918 2050 λέγειν
950 1974 1034 2050 αὐτῷ
1067 1970 1199 2049 ,βάλλε
1222 1995 1266 2035 τι·

72 2081 274 2162 τυσκόμενος,
306 2079 350 2141 τοὶ
384 2078 409 2141 δ’
442 2080 621 2159 άγχιοτῑνοι
645 2079 803 2144 ἔτιττον.”
827 2088 878 2158 (χ,
908 2077 994 2164 118).
1019 2077 1138 2144 Contra
1158 2084 1210 2143 sst
1231 2080 1265 2143 iu

73 2186 188 2251 Iliade:
214 2181 288 2248 ὅταν
312 2182 426 2249 οὖντά
450 2185 529 2260 βέλη
556 2186 585 2247 ἐν
610 2196 647 2265 τῇ
673 2186 781 2249 Ἰλιάδι
807 2186 974 2263 κοινοτέρως
997 2184 1092 2264 τικροδ
1116 2184 1169 2249 καὶ
1192 2208 1265 2249 τεν·

73 2293 188 2356 κεδανά
224 2292 302 2370 λέγη
337 2292 388 2353 καὶ
425 2292 602 2370 ἕχετευκῆ,
637 2291 798 2363 πάντας
834 2292 900 2355 διά
937 2295 1002 2355 τοῦ
1037 2288 1263 2371 Φαρμάκον

74 2400 291 2480 κεχρῑσθαι
327 2398 570 2462 άκουστὲον·
609 2399 743 2474 οὐδαμοῦ
780 2400 842 2477 γάρ
878 2404 967 2463 τοῦτο
1003 2399 1034 2461 ἐν
1064 2398 1106 2479 τῷ
1137 2398 1263 2478 Ἰλιακῷ

73 2505 198 2585 πολέμῳ
235 2504 468 2587 ἐπεσημήνατο,
504 2505 568 2568 διά
605 2505 642 2567 δὲ
679 2505 721 2569 τὸ
758 2506 829 2575 τοὶς
865 2502 906 2578 ἐξ
933 2505 1066 2569 αὐτῶν
1095 2505 1263 2583 πληγάς

75 2611 290 2680 ἓτυδύνους
323 2610 441 2673 οὔσας
474 2610 567 2693 (Ocu.
593 2612 739 2685 ὄντας),
765 2612 845 2675 καθά
871 2612 922 2674 καὶ
948 2614 999 2676 τὸν
1024 2610 1161 2701 τδλεμον
1187 2636 1263 2677 πευ-

73 2719 197 2784 κεδανὸν
217 2716 278 2797 ἔφη
299 2721 569 2795 καταχρηστικῶτ,
588 2717 736 2781 ἐπώδυνον
747 2717 933 2795 βουλόμενος
948 2719 1131 2798 ἐμφανίσαι.
1157 2718 1263 2799 Quom

73 2825 208 2891 absurde
232 2832 264 2888 et
287 2821 464 2888 malesane!
502 2828 606 2908 Atque
631 2828 791 2909 inpriore
815 2827 945 2909 quidem
969 2828 1144 2891 sententies
1175 2832 1265 2913 perte

73 2940 197 3017 practer
219 2930 282 2995 alia
306 2951 449 3014 perverse
473 2932 590 3013 scripte
610 2934 678 3015 ipse
702 2931 838 3017 negandi
863 2931 1020 3016 porticulo
1043 2935 1075 2997 οὐ
1097 2933 1205 3011 deest,
1225 2934 1264 2999 de

74 3060 135 3123 quo
159 3037 267 3102 mendi
290 3057 405 3122 genere
431 3046 537 3120 postes
556 3036 647 3120 pluro
668 3037 814 3122 exemplu
835 3038 1004 3102 dabuntur.
1034 3039 1117 3103 Nem
1137 3061 1266 3125 prorsus

74 3146 229 3209 contraris
251 3145 367 3226 requiri
390 3163 498 3206 eorum
518 3164 597 3226 quoe
617 3143 703 3208 editu
722 3152 814 3227 sunt,
835 3147 941 3228 quivis
953 3147 1084 3209 rationis
1096 3166 1157 3211 non
1170 3146 1264 3232 plunc

73 3272 183 3336 expers
207 3257 316 3333 sponte
341 3248 457 3312 videet.
483 3246 591 3332 ltuque
616 3270 727 3313 verum
750 3252 827 3313 erit:
853 3250 926 3313 ὅταν
951 3248 1059 3315 οὖντά
1079 3252 1160 3330 βέλη
1182 3255 1263 3320 lor.

74 3357 184 3421 Ἰλιάδι
208 3380 238 3419 κ.
262 3356 355 3433 πικρά
370 3390 389 3402 -
403 3355 513 3432 -λέγη
537 3356 589 3418 καὶ
611 3357 777 3440 ὲχετευκῆ,
799 3357 922 3426 πάντας
942 3358 981 3422 οὑ
1007 3358 1070 3421 διὰ
1096 3361 1138 3424 τὸ
1163 3366 1265 3443 Φαρ-

74 3463 182 3543 μάκῳ
196 3464 354 3542 κεχρῐσοαι
368 3460 540 3533 ἀκουστέον,
555 3469 649 3546 etque
662 3465 707 3527 its
719 3463 850 3527 demum
863 3461 1081 3550 intelligetur:
1093 3465 1264 3544 οὐδαμοῦ

76 3572 139 3650 γάρ
169 3574 258 3634 τοῦτο
282 3570 311 3632 ἐν
336 3570 376 3647 τῷ
401 3570 560 3648 Ὶλιακῷ
587 3571 748 3648 πολέμῳ
774 3570 1076 3644 ἐπεσημήνατο.
1103 3570 1193 3653 Ques
1217 3596 1265 3640 ss·

77 3684 219 3762 qunntur
247 3678 345 3740 eiecto
377 3674 417 3737 τὸ
449 3677 495 3739 sio
519 3682 593 3739 sunt
617 3676 853 3740 constituenda:
878 3676 928 3739 διά
953 3676 982 3739 δὲ
1008 3676 1079 3748 τὰς
1104 3676 1139 3754 ἐξ
1162 3682 1266 3747 αὐτῶν

77 3786 207 3860 τληγιδς
238 3781 402 3852 ἕτοδύνους
435 3780 545 3853 οὔσας,
575 3802 649 3845 narn
679 3788 711 3846 et
739 3783 816 3846 haec
839 3785 1012 3847 necessario
1035 3783 1075 3848 nb
1099 3788 1265 3853 ἀκουστέον

76 3890 223 3977 pendent,
237 3888 290 3953 sed
303 3896 427 3951 mutate
439 3891 681 3953 constructionis
693 3889 804 3953 forma.
829 3888 1016 3973 Simplicius
1029 3890 1152 3980 dictum
1165 3894 1266 3961 foret:

77 3999 117 4063 οὗ
142 3998 206 4061 διά
231 3997 272 4059 τὸ
296 3998 454 4075 φαρμάκῳ
479 3998 697 4073 κεχρῖσθαι
724 3995 903 4071 άιισυστέον,
929 3995 994 4059 διά
1015 3996 1052 4061 δὲ
1078 3999 1121 4062 τὸ
1146 4001 1206 4075 τάς
1230 3998 1267 4078 ἐξ

77 4107 176 4169 αὐτῶν
200 4102 328 4179 πληγάς
354 4102 518 4169 ἐτωδύνουι
545 4097 664 4177 εἶναι,
692 4102 745 4166 sed
765 4100 882 4166 maluit
901 4100 1098 4189 Porphyrius
1117 4105 1157 4171 de
1176 4128 1268 4173 mors

78 4211 266 4298 exquisitius
290 4210 392 4273 dicere
415 4211 448 4272 οὐ
472 4208 535 4271 διά
562 4207 601 4272 τὸ
628 4246 668 4255 -
694 4210 923 4287 κεχρῑσθαι,
951 4208 1018 4275 διά
1043 4209 1082 4274 δὲ
1107 4215 1185 4286 τάς
1211 4250 1267 4265 --

1405 4206 1437 4241 Ι
