2978 4950
687 224 728 307 21

109 422 230 507 μόνος
260 428 356 510 σοφός
390 429 554 510 ῥθεσθαι
585 428 737 508 θοινώτου,
773 433 798 497 εἰ
829 431 864 495 τό
889 431 962 509 παρ’
987 426 1113 501 ἑαυτοὺς
1138 425 1235 496 αἴτιον
1257 428 1301 509 μη

109 535 267 618 πρόφασιν
288 536 420 601 ἐνδοῦναι
440 537 583 602 πείσειεν.
606 537 714 602 Etiem
735 538 813 603 haec
833 535 1029 622 quincuplici
1047 537 1129 600 vitiu
1141 536 1304 603 liberanda

108 651 195 709 suut.
243 644 290 710 Ac
319 645 462 729 primum
486 643 656 709 delendum
680 651 728 709 est
753 641 939 727 [ῥυόμενοι],
965 642 1048 727 qued
1072 649 1104 707 et
1127 647 1303 708 arctissime

108 750 333 837 coniungenda
368 749 495 815 divellit
531 756 563 816 et
596 749 689 835 plene
725 769 958 835 supervacuum
995 755 1052 814 est.
1099 749 1238 814 Ῥώεσθαι
1271 756 1304 816 et

108 855 214 937 σώζειν
232 855 286 922 vel
306 857 476 934 ἐλευθεροῦν
496 877 623 941 prorsus
641 857 727 921 idem
752 854 950 943 significant,
972 862 1080 941 estque
1104 855 1186 921 illud
1210 863 1303 923 vetus

108 967 143 1028 et
165 965 343 1049 pc'eticum,
368 964 428 1028 hoc
450 963 599 1028 omnibus
622 965 655 1027 in
679 983 750 1046 cre,
775 969 812 1026 ut
836 982 928 1027 nemo
952 965 1061 1027 nescit.
1086 961 1301 1049 Porphyrius,

109 1070 167 1153 qui
189 1071 301 1134 insane
323 1090 550 1154 nonuunquam
574 1070 724 1136 cretionis
750 1068 906 1134 eruendae
936 1069 1167 1153 verieudeeque
1197 1070 1303 1135 studio

108 1173 245 1263 flagret,
277 1195 314 1241 ee
340 1176 436 1241 modo
461 1174 642 1261 copulavit,
667 1181 703 1240 ut
726 1178 759 1240 iu
782 1175 987 1261 Pythagorae
1010 1178 1079 1239 vite
1103 1196 1127 1239 c.
1154 1173 1190 1239 6:
1215 1183 1305 1255 φιλο-

111 1282 227 1363 σοφθαν
262 1281 288 1347 θ’
312 1282 541 1361 ἐφιλοσόφησεν
566 1277 598 1356 ἧς
623 1283 637 1346 θ
662 1282 773 1353 σκοπὸς
798 1280 1000 1362 ῥύσασθαι
1025 1281 1077 1344 καὶ
1104 1279 1324 1365 διελευθεῃ

109 1395 232 1469 μῦσαι
263 1394 321 1451 τῶν
352 1387 492 1453 τοιούτων
522 1390 655 1467 εἱργμῶν
685 1413 721 1451 τε
757 1387 809 1451 καὶ
846 1385 1019 1461 συνδέσμων
1054 1385 1106 1450 τόν
1137 1423 1191 1437 --
1222 1393 1303 1465 νοῦν,

111 1493 225 1576 medo,
249 1500 287 1559 ιιι
310 1501 416 1559 nostro
438 1493 508 1560 loco
528 1495 622 1570 iecit,
645 1497 678 1559 in
699 1493 799 1559 altero
820 1495 994 1559 sententies
1014 1493 1156 1559 membro
1169 1494 1304 1560 alterum
1416 1556 1420 1561 .

111 1601 248 1666 verbum
277 1602 395 1685 posuit.
442 1598 504 1666 Sed
528 1600 634 1664 ἑαυτόν
659 1599 776 1680 σώζει
801 1598 834 1663 ἔκ
857 1623 933 1672 τινος
959 1600 1151 1679 ῥυόμενος
1176 1601 1306 1667 θανώτου

108 1727 173 1773 non
209 1706 314 1772 multo
343 1708 450 1772 senius
479 1714 528 1772 est
558 1727 653 1791 quem
685 1709 712 1770 si
749 1709 820 1791 quis
858 1706 967 1770 ἑαυτὸν
1008 1705 1124 1786 σώζει
1159 1708 1193 1771 ἔκ
1227 1733 1305 1783 τινος

109 1812 244 1894 σώζων
283 1813 416 1877 θανώτου
455 1812 604 1888 dixisset,
644 1812 727 1897 qnod
760 1833 833 1878 vere
868 1811 1075 1877 balbutientis
1110 1812 1207 1890 foret,
1244 1837 1306 1880 neu

110 1919 291 1985 scribentis.
336 1917 459 1984 Deinde
498 1918 704 1983 emendemus
739 1939 866 1983 censeo:
902 1921 940 1990 ώρ
976 1919 1040 1996 γὰρ
1076 1918 1184 2004 ἑαυτὸν
1218 1920 1304 2000 σώζει

110 2027 146 2089 dx
181 2030 298 2097 παντὸς
336 2026 370 2109 (i.
384 2045 409 2090 e.
439 2011 566 2096 πάντως
602 2029 640 2088 ut
675 2022 698 2088 l.
732 2022 774 2090 33
806 2031 839 2089 et
869 2045 900 2109 p.
936 2023 988 2101 14,
1020 2022 1041 2087 l.
1077 2025 1131 2109 12)
1162 2025 1221 2091 ER
1252 2032 1305 2092 τοῦ

110 2134 187 2212 παρ’
212 2132 321 2196 ἑαυτόν
344 2130 488 2208 θανώτου,
512 2128 604 2202 οὕτως
630 2130 683 2194 καὶ
711 2131 780 2202 τοὺς
813 2130 947 2209 ἑταίρους
978 2130 1012 2193 ἐκ
1041 2135 1094 2194 τοῦ
1130 2135 1203 2211 παρ’
1238 2135 1307 2197 ἑαυ·

110 2245 231 2303 Totc
253 2236 382 2303 δύναται
394 2235 510 2314 μθνΟΤ
525 2238 619 2316 σοφός
631 2236 763 2316 ρ’ώεσθαι.
776 2234 949 2320 [landecop
965 2256 1159 2321 quemquem
1173 2242 1306 2307 vitiosae

108 2347 288 2429 scriptume
305 2347 339 2409 iu
352 2349 484 2429 utroque
496 2343 613 2408 Codice
626 2364 691 2407 esse
704 2343 864 2408 videntur.
890 2342 1022 2428 Requiri
1040 2343 1074 2407 id
1086 2345 1169 2428 quod
1181 2351 1306 2431 reposui

109 2457 144 2515 st
174 2470 252 2516 sene
282 2453 365 2515 rstio
394 2450 501 2526 dccet,
527 2455 559 2514 et
582 2468 721 2538 ecquae
745 2452 894 2514 continuo
918 2456 1110 2533 sequuntur:
1135 2452 1306 2526 οὶθανθτους

110 2554 143 2621 δὲ
165 2555 238 2621 οὔτε
262 2558 361 2637 σοφία
384 2563 507 2630 ποιῆσαι
539 2554 780 2632 ἐπαγγέλλεται
816 2553 889 2619 οὔθ’
927 2556 940 2618 θ
977 2557 1100 2630 σοφός
1136 2555 1305 2624 σώσειεν

109 2660 158 2728 ἂν
194 2666 237 2727 ἒιι
269 2661 422 2734 παντὸς
453 2659 644 2744 θανώτοιι,
676 2662 767 2725 αλλ’
797 2663 832 2724 ἐκ
862 2660 982 2737 μόνου
1011 2659 1073 2738 ἄρα
1104 2667 1172 2727 τοῦ
1198 2667 1305 2744 παρὰ

110 2769 182 2841 ritu
207 2768 413 2847 ἡμετέραν
438 2768 579 2832 αἰτίαν
604 2767 910 2850 ὑφισταμένου,
936 2768 960 2830 εἰ
990 2771 1138 2832 πεισθεῖεν
1167 2772 1250 2851 αὐτῷΙ
1280 2773 1305 2838 οἱ

109 2873 270 2957 συνόντες,
295 2875 412 2959 quibus
435 2874 546 2940 eedem
571 2875 727 2937 sententie
750 2873 856 2938 verbis
875 2872 971 2957 paule
991 2872 1084 2938 aliter
1103 2875 1307 2943 conformatis

108 2985 213 3049 inesse
244 2989 385 3068 spperet.
432 2981 542 3066 ltaque
574 2979 684 3044 Ulixes
716 3000 840 3065 queque
872 2982 1005 3045 comites
1028 3000 1066 3043 ex
1090 2984 1204 3046 mertis
1228 2987 1306 3069 peri·

108 3088 185 3154 culo
217 3109 343 3154 seruere
373 3088 544 3173 potuisset,
576 3087 608 3150 in
638 3086 722 3170 quud
754 3106 811 3152 suu
841 3105 874 3149 se
897 3084 991 3169 culpe
1014 3084 1254 3171 implicuerunt,
1279 3094 1306 3155 si

108 3199 182 3262 eius
216 3195 357 3262 consiliis
387 3195 473 3260 dicto
506 3193 670 3258 audientes
702 3213 769 3257 esse
800 3191 984 3257 voluisseut.
1034 3190 1095 3256 Sed
1127 3192 1304 3261 noluerunt.

107 3302 179 3368 οὐδὲ
211 3302 275 3381 γὰρ
308 3301 373 3366 οὐδὲ
405 3306 459 3364 τοῦ
492 3308 600 3364 πεῖσαι
626 3297 800 3367 ἐκπαντὸς
825 3298 920 3377 κώριος
947 3298 960 3361 ό
984 3298 1089 3378 σοφός.
1138 3297 1208 3364 Hoc
1232 3321 1307 3366 enm

108 3411 265 3496 pupugit.
313 3407 439 3474 Servari
466 3411 651 3492 potuerant:
677 3405 795 3468 mentis
819 3402 963 3469 vecordis
989 3403 1112 3488 ebrepti
1135 3407 1306 3489 perierunt.

109 3516 221 3580 πολλὰ
245 3511 334 3600 (οὖν)
359 3515 372 3577 ό
396 3513 453 3591 μὲν
477 3511 589 3576 ἔπαθεν
612 3512 774 3589 ἀρνύμενοι
800 3507 833 3583 liv
856 3533 892 3572 τε
911 3511 1017 3589 ψυχὴν
1038 3511 1089 3572 καὶ
1110 3508 1212 3574 νόστον
1226 3513 1309 3579 ἕσαθ-

108 3645 167 3702 ρων
204 3629 237 3686 ἐν
274 3629 340 3693 τοῖς
372 3621 445 3701 παρ’
476 3619 582 3698 ἑαυτῷ
614 3619 744 3697 (ἱιιιιιιοι
774 3653 793 3665 -
817 3615 896 3702 τόν)
926 3623 1084 3685 σωστικοῖς
1117 3614 1214 3695 ἔργοις
1249 3627 1307 3685 πῶν

107 3726 266 3805 κινδύνων,
291 3729 367 3792 ἄλλ’
391 3727 445 3793 οώιι
468 3728 498 3790 ἐν
522 3733 585 3796 τοῖς
608 3725 652 3801 μη
677 3726 751 3803 παρ’
776 3724 859 3799 ἡμᾶς
884 3722 1124 3799 ἀποβαινόντων.
1171 3720 1237 3790 Gur
1260 3725 1307 3794 οὖν

107 3834 300 3900 inseruerim
344 3835 506 3898 nemiuem
549 3830 648 3896 latere
690 3834 804 3914 potest.
851 3828 935 3892 Nem
971 3847 1051 3912 quse
1086 3831 1233 3898 universe
1269 3835 1307 3901 de

106 3941 256 4026 sapiente
290 3939 376 4005 dicte
410 3944 517 4015 erent,
552 3958 590 4002 ee
623 3957 707 4000 nnuc
738 3935 778 4000 ed
814 3934 945 3999 Ulixem
980 3934 1179 4012 referuntur,
1215 3941 1307 4006 cuius

106 4067 209 4114 ceusu
229 4044 327 4112 ellste
350 4049 435 4110 snut.
481 4043 543 4110 Sed
566 4046 636 4106 eius
659 4043 822 4126 inceptum
846 4040 965 4105 frustra
987 4040 1059 4104 fuit.
1084 4041 1135 4104 καὶ
1160 4043 1306 4118 ὁμοίως

107 4153 142 4218 ἐν
175 4159 241 4223 τοῖς
273 4154 345 4233 παρ’
376 4154 460 4229 ἡμᾶς
489 4149 583 4221 αὐτὸς
616 4148 673 4225 μὲν
705 4145 853 4212 ἔσωσεν
884 4149 977 4225 αρετῇ
1011 4145 1185 4223 πειθόμενος
1209 4149 1306 4224 τοὺς

106 4258 365 4334 δυνηθέντας
400 4258 446 4335 ἂν
480 4259 525 4336 μὶν
560 4254 611 4322 διὰ
646 4253 746 4335 τύχην
782 4251 886 4332 ἔξωθέν
922 4276 991 4316 τινα
1020 4255 1088 4316 καθ’
1120 4253 1306 4333 εἱμαρμένην

107 4366 360 4445 ι’ποθιινεῑν,
382 4366 418 4432 dx
441 4364 473 4430 δὲ
495 4371 551 4439 τῆς
575 4363 648 4443 παρ’
672 4361 804 4424 ἑαυτῶν
828 4358 950 4435 αθτθας,
975 4358 1085 4439 καθπερ
1108 4358 1213 4423 πολλοὶ
1237 4385 1307 4446 προ-
