2978 4950
787 228 829 296 32

215 418 341 503 tempus
375 423 432 483 est.
469 417 616 484 Vidimus
649 420 825 486 Aristarchi
855 423 1064 505 sententiam,
1096 443 1170 487 enm
1200 442 1240 487 ex
1267 419 1404 487 Homeri

214 533 321 591 mente
351 546 413 590 non
437 523 656 606 μονόφθαλμον
680 526 735 592 sed
758 527 987 606 ἑτερόφθαλμον
1011 527 1122 612 fuisse,
1145 533 1252 593 nostm
1283 525 1404 592 scholio

214 636 324 700 inesse.
349 633 410 699 His
430 633 842 720 quoquenonnullahabec,
857 655 937 719 quae
949 635 1109 701 adiiciam.
1131 634 1281 699 Primum
1294 633 1405 699 exhoc

214 739 266 808 vel
297 739 355 805 tali
384 747 550 826 praecepto
581 761 642 807 non
666 741 787 826 optime
809 740 973 807 intellecto
996 742 1079 807 mihi
1102 741 1230 807 fluxism
1253 741 1406 806 videntur

215 868 295 933 quse
325 847 529 933 Phrynichus
558 849 592 912 in
625 867 754 912 summa
785 847 942 914 breuitate
964 847 1136 915 ialmssima
1158 847 1197 912 de
1220 848 1406 912 Atticorum

213 956 247 1019 in
282 952 446 1019 vocabulis
480 951 700 1032 μονόφθαλμος
738 959 770 1019 et
804 952 1033 1034 ἑτερόφθαλμος
1058 953 1252 1020 'adhibendis
1284 974 1348 1020 usu
1371 956 1405 1018 in

214 1059 334 1147 hcloga
358 1081 416 1126 sua
439 1060 615 1126 admonuit.
640 1058 944 1140 Μονόφθοολμον
967 1064 999 1127 ον’
1023 1060 1136 1142 ῥητέον,
1160 1060 1405 1144 ἑτερόφθαλ-

213 1190 284 1243 μον
316 1164 356 1232 ld.
405 1173 551 1245 Κρατῖνος
579 1166 643 1244 γὰρ
670 1165 869 1245 μονόμματον
900 1163 969 1232 εἶπε
1001 1171 1052 1233 τόν
1081 1167 1242 1234 Κύκλωπα
1267 1174 1313 1255 (p.
1339 1167 1404 1234 136

214 1273 318 1358 lach),
353 1293 449 1358 quem
483 1272 619 1338 Photins
653 1295 678 1338 a.
698 1295 728 1339 u.
766 1279 799 1339 et
832 1272 952 1340 Moeris
986 1275 1030 1360 (p.
1065 1273 1147 1358 153,
1179 1276 1236 1341 uhi
1266 1275 1406 1342 videnda

214 1379 357 1445 Piersoni
388 1381 475 1463 nota)
504 1385 698 1465 sequuntur,
722 1380 756 1444 id
779 1385 828 1445 cst
849 1380 1040 1446 describunt.
1068 1379 1093 1466 ¹)
1116 1381 1248 1447 Rectius
1270 1383 1405 1448 Ammo-

215 1487 306 1551 nius:
334 1482 664 1565 Ἐτερόφθαλμος
688 1487 740 1550 καὶ
765 1484 1070 1567 Μονόφθαλμος
1089 1487 1292 1571 διαφέρουσιν.
1318 1491 1406 1554 Ἐτε-

214 1592 394 1673 ρόφθαλμος
424 1593 481 1667 μὲν
509 1592 572 1672 γὰρ
604 1594 618 1658 ό
650 1594 735 1658 κατθι
765 1593 948 1674 περίπτωσιν
977 1595 1120 1674 πηρωθεὶς
1147 1582 1199 1662 τόν
1223 1595 1323 1676 ἕτερον
1346 1603 1406 1661 τῶν

214 1701 400 1780 ὀφθαλμῶν·
425 1699 646 1780 μονόφθαλμος
678 1700 710 1764 δὲ
745 1699 758 1763 ό
794 1696 847 1765 ἕνα
883 1699 972 1778 μόνον
1007 1703 1170 1783 όφθαλμθν
1207 1700 1288 1785 ἔχων
1319 1707 1359 1775 ὡς
1391 1703 1405 1768 ό

216 1807 369 1887 Κύκλωψ,
395 1805 522 1889 (1185)
546 1811 578 1872 et
601 1812 711 1872 auctor
733 1804 845 1882 λέξεων
869 1809 1024 1886 ῥητορικῶν
1048 1809 1081 1872 in
1104 1807 1207 1874 Bckk.
1231 1809 1343 1875 Aneed
1378 1809 1406 1874 Ι.

213 1934 246 2000 p.
277 1912 361 1978 280:
386 1911 689 1992 Μονθφθοιλμοςι
714 1911 792 1983 ἔθνος
817 1936 848 1978 τι
871 1912 1029 1992 ἀνθρώπων
1051 1911 1106 1978 ἕνα
1130 1915 1294 1994 όφθοιλμόν
1320 1915 1407 1996 ἐχόν-

212 2045 279 2086 των.
306 2020 376 2091 τοὺς
400 2021 464 2098 γὰρ
486 2020 538 2085 τόν
562 2016 660 2098 ἕτερον
685 2017 871 2090 θκκοτθντας
894 2019 1057 2099 όφθαλμόν
1081 2021 1406 2102 ἑτεροφθοθλμοος

212 2132 372 2203 καλοῦσιν,
404 2147 482 2211 qnos
512 2126 597 2192 locos
629 2128 685 2211 qui
713 2126 869 2192 indicavit
890 2125 1069 2192 hoheclrius
1093 2129 1140 2191 ita
1163 2131 1269 2215 pergn't
1293 2130 1329 2194 in
1352 2130 1409 2195 ad·

212 2237 374 2301 notatione
396 2235 506 2298 critica
528 2233 568 2298 sd
591 2234 812 2320 Phrynichnm
834 2250 948 2298 sunm:
977 2232 1079 2316 ,mihi
1098 2233 1200 2300 fateor
1218 2235 1279 2300 hoc
1299 2241 1409 2302 totum

212 2341 251 2406 de
284 2338 415 2406 Cratino
445 2339 485 2403 ab
513 2338 616 2404 aliena
638 2361 736 2405 mann
759 2339 953 2424 adscriptum
978 2339 1098 2423 videri,
1122 2340 1318 2427 eandemque
1338 2362 1411 2407 sen·

213 2449 348 2514 tentiam
388 2446 503 2512 habere
546 2466 641 2531 quam
683 2448 875 2511 Ammonius
916 2450 948 2511 et
983 2430 1223 2512 Grammaticus
1265 2447 1412 2515 Beklreri

212 2577 244 2640 p.
276 2552 342 2618 280
370 2550 575 2638 profitentur,
605 2573 657 2619 eos
687 2556 742 2639 qui
775 2553 904 2618 unoculi
935 2554 1005 2617 nati
1027 2555 1112 2628 sint,
1137 2550 1310 2639 Cyclopes,
1335 2557 1413 2620 Ari·

213 2680 348 2746 maspos,
360 2665 445 2724 recte
457 2658 695 2739 acceptaturum
708 2659 781 2742 dici,
793 2664 832 2723 nt
843 2659 926 2724 dixit
938 2658 1128 2742 Herodotus,
1142 2658 1360 2726 Philostratus
1371 2664 1408 2748 ²),

211 2767 324 2833 Strabo
348 2766 394 2842 H,
418 2763 492 2842 189,
511 2765 546 2849 (l.
567 2763 593 2840 I,
610 2763 667 2850 21)
687 2765 860 2830 Pausanias
876 2765 902 2848 l,
923 2764 977 2841 24,
1000 2763 1053 2829 92.
1079 2765 1147 2830 Hos
1167 2771 1412 2851 ροόθιιομονομ-

212 2873 349 2950 μοότοος,
371 2878 534 2947 μουνῶπας
555 2876 587 2937 et
607 2871 806 2948 μονοθθρκτας
826 2870 1001 2956 appellent,
1020 2871 1268 2952 θτεροφθιθλμοος
1281 2876 1414 2942 nem0.”

212 2981 301 3046 Haec
325 2978 398 3055 ille,
424 2998 481 3042 nec
506 2976 649 3042 multum
673 2975 767 3042 aliter
790 2982 863 3041 ante
882 2997 955 3041 eum
974 2974 1139 3042 Sallierius
1156 2977 1195 3042 ad
1214 2977 1411 3067 Moeridem,

213 3087 252 3154 ad
295 3086 509 3151 Ammonium
551 3081 808 3148 Valckenaerius.
864 3083 1031 3148 Praeterea
1071 3085 1305 3151 obseruandum
1341 3095 1412 3174 est,

211 3193 344 3259 eandem
374 3211 501 3276 prorsus
530 3189 706 3254 Aristarchi
729 3193 938 3264 sententiam,
964 3189 1069 3254 verbis
1091 3190 1187 3275 paulo
1211 3191 1307 3256 aliter
1336 3214 1412 3259 con·

209 3299 372 3375 formatis,
403 3299 520 3361 iterum
552 3297 586 3359 iu
615 3294 649 3359 M
681 3296 802 3379 aptiora
830 3294 897 3358 loco
921 3294 1004 3379 legi,
1027 3316 1140 3381 nempe
1163 3297 1203 3362 sd
1228 3321 1252 3369 ι,
1280 3297 1365 3364 383:
1397 3304 1412 3367 ό

211 3407 349 3482 Κύκλωψ
385 3402 471 3467 κατόι
507 3401 564 3477 μὲν
596 3399 733 3479 Ὀμηρον
765 3401 819 3464 οὐκ
855 3395 888 3470 ἦν
917 3400 1136 3481 μονόφθαλμος
1167 3405 1282 3483 φύσει,
1316 3408 1413 3474 ἄλλα

212 3509 297 3576 κατά
329 3532 399 3574 τινα
423 3508 594 3586 σνντνχθαν
619 3507 669 3570 τόν
693 3500 789 3585 ’ἕτερον
813 3511 871 3569 τῶν
895 3505 1063 3583 ὀφθαλμῶν
1094 3509 1411 3588 ἀποβεβλήκει.

215 3675 384 3686 ...-..--

246 3762 272 3823 1)
296 3760 397 3810 Photius
423 3760 470 3816 ita,
496 3754 774 3819 Ἐπιρόφθιιλμσςι
799 3755 875 3811 οὕτως
896 3753 1023 3814 λέγουσιν,
1044 3753 1070 3803 st
1089 3757 1278 3820 Μσνθφθαλμος,
1299 3764 1412 3818 Μοοτίτι

212 3848 476 3911 Ἓτορόφθαλμον,
498 3847 634 3904 Ἀττικόός,
652 3844 819 3906 μονόφθαλμον
837 3846 990 3902 Ἑλληνικός.

244 3933 269 3992 2)
291 3934 367 3981 Iacens
387 3931 542 3988 Philostrati,
571 3945 642 3993 quem
665 3932 748 3977 notare
769 3928 901 3993 supersedit
925 3928 962 3976 vir
984 3943 1100 3986 summus,
1127 3930 1223 3980 videtur
1239 3933 1288 3997 legi
1305 3935 1333 3985 in
1352 3938 1416 3989 vita

210 4021 323 4071 Aristidis
346 4019 431 4085 (Vitae
454 4018 561 4083 Sophist.
585 4018 611 4068 Ιι.
632 4017 668 4074 ΙΙ,
687 4017 730 4076 lx,
749 4020 760 4078 5
778 4018 810 4076 3),
829 4017 869 4065 sed
888 4015 921 4064 ibi
938 4020 974 4064 est
991 4017 1110 4080 posticum
1127 4020 1292 4085 μονόμμοιτος.
1314 4027 1350 4074 ος
1366 4026 1414 4077 αὖ.

211 4110 251 4160 τοὶ
270 4139 302 4148 -
320 4110 399 4173 inquit
416 4138 449 4145 —
466 4109 631 4169 κατηγοροῦσι
650 4104 691 4153 καθ
707 4103 865 4165 σκώμματος,
880 4100 961 4162 excato
977 4106 1034 4160 roric
1052 4101 1219 4168 Ἀριμασποὺς
1236 4114 1295 4170 τοὺς
1318 4133 1415 4179 μονομ-

211 4200 305 4263 μθτονς
321 4196 368 4260 θφη
376 4193 503 4258 ξισργινεῖς
512 4192 570 4245 slusa
580 4198 626 4245 τοῦ
635 4197 766 4251 Φιλίππου,
776 4207 803 4240 ex
813 4202 860 4250 quo
869 4191 920 4240 ioco
929 4193 989 4242 illud
997 4195 1076 4258 potius
1085 4212 1156 4259 quam
1165 4199 1297 4249 clarissime
1307 4213 1416 4271 apparet

211 4290 324 4341 Aristidis
336 4294 443 4353 temporo
460 4302 529 4336 omne
547 4285 672 4334 discrimen
690 4285 754 4332 iuter
771 4281 937 4343 μονόφθαλμος
957 4283 1016 4344 (sive
1034 4285 1200 4350 μσνόμματσς)
1216 4291 1241 4337 st
1258 4287 1415 4356 ι’τιρόφθαλ.

211 4396 256 4446 μσς
273 4395 300 4430 cx
318 4379 443 4430 hominnm
458 4380 517 4426 tnnc
533 4373 665 4425 munatium
682 4371 800 4423 mentibus
816 4371 942 4421 sumsisse.
