2978 4950
667 238 728 308 191

145 431 190 509 B.
225 429 285 495 51³
320 433 363 511 τῷ
397 433 612 508 irruentum,
649 434 706 498 κάν
742 433 806 520 [τὸ]
840 432 993 510 θλίγιστον
1025 427 1060 512 ᾖ,
1094 429 1233 495 τείθεται
1257 422 1291 492 rt

74 531 179 602 ἄλλο
205 539 319 611 πλῆθος
342 537 384 608 είς
409 562 445 603 τε
469 542 528 610 τάς
552 539 698 612 ἐπιθέσεις
723 540 775 605 καί
799 539 859 610 τάς
884 539 1013 618 άσοχάς
1036 544 1094 604 τῶν
1118 534 1293 615 πραττομέ-

67 668 164 708 νων.
203 643 371 729 (HMQR.)
413 645 595 710 Articulum
631 667 796 732 perperam
832 649 987 711 insertum
1023 647 1131 732 arguit
1165 643 1293 709 brevius

63 749 242 815 scholion
275 771 313 816 ex
343 749 434 834 HM,
466 752 523 816 ubi
555 759 620 818 est:
656 755 708 818 καί
739 758 781 832 τῷ
807 754 1021 830 ἡγεμονοῦντι,
1047 750 1105 815 κάν
1129 750 1232 828 ὀλίγον
1256 745 1291 830 ᾖ,

58 857 240 922 πείθεται
275 856 311 921 τθ
348 857 589 936 ηγεμονοθμενιν
624 862 756 935 πλῆθος,
794 859 877 944 quod
909 858 967 924 huo
998 861 1033 923 in
1063 879 1096 922 re
1122 855 1293 942 Porphyrii

57 963 199 1030 verbs
221 964 378 1051 integrius
402 984 543 1030 servasse
565 967 600 1030 in
623 965 722 1032 alters
745 971 834 1052 perte
858 965 1108 1031 demonstratum
1134 963 1292 1028 dabimus.

144 1171 192 1251 β,
217 1171 294 1239 320.
324 1173 363 1240 In
392 1172 454 1240 fine
477 1176 588 1241 soholii
613 1179 778 1262 exprimo
802 1178 905 1261 sopite
927 1181 985 1240 τῶν
1010 1177 1181 1253 Ὁμηρικῶν
1205 1171 1294 1252 ζητη-

53 1278 212 1350 μάτων
237 1279 386 1365 dssoripti
410 1281 516 1347 editur
535 1305 574 1347 ex
594 1281 702 1363 HQR:
728 1281 838 1347 ἔστιν
861 1279 909 1349 οὖν
935 1280 1104 1358 δυνάμει
1128 1280 1161 1344 τὸ
1182 1278 1294 1357 νθημα,

54 1383 171 1450 ἀντὶ
204 1387 284 1472 [τοῦ]
317 1389 484 1467 ναυκλήρου
516 1389 552 1453 δι’
586 1392 668 1467 ὑμᾶς
697 1389 851 1467 ἐπιβάτης
877 1388 995 1467 γέγονα
1018 1390 1088 1459 τοὺς
1114 1401 1292 1461 κατηναλω-

56 1492 198 1565 κότας
230 1516 289 1570 μου
322 1496 373 1559 τὸν
405 1500 549 1561 πλοῦτον.
595 1497 666 1561 Non
696 1497 822 1561 videtur
844 1496 1034 1561 mutandum
1061 1494 1142 1561 ἔστιν
1167 1494 1294 1569 δυνάμει

56 1601 135 1665 τὸ
180 1600 299 1684 νόημα,
343 1603 533 1685 exquisitius
574 1602 696 1668 dictum
737 1624 794 1689 pro
835 1604 963 1667 δύναται
1005 1596 1054 1666 οὖν
1099 1601 1133 1666 τὸ
1175 1598 1295 1682 νθημα,

54 1725 298 1792 quemquem
330 1709 364 1771 in
394 1713 501 1773 vetere
528 1708 700 1794 Porphyrii
738 1709 875 1774 editione
899 1713 1025 1773 tentum
1051 1713 1112 1772 est:
1140 1704 1223 1770 ἔστιν
1244 1701 1295 1770 οὖν

58 1811 177 1879 οὕτω
210 1816 247 1878 τὸ
279 1812 395 1890 νθημα,
426 1814 494 1878 άντί
519 1819 685 1894 ναυκλήρου
709 1816 746 1881 δι’
773 1818 855 1892 ὑμᾶς
880 1812 1035 1890 ἐπιβάτης
1060 1815 1177 1891 γέγονα
1203 1813 1295 1889 τάμά

58 1920 345 1992 καταναλώσας.
380 1922 454 2001 (sio,
486 1940 543 2005 pro
573 1920 871 2005 καταναλωκθτας),
896 1941 988 2006 saepe
1011 1923 1096 1985 enim
1121 1924 1166 1985 ita
1189 1921 1296 2005 loque·

60 2021 219 2094 bantur
254 2025 279 2092 οί
312 2034 505 2099 καλλιετεΐς.
553 2026 602 2090 lta
637 2049 707 2092 ιο.
744 2028 783 2093 nd
813 2052 836 2104 γ
863 2026 945 2093 137:
978 2026 1144 2105 βούλονται
1174 2036 1230 2101 τῆς
1264 2029 1296 2101 ές

65 2134 268 2214 προθέσεως
289 2133 428 2212 Ιοἰιννθναι
450 2133 502 2197 τὸν
526 2133 608 2198 τόνον
630 2135 726 2210 τινές,
749 2133 796 2198 ίνα
818 2133 944 2210 δυνάμει
966 2135 1146 2215 άναστροφη
1166 2134 1294 2211 γένηται

74 2238 224 2321 (νοῆται
246 2239 320 2326 ΒΗ)
339 2241 422 2303 κατά
442 2241 478 2304 τί
503 2240 629 2318 ,,θρνιθες
654 2239 724 2311 ἅμ”
750 2240 885 2324 (EDH),
909 2241 941 2305 id
967 2248 1031 2305 est:
1056 2239 1092 2305 ἵν’
1117 2243 1296 2323 άναστροφίγ

76 2349 237 2411 νοεῖσθαι
268 2346 414 2419 δύνηται,
446 2349 493 2411 ite
516 2371 530 2411 ε
557 2346 599 2413 72
625 2346 764 2430 (δυνάμει
789 2371 823 2423 γ.
847 2347 881 2410 τὸ
906 2349 1071 2428 τρέφεσθαι
1095 2348 1238 2424 σημαίνει
1261 2349 1296 2412 τὸ

77 2454 277 2536 σεύεσθαι.)
303 2459 334 2516 et
359 2450 437 2516 alibi
469 2472 531 2517 non
564 2472 643 2517 raro.
687 2450 750 2517 Sed
784 2457 837 2517 τοῦ
872 2456 1092 2537 importunum
1128 2453 1298 2518 delendum

77 2577 173 2625 esse
196 2564 231 2624 et
252 2560 334 2623 ratio
359 2563 390 2622 st
415 2558 581 2643 Porphyrii
607 2563 713 2623 textus
736 2562 813 2623 sutis
837 2559 1005 2624 declarent.

150 2771 289 2836 Prorsus
312 2771 398 2837 idem
421 2771 600 2836 faciendum
624 2797 646 2848 γ
676 2769 740 2835 126
764 2774 796 2835 in
819 2779 895 2836 note
918 2772 956 2836 ad
981 2769 1046 2842 είως
1070 2791 1148 2849 usn:
1169 2772 1203 2836 τὸ
1223 2774 1299 2837 άυα·

81 2878 233 2958 Φορικὸν
256 2879 325 2942 άντὶ
349 2883 402 2942 τοῦ
427 2878 666 2943 άνταιιοδοτικοῡ
693 2880 776 2964 [τοῦ]
801 2878 887 2950 τέως.
912 2878 1050 2963 (uffo),
1075 2900 1137 2962 quo
1161 2879 1228 2944 loeo
1245 2879 1299 2961 PQ

82 2991 160 3050 τοῦ
184 2985 359 3068 omittunt,
385 2992 483 3060 recte,
507 2985 561 3049 sed
580 2985 697 3050 codicis
716 2985 805 3049 Min
826 2985 1011 3050 universum
1033 2987 1299 3072 bonitasprsvsm

84 3105 251 3157 tneroem
273 3091 508 3156 commendasse
531 3091 668 3156 videtur.

153 3326 191 3379 γ,
219 3297 293 3364 168.
318 3299 439 3365 Iterum
465 3300 503 3365 M
525 3321 709 3387 perversum
734 3301 862 3386 praebet
883 3301 1146 3366 additamentum.
1170 3302 1302 3386 Dixerat

92 3405 247 3475 Nestor:
272 3406 330 3485 tot
353 3407 384 3470 δέ
409 3406 444 3480 δη
467 3408 552 3484 μετά
577 3408 629 3472 νῶϊ
650 3407 697 3472 κίε
720 3406 826 3484 ξανθὸς
851 3406 1022 3477 Μενέλαος.
1071 3407 1302 3492 Interpretntns

94 3522 158 3581 eet
188 3516 422 3601 grammaticus
453 3514 599 3586 dualem,
633 3534 694 3579 non
722 3522 828 3579 temen
852 3516 987 3599 optime,
1015 3517 1074 3579 sio:
1100 3515 1171 3592 πρὸς
1197 3517 1300 3593 ἡμᾶς,

95 3623 163 3702 ἐφ’
188 3623 262 3697 ἡμῖν
287 3620 456 3704 [Διομήδης
482 3620 533 3685 καί
558 3621 707 3706 Νέστωρ].
732 3619 848 3700 εἴρηται
874 3619 905 3685 δέ
926 3619 975 3684 ἐπὶ
998 3622 1114 3686 δυ’ίκῶν.
1135 3620 1194 3686 Vel
1217 3620 1303 3687 solus

96 3749 205 3796 ossus
227 3729 423 3815 incongruus
447 3727 604 3792 emblema
627 3730 781 3814 coarguit.

156 3943 271 4028 Neque
304 3944 409 4029 magis
439 3940 630 4025 percendum
662 3941 710 4015 ei,
734 3940 818 4025 qnod
841 3946 889 4005 est
911 3942 945 4004 in
969 3939 1088 4006 scholio
1112 3940 1151 4005 sd
1174 3959 1304 4024 sequen·
1383 4008 1389 4019 ‚

100 4053 177 4116 tom
211 4067 340 4114 vorsum
377 4045 485 4132 (169);
518 4046 548 4110 έν
579 4055 617 4125 τῇ
650 4045 765 4125 Λέσβῳ
799 4045 830 4110 δὲ
861 4044 1041 4122 κατέλαβεν
1065 4047 1149 4119 η’μῖις
1172 4043 1263 4123 μθλις
1288 4046 1303 4111 θ

104 4153 220 4230 ξανθὸς
254 4153 433 4227 Μενέλαος,
461 4150 726 4230 διαλογιζομένους
752 4152 867 4236 [ἡμᾶς]
892 4152 908 4226 ἢ
933 4150 982 4217 ίνα
1007 4151 1190 4229 πλεύσωμεν
1213 4152 1303 4235 ὑπερ-

109 4262 225 4329 aveto
249 4267 305 4335 τῆς
331 4262 401 4328 Χίου
427 4293 446 4307 -
461 4293 480 4307 -
505 4260 520 4335 ἦ
548 4258 738 4326 ὑποκάτωθεν
761 4268 816 4336 τῆς
843 4261 913 4327 Χίου
938 4275 1008 4324 κτλ.
1033 4257 1097 4342 (Β).
