2978 4950
652 184 716 252 385

126 381 289 461 ιστιίροιν·
327 375 388 442 είτο
425 375 564 456 προειδὼς
599 377 641 440 τοί
677 375 833 454 μέλλοντα
871 375 959 454 ἔμενε
991 380 1063 455 μετ’
1094 380 1204 442 αὐτῶν.
1231 376 1284 463 (V)

126 493 245 555 ftenta
277 487 393 552 veteris
424 483 590 561 editionis,
622 486 673 549 τοι
699 483 802 558 richino
826 483 961 571 (Λειώδ.)
987 484 1172 569 ἐσκέπτετο,
1195 507 1285 564 προσ·

126 593 196 678 υς,
228 593 410 678 procuravit
439 592 670 666 nortmannus,
706 591 760 655 sed
796 596 834 655 ut
858 593 965 657 omnia
988 597 1060 677 apte
1083 592 1284 667 cohaereant,

174 698 345 765 haerendo
376 703 424 761 est
455 694 609 780 particula
643 691 704 759 i'rr:
739 694 802 761 είτε
833 697 897 777 γὰρ
928 691 1016 783 (ὅτι)
1047 700 1091 775 μὴ
1116 695 1150 772 ἦν
1173 697 1285 774 μάντις

126 808 210 883 eosic
235 841 285 855 ··
311 803 395 880 ἄξιος
420 803 600 868 ἀποθανεῖν·
627 838 677 852 ·-
702 801 764 867 είτι
790 800 820 889 (ί
825 806 875 888 τι)
899 804 1038 884 προειδὼς
1062 804 1104 869 τίι
1128 804 1286 881 μέλλοντα

126 938 179 980 ονε
203 916 276 992 μετ’
301 920 412 984 αὐτῶν.

126 1132 183 1206 ψ,
212 1126 287 1193 161.
312 1125 349 1190 In
376 1127 609 1209 comparatione
633 1127 758 1210 saepius
784 1126 919 1209 repetita
942 1124 981 1190 sd
1004 1122 1116 1203 τέχνην
1140 1122 1286 1196 παντοίην

169 1235 381 1314 χρυσοχοϊκὴν
406 1231 561 1306 δηλονότι·
586 1233 618 1296 οὐ
644 1233 706 1309 γαρ
731 1231 845 1313 τέχνιον
869 1231 1023 1305 παντοίην.
1072 1228 1186 1295 Manca
1208 1230 1286 1295 hsoo

126 1347 187 1426 nt,
220 1343 268 1406 ita
303 1340 366 1405 fere
401 1337 593 1424 supplenda:
631 1341 664 1402 οὐ
698 1338 762 1417 γὰρ
794 1338 908 1419 τέχνιον
940 1339 1086 1412 παντοίην
1117 1331 1212 1421 (οἶδε
1235 1335 1288 1403 vel

126 1446 156 1510 ’ί
165 1447 354 1533 σταται.)
386 1445 505 1511 Maiore
535 1447 605 1510 iure
638 1445 747 1510 eadem
780 1447 973 1529 comparatio
1001 1446 1137 1510 occurrit
1160 1442 1180 1524 ζ
1203 1441 1288 1528 234,

126 1551 175 1631 ὅ,
215 1554 254 1620 ad
291 1573 387 1639 quam
422 1557 505 1617 inter
541 1551 603 1617 alia
636 1558 667 1616 et
699 1551 775 1616 haec
791 1542 972 1616 'dicuntum
1005 1550 1118 1630 τέχνην
1142 1550 1288 1625 παντοίην

126 1659 345 1748 ellegendum
371 1680 437 1725 esso
461 1657 567 1723 ποίνποι
592 1659 634 1722 τοὶ
659 1658 734 1737 μέρος
759 1665 813 1729 τῆς
835 1659 947 1737 τέχνης
967 1657 983 1731 ἣ
1005 1666 1060 1732 τῆς
1080 1661 1288 1738 χρυσοχοίκῆς

126 1787 218 1845 zum.
259 1771 366 1831 πᾶσαν
402 1768 455 1845 τῂν
491 1766 576 1829 κατα
608 1765 697 1843 μέρος
730 1764 901 1844 ἀκρίβειαν.
935 1762 1051 1849 (HQ'P)
1088 1761 1150 1827 Sed
1180 1763 1288 1828 inhio

126 1888 219 1956 oque
240 1874 357 1938 vitium
382 1879 445 1948 cst,
473 1892 513 1935 nc
536 1874 569 1934 in
593 1873 707 1935 nostris
731 1871 859 1955 quidem
882 1870 1088 1955 scriptoribus
1110 1867 1287 1946 ferendum,

137 1981 323 2064 repetitum
347 1976 460 2058 τέχνης
486 1979 612 2064 ingrato
636 1996 730 2060 sono,
752 1985 784 2042 st
804 1977 966 2042 distinctio
985 1975 1070 2041 facta
1088 1977 1289 2060 ineptissima

126 2099 174 2147 'or
213 2084 327 2164 τέχνην
359 2093 391 2148 et
421 2086 626 2163 χρυσοχοϊκὴν
650 2082 782 2162 τέχνιον,
808 2086 896 2167 quasi
920 2089 952 2148 et
975 2081 1054 2147 haec
1076 2102 1137 2147 non
1162 2102 1212 2147 ars
1235 2083 1287 2146 sit.

126 2190 164 2252 ri
207 2192 379 2276 reponendi
416 2193 502 2255 viam
535 2189 672 2255 ostendit
704 2187 822 2254 Hamb.
858 2191 917 2254 etsi
950 2196 982 2253 et
1009 2189 1076 2274 ipse
1099 2187 1287 2264 mendosus,
1391 2221 1398 2237 a

126 2311 192 2379 pp.
227 2319 259 2383 p.
294 2296 389 2382 wop:
421 2295 529 2360 ποίντα
552 2296 624 2373 μὲν
649 2301 704 2368 τῆς
728 2297 932 2374 χρυσοχοίκῆς
957 2293 1081 2374 τέχνης.
1117 2292 1188 2359 Hoc
1210 2293 1289 2359 dnos

126 2400 310 2490 ss'igamus:
336 2403 443 2468 τιίντοι
466 2403 509 2468 τὰ
533 2402 611 2482 μίρκ
636 2409 691 2476 τῆς
716 2401 847 2480 τέχνης,
868 2400 974 2487 ἥ(τοι)
994 2407 1049 2473 τῆς
1070 2401 1288 2482 χρυσοχοϊκῑις,

126 2522 197 2575 'ero
222 2509 335 2593 τέχνης
361 2512 471 2576 eiecto

130 2738 177 2803 ω,
207 2725 237 2790 1.
262 2724 445 2798 Κυλλοίνιοςε
472 2724 485 2787 ί
507 2723 676 2799 τιμώμενος
701 2723 731 2786 ἐν
756 2725 915 2803 Κυλλήνῃ.
940 2721 1005 2786 ἔστι
1031 2722 1062 2787 δὲ
1085 2721 1147 2803 ίρος
1171 2725 1288 2803 Ἀρκα-

126 2842 172 2895 ⁸6·
208 2832 376 2903 Κυλλήνιος
409 2831 423 2895 ί
456 2831 512 2893 τῶν
545 2828 683 2894 κυλοίδοιν
716 2827 796 2911 ἔχων
827 2828 886 2901 τὰς
913 2828 1016 2902 ἡνίας·
1041 2829 1173 2903 κυλοίδες
1198 2829 1228 2894 δὲ
1255 2831 1288 2896 αί

125 2926 150 2990 ’ὅ
177 2938 249 3008 τοὺς
275 2938 455 3017 ὀφθαλμοὺς
479 2935 629 3010 ίίιίτντες.
653 2936 667 2998 ί
693 2935 723 3000 δὲ
747 2941 866 3015 Ἐρμῆς
892 2934 1022 3013 λέγεται
1047 2935 1099 2999 καὶ
1120 2944 1287 3015 πομπαῖος.

126 3028 184 3122 [9)
219 3042 255 3108 Si
280 3064 375 3128 quem
400 3045 492 3108 iuvat
514 3043 660 3108 codicum
686 3040 947 3107 hallucinationes
971 3062 1155 3129 cognoscere
1180 3043 1232 3109 vel
1257 3046 1289 3108 in

126 3145 348 3227 uplicissimis
378 3149 484 3214 verbis
511 3151 712 3224 commissas,
748 3148 863 3212 horum
896 3150 928 3212 in
952 3147 979 3228 Q
1003 3151 1193 3234 scripturam
1218 3170 1291 3215 con·

126 3239 214 3321 l‘iret
245 3256 343 3321 hano:
377 3254 438 3320 ὅτι
470 3261 601 3332 κῶμος
628 3256 662 3339 (i.
688 3277 714 3319 e.
741 3255 754 3318 ί
779 3256 961 3339 τιμώμενος)
987 3256 1017 3319 ἔν
1041 3265 1080 3337 τῇ
1106 3256 1292 3338 Κυλλιίνςῆ

126 3349 227 3429 stione
258 3363 443 3448 repetitum)
475 3362 555 3425 ἐστιν
588 3359 649 3439 ὅρος
681 3360 866 3445 Ἀρκαδίας,
900 3361 916 3435 ἢ
951 3362 964 3425 ί
996 3368 1054 3426 τῶν
1084 3364 1292 3428 κυκλοίδυν

126 3450 153 3520 '¹0
180 3475 314 3553 uterque
339 3468 453 3544 codex,
478 3471 613 3532 correxit
636 3466 832 3554 Dindorfius)
856 3465 936 3548 ἔχον
960 3468 1018 3540 τοὶς
1044 3469 1147 3547 ἡνίας,
1176 3468 1292 3534 νοκλοί·

126 3581 143 3628 ς
176 3568 209 3639 δέ
239 3590 310 3639 κτλ.
353 3572 463 3638 Unum
488 3580 614 3637 tantum
638 3575 671 3637 in
695 3572 723 3646 Q
746 3575 863 3639 rectius
887 3580 936 3638 cst
959 3575 1130 3660 scriptum,
1155 3576 1293 3642 disiunc-

126 3684 202 3744 lmn
232 3682 301 3747 dico
333 3679 541 3765 particulam,
573 3700 653 3764 quae
685 3677 769 3743 male
793 3680 881 3744 abest
905 3681 944 3744 ab
966 3679 1018 3765 H,
1043 3684 1075 3745 in
1101 3702 1162 3766 quo
1187 3683 1293 3749 codice
1384 3680 1389 3690 ’

126 3768 446 3853 linnorliox11011er1te
469 3790 503 3850 in
526 3785 629 3851 Praei.
655 3806 685 3875 p.
709 3787 790 3867 unx)
816 3788 877 3849 tria
900 3786 977 3851 haec
1001 3787 1121 3852 scholia
1144 3797 1234 3853 sunt:
1248 3828 1292 3838 -

126 3893 286 3965 ψκοιδίαςι
310 3931 363 3969 -,
379 3931 418 3940 -
442 3893 598 3966 lucram:
618 3930 669 3965 —‚
685 3928 725 3939 -
740 3900 916 3967 πομπαῖοιῐ
931 3930 972 3940 -
989 3892 1049 3958 Sed
1073 3896 1293 3984 coniungenda
1367 3904 1374 3915 '

126 3999 169 4054 ¹⁸0
198 4002 320 4072 omnia,
355 4001 388 4062 in
419 3999 503 4063 hunc
534 3999 668 4063 modurn
697 4003 852 4063 correcta:
879 4036 974 4046 -—
1006 4000 1184 4079 Ἀρκαδίας.
1217 4000 1292 4086 (Ἢ)

129 4107 267 4179 υλλιὶνισς
292 4107 305 4170 c‘
331 4111 388 4169 τῶν
410 4104 549 4169 κυλοίδοιν
569 4103 649 4184 ἔχειν
662 4104 728 4172 τὰς
750 4104 834 4176 ἡνίας
856 4118 939 4181 κτλ.,
959 4114 1083 4189 practer
1102 4127 1168 4171 rom
1190 4109 1291 4193 ipsam

126 4196 138 4256 i
170 4227 243 4294 quae
271 4216 305 4278 in
330 4210 357 4274 V
381 4219 454 4276 sunt
479 4215 576 4277 etiam
602 4209 864 4298 Etymolcgicum
891 4209 1048 4297 Magnum
1074 4210 1291 4298 confirmabit,

126 4296 198 4382 *lune
230 4319 340 4386 eadem
375 4318 429 4384 sed
460 4317 556 4405 paulo
587 4318 765 4384 accuratius
796 4316 925 4397 (locens,
957 4338 1037 4404 quae
1075 4339 1124 4385 res
1158 4318 1293 4387 editores
