2978 4950
620 173 686 246 283

126 361 361 434 emendandam
386 367 602 434 demonstrant
626 388 706 454 quae
723 368 825 433 eidem
844 362 999 434 vocabulo
1015 363 1249 452 interpretando

126 479 246 539 ruutur
281 495 320 539 ex
350 473 673 555 ΒΕΗ;“διασχΙζιιν,
707 472 928 551 κατασέμνοιν·
962 470 1025 539 άάεν
1049 475 1102 539 καὶ
1127 474 1248 554 ἕρεικπά

126 604 181 646 ιια.
220 580 237 655 ἢ
276 580 307 644 ἒν
342 582 426 662 αὐτῷ
464 580 498 665 (l.
536 583 647 664 αὐτῷ)
682 579 870 658 λυπούμενος
907 581 959 647 καὶ
995 579 1116 646 σπάνιον.
1165 578 1250 645 Hine

126 685 173 768 Π
198 707 322 772 quoque
345 690 488 772 requiro:
513 688 803 766 κατασέμνυν,
826 689 855 753 εἰ
878 689 976 771 ἑαυτῷ
996 688 1124 766 στένων,
1138 687 1251 753 λυπού-

127 818 148 867 e,-
172 793 305 874 βαρέας.

126 1053 134 1083 ,
163 1003 243 1084 103,
264 1005 442 1071 Mercurius
465 1005 504 1071 ad
528 1003 721 1093 Calypsum:

267 1113 356 1179 άλλά
381 1111 462 1190 μάλ’
485 1113 584 1182 οὔπως
608 1110 673 1176 ἔστι
700 1111 772 1183 Διὸς
796 1110 859 1177 νάον
883 1110 1037 1194 αἰγιόχοιο

272 1219 342 1284 οὔτε
367 1217 564 1299 παρεξελθεῖν
588 1217 686 1284 άλλον
708 1218 772 1285 θεὸν
796 1219 856 1284 οὔθ’
879 1219 1024 1285 άλιῶσαι.

126 1346 231 1392 remur
262 1328 294 1390 in
326 1325 398 1401 PQ:
433 1327 475 1406 τῷ
505 1325 562 1402 μὲν
586 1325 681 1390 δοκεῖν
707 1326 779 1404 ὑπὲρ
803 1326 914 1390 ἑαυτοῦ
939 1324 1181 1408 seniorectus,
1207 1316 1252 1387 άσι

126 1440 234 1498 νκαῑον
278 1430 311 1506 ἦν
347 1433 518 1496 ἐπακοῦσαι
557 1432 625 1508 Διΐ,
663 1430 740 1512 ἔργῳ
777 1431 808 1496 δὲ
844 1432 986 1507 κάκείνιρν
1023 1427 1254 1511 παρασκευάζει

126 1540 207 1603 ισάαι
236 1539 278 1603 τά
310 1537 503 1619 πράγματα.
534 1539 567 1602 οὐ
599 1538 662 1617 γάρ
695 1538 822 1603 δυνατὸν
855 1537 1039 1618 παρακούειν
1064 1537 1147 1610 Διός.
1183 1535 1255 1601 1)υο

126 1649 174 1711 uis
197 1646 314 1711 menda
336 1644 478 1710 tollenda
501 1651 576 1709 sunt
599 1666 616 1710 e
640 1645 807 1711 tralatioiis
831 1666 866 1710 ao
891 1644 1111 1711 scribendum:
1136 1645 1178 1724 τῷ
1199 1643 1255 1720 μὲν

126 1760 154 1816 ἵν
186 1754 259 1831 ὑπὲρ
291 1753 401 1817 ἑαυτοῦ
435 1752 681 1833 ἀπολογεῖσθαι,
712 1747 758 1813 άσι
791 1752 963 1843 άναγκαῖον
995 1748 1029 1826 ἦν
1060 1754 1254 1815 ’Τπακοῦσαι

150 1859 226 1941 ἔργῳ
247 1860 279 1924 δὲ
301 1860 442 1932 κάκείνκν
464 1855 693 1935 παρασκευάζει
718 1855 862 1933 δέξασθαι
888 1857 930 1921 τά
952 1882 975 1922 π
984 1855 1253 1936 ροστάγμαπα.

126 1966 272 2052 ςυΙοσιιιιι
304 1967 536 2031 correctionum
560 1967 641 2028 ratio
665 1966 700 2029 in
727 1970 878 2050 promptu
903 1970 962 2029 eat.
982 2017 993 2028 ,
1011 1962 1154 2029 Verbum
1179 1964 1256 2026 ἑπα-

126 2095 176 2158 ιν,
191 2110 234 2122 -
254 2079 291 2137 ut
313 2092 495 2157 perversam
519 2073 785 2136 constructionem
809 2072 960 2147 mittam,
976 2070 1083 2135 -hie
1107 2071 1256 2154 inprimis

126 2180 235 2246 culum
260 2185 327 2256 est,
350 2180 441 2263 quasi
465 2183 497 2241 et
521 2176 659 2263 Calypso
683 2175 768 2242 lovis
792 2197 899 2262 preces
924 2176 1073 2242 exaudire
1096 2177 1254 2242 iubeatur.

156 2310 250 2354 nemo
281 2308 343 2353 non
374 2286 480 2371 videt,
512 2285 564 2350 hic
592 2287 724 2372 parendi
747 2288 909 2352 notionem
933 2286 1052 2370 requiri
1074 2304 1138 2349 non
1161 2304 1256 2349 exau-

126 2396 188 2482 ιᾱὶ,
220 2396 316 2481 idque
349 2394 528 2458 ὑπακούειν
561 2400 669 2469 sonat,
700 2392 785 2456 unde
816 2393 841 2456 ol
874 2392 995 2465 ὑπήκοοι
1028 2391 1107 2456 dicti
1131 2396 1206 2455 sunt
1219 2387 1257 2476 ¹).

126 2521 146 2564 a
189 2503 272 2565 ιἰιιιυ
311 2501 350 2564 ab
386 2506 513 2564 auctore
547 2501 740 2583 nuncupari,
777 2519 840 2564 non
874 2520 940 2575 res,
978 2518 1039 2564 non
1074 2496 1256 2578 πράγματα

137 2607 394 2688 προστάγματα,
420 2624 613 2690 quamquam
637 2625 693 2689 per
713 2625 747 2670 se
767 2608 845 2670 satis
864 2611 1011 2690 apparet,
1032 2614 1138 2670 tamen
1152 2608 1258 2692 magis

126 2735 159 2780 m
194 2715 360 2781 stabilient
390 2733 470 2799 qnae
502 2711 597 2796 paulo
628 2712 708 2776 infra
741 2710 893 2798 leguntur
927 2711 966 2775 ad
1002 2733 1048 2777 vs.
1084 2709 1158 2775 160.
1207 2711 1258 2776 Ibi

126 2842 146 2885 u
171 2845 245 2888 cum
271 2819 410 2908 Calypso
436 2817 564 2883 Ulixem
589 2820 725 2881 missum
748 2818 864 2883 faceret
889 2823 920 2882 et
943 2817 1059 2883 callide
1084 2818 1255 2882 admodum

126 2929 252 2996 idisset:
286 2928 340 3001 ἤδη
373 2925 437 3005 γάρ
461 2950 496 2990 σε
524 2924 617 3002 μάλα
639 2922 816 3003 πράΦρασσ’
843 2924 1042 3008 άποπέμψυ,
1067 2923 1257 2990 scholiastae

126 3033 203 3102 uum
225 3037 301 3101 deae
326 3032 498 3099 artificium
524 3031 673 3096 admirati
693 3031 956 3095 observaverunt:
978 3029 1137 3106 tarpeaim
1163 3032 1258 3095 άπο-

135 3167 228 3207 πσει
282 3143 324 3206 τὸ
369 3137 622 3219 πρόσταγμα
670 3135 922 3212 ἕξιδιοποιουμένκ
965 3127 1020 3210 τὴν
1064 3139 1254 3215 εὐεργεσίαν.

126 3250 271 3325 emolat,
307 3249 472 3333 inquiunt,
510 3242 596 3309 Iovis
628 3244 710 3307 ιὐιια
733 3263 828 3328 seque
851 3248 962 3329 sponte
986 3247 1015 3309 ei
1038 3242 1258 3330 proficiscendi

126 3362 252 3422 antem
276 3355 379 3420 faeere
403 3351 508 3439 fingit.

126 3614 134 3643 .
164 3568 239 3635 129.
265 3567 318 3634 nd
343 3566 467 3644 άγάσάε
488 3564 546 3629 hoc
569 3563 796 3628 brevissimum
821 3560 993 3628 Herodiani
1017 3571 1202 3651 excerptum
1222 3567 1256 3631 iu

126 3682 274 3742 erratum
301 3679 367 3740 est:
393 3670 558 3750 cyazares:
584 3672 623 3740 ὣς·
646 3669 828 3744 δύνασθαι,
853 3672 905 3734 τοῦ
925 3669 1062 3750 δευτέρου
1085 3674 1106 3736 α
1127 3687 1257 3737 συσσελ·

126 3778 206 3858 ἔνου,
243 3780 370 3847 δυνατὸν
399 3779 430 3843 δὲ
462 3776 514 3841 καὶ
545 3778 583 3846 ὡς
619 3774 768 3850 ἧ““.
803 3771 868 3840 οἶδε
904 3777 968 3855 γάρ
1005 3779 1100 3842 αὑτοῦ
1139 3779 1192 3842 καὶ
1223 3781 1257 3846 πο

126 3886 147 3951 ὲ
178 3889 337 3967 διαίρεσιν,
374 3888 413 3955 cie
445 3883 480 3948 τὸ
512 3885 615 3959 ,θεαῖς
640 3881 830 3960 arascos?
861 3889 921 3963 (vs.
950 3881 1028 3968 119)
1052 3884 1105 3949 καὶ
1134 3886 1256 3968 ,τόφρα

126 3995 253 4070 seara
274 3992 362 4059 οεοί.”
388 3994 448 4080 (vs.
465 3987 552 4068 122).
577 3987 675 4054 Recte
700 3991 766 4054 iam
791 3987 982 4056 Buttmanni
1006 3990 1104 4057 editio
1125 3993 1159 4057 in
1179 3991 1258 4059 lem·

126 4159 238 4175 5—-

141 4240 177 4288 ue
192 4239 231 4289 his
247 4239 350 4290 conimir
367 4240 483 4303 quautum
500 4234 558 4284 satis
576 4237 612 4283 est
628 4231 688 4282 dixit
705 4232 807 4282 Cebetas
824 4233 849 4284 in
868 4236 959 4285 Maeui.
983 4235 1083 4294 Vetere,
1102 4235 1151 4287 v11
1171 4237 1257 4301 (lere)

126 4316 148 4368 3.
