2978 4950
709 126 774 192 520

350 319 466 394 καλῆν,
491 318 652 396 χρυσείην,
677 327 715 396 τῇ
739 318 769 379 τ’
793 314 903 395 ἀνδρῶν
926 314 1062 392 ὄμματα
1086 315 1191 392 θέλγει

349 421 386 487 ὧν
412 424 525 496 ἕθίλει,
551 425 619 494 τοὺς
643 426 670 488 δ’
695 421 774 487 αὖτε
799 424 851 487 καί
877 422 1049 493 ὑπνώοντας
1074 422 1206 501 ε’γείρει·

295 530 325 593 5.
351 539 389 610 τῇ
412 533 437 609 ῥ’
462 529 524 608 οἶγε
547 530 691 607 ιιινῆσὶσς,
714 530 769 594 ταί
794 529 825 594 δὲ
847 528 1002 610 τρίζουσαι
1027 526 1150 597 ἔσσυτο.

350 638 386 707 ὡς
412 637 438 701 θ’
461 634 512 701 dra
536 637 702 716 νυκτερίδες
726 638 821 718 μυχῷ
846 634 954 716 ἄντρου
979 637 1152 701 θεσπεσίοιο

350 743 502 824 τρίζουσαι
527 743 709 826 ποτέονται,
735 744 804 809 darei
827 742 861 807 ιιί
885 767 933 815 τεο
957 740 1152 821 ατοιτίσρισιν

352 849 482 927 θρμοιθοῦ
507 851 540 916 ἐκ
565 849 695 929 τίτρῆς,
721 849 781 914 οθνιί
804 853 834 914 τ’
858 850 1031 929 σίλλῆλῆσιν
1055 849 1204 928 ἔχονται,

352 953 391 1027 ὣς
415 955 447 1023 ei
471 965 643 1035 τετριγυῖαι
668 954 733 1034 σ’ίμί
753 957 860 1032 ἤϊσαν·
885 950 962 1036 ἦρχε
985 954 1012 1021 θ’
1035 953 1097 1035 ἄρα
1120 961 1198 1034 σφιν

277 1063 328 1128 10.
353 1066 499 1141 Ἑρμείας
522 1064 670 1138 daciam
695 1062 768 1129 κατ’
794 1063 942 1143 εὐρώεντα
966 1062 1111 1129 κέλευθα.

149 1165 201 1232 Ad
222 1168 279 1232 hos
298 1190 408 1234 versus
425 1170 503 1236 haec
524 1170 646 1237 scholia
666 1171 698 1235 in
710 1171 744 1235 H
757 1170 915 1255 adscripta
927 1169 1180 1235 essadicnntur:
1202 1165 1335 1246 vadai

149 1271 179 1338 τ’
202 1274 331 1352 ἀνδρῶν·
357 1277 449 1353 ἤγουν
474 1284 531 1341 τῶν
550 1277 752 1353 μαινομένων,
774 1283 833 1341 τῶν
851 1275 1000 1342 αὐθοὶδοιν.
1021 1277 1036 1340 θ
1058 1300 1095 1340 τε
1110 1273 1180 1339 σίντί
1202 1272 1336 1351 τοῦγιίρ.

148 1379 231 1446 Τυιυ
258 1383 297 1447 ad
322 1404 369 1448 vs.
394 1384 413 1446 t
437 1383 527 1448 nullo
550 1385 673 1449 adiecto
696 1384 872 1449 lemmate:
889 1383 1073 1464 συνέχονται
1098 1384 1164 1461 γὰρ
1187 1383 1337 1454 ἀλλήλους

148 1495 201 1552 καί
237 1492 444 1567 συνῆρτῆντιιι.
484 1489 517 1565 ἐξ
551 1488 585 1555 οὗ
620 1492 707 1564 δειλοί
736 1491 903 1564 Κυλλῆνιοο
935 1490 949 1555 θ
982 1491 1056 1554 κατ’
1088 1490 1278 1568 οίντίφρασιν
1300 1489 1337 1551 τί

150 1593 315 1675 δυσόρατα.
363 1595 433 1660 Non
469 1599 529 1661 erit
564 1597 644 1661 mihi
678 1595 774 1685 longa
808 1599 948 1662 oratione
978 1616 1058 1682 opus
1089 1604 1128 1661 ut
1157 1596 1338 1661 convincam

148 1709 321 1788 utrumque
344 1703 404 1768 hoc
423 1702 581 1787 scholion,
602 1711 695 1788 prout
714 1704 830 1790 editur,
853 1703 1051 1769 densissimis
1069 1702 1212 1768 tenebris
1231 1703 1337 1787 premi.

149 1808 230 1884 Quis
252 1810 337 1875 enim
362 1809 415 1875 vel
437 1813 669 1898 grammaticus
692 1812 725 1874 iu
745 1809 813 1874 his:
835 1818 874 1889 τῇ
895 1812 924 1873 τ’
944 1809 1056 1889 seipas
1077 1808 1215 1886 ὄμματα
1228 1809 1339 1891 θέλγει,

148 1915 339 1999 particulam
374 1917 409 1979 σὲ
445 1937 500 2000 pro
535 1916 598 1993 γσίρ
629 1918 765 2000 positam
797 1913 986 2000 accepisset?
1018 1915 1060 1982 ut
1091 1915 1187 2000 quale
1216 1916 1338 1981 tandem

148 2021 315 2088 vinculum
350 2029 530 2087 statuamus
565 2043 632 2088 esse
667 2025 750 2087 inter
783 2025 862 2088 ista:
898 2025 1083 2102 συνέχονται
1114 2047 1150 2101 γ.
1181 2024 1261 2088 ὶλλ.
1291 2022 1338 2088 καί

149 2129 366 2208 σννιίρσιρυσαι,
391 2131 507 2215 quibus
530 2129 735 2215 paraphrasin
758 2130 913 2194 contineri
937 2128 1205 2195 Homericorunr:
1232 2129 1294 2194 ἀνθ
1313 2131 1339 2192 r'

148 2238 321 2315 σἰλλῆλρσιν
353 2234 478 2319 ἔχονται
509 2236 616 2320 palam
649 2244 716 2310 est,
747 2241 781 2323 et
812 2256 950 2320 eaquae
973 2238 1083 2301 statim
1107 2231 1340 2321 sequnnturd}

148 2338 182 2405 οὖ
209 2343 297 2415 δηλοῖ
327 2357 410 2415 κτλ,
443 2342 597 2408 Mercurii
629 2362 803 2428 cognomen
833 2338 1032 2426 spectantia?
1055 2341 1155 2408 Porro
1179 2345 1255 2428 quis
1277 2345 1340 2428 ipsa

146 2448 204 2513 illa
228 2457 368 2514 extrema
392 2454 516 2537 integra
540 2469 606 2513 esse
629 2445 820 2513 contendat?
846 2447 1080 2513 Praefationem
1104 2448 1339 2514 consulentibus

149 2558 192 2640 (p.
216 2559 297 2641 Lxx)
329 2565 458 2640 apparet
492 2560 544 2630 „in
569 2558 714 2640 margine
738 2576 785 2618 vs.
812 2555 832 2616 4
857 2557 888 2617 iu
914 2554 946 2617 H
971 2555 1078 2621 adesse
1103 2555 1198 2620 ὕπνου
1223 2557 1340 2634 δωρητι-

149 2661 211 2733 κθς.
235 2660 304 2725 ὅτε
328 2664 395 2726 citri
421 2669 472 2726 τοῦ
498 2662 571 2738 γσίρ.
597 2662 776 2739 συνέχονται
803 2662 867 2740 γὰρ
896 2697 914 2709 -
932 2661 1129 2738 -θυσθροιτα,
1156 2660 1340 2742 προπαροξυ-

150 2770 239 2840 τόνως
272 2771 303 2833 δὲ
334 2769 411 2833 etc.''
459 2769 568 2831 Prima
602 2769 663 2830 duo
700 2769 796 2832 verba
820 2767 857 2831 ad
882 2770 1178 2850 interpretationem
1205 2771 1339 2834 nominis

149 2876 315 2949 Κυλλήνιος
340 2878 506 2960 pertinent,
534 2875 649 2938 ultima
674 2874 712 2937 ad
735 2896 779 2937 vs.
805 2873 856 2954 10,
877 2873 933 2936 ubi
955 2874 1039 2938 idem
1062 2874 1249 2941 Mercurius
1268 2877 1340 2940 οἶκοί·

151 3007 231 3055 κῆτα
269 2985 367 3048 audit.
416 2983 482 3046 Iam
518 2982 664 3051 videmus
695 2981 771 3063 quid
804 2980 923 3044 factum
957 2983 1010 3043 sit.
1061 2980 1231 3060 Quaedam
1256 2991 1340 3048 notae

149 3091 308 3155 breviores
339 3088 423 3154 maie
452 3093 485 3153 in
517 3110 616 3151 unum
642 3094 808 3172 congestae
833 3095 923 3162 sunt,
949 3108 1027 3169 quas
1050 3091 1084 3151 in
1108 3094 1272 3174 propriam
1300 3112 1341 3154 sc

149 3197 219 3262 dem
245 3199 410 3261 restituere
434 3203 577 3258 uestrum
602 3202 658 3257 est.
708 3193 777 3271 Qua
801 3196 833 3255 iu
858 3215 891 3256 re
916 3196 961 3256 ita
986 3195 1180 3259 versandum
1207 3198 1338 3270 videtur,

150 3342 189 3350 —
215 3303 368 3368 lemmata
391 3303 503 3367 addam
530 3303 764 3385 perspicuitatis
789 3321 883 3364 causa
909 3323 967 3362 —:

196 3409 224 3474 3.
249 3421 287 3490 τῇ
312 3413 341 3473 τ’
365 3411 489 3492 ἀνδρῶν]
517 3410 608 3484 ἤγουν
633 3415 689 3470 τῶν
716 3409 920 3482 μαινομένων,
945 3413 1003 3472 τῶν
1028 3409 1179 3474 citatem.

256 3517 400 3600 (ὄμματα
426 3517 559 3599 θίλγειῖι]
587 3518 658 3592 (ὥς)
684 3513 776 3576 ὕπνου
801 3512 972 3591 depuranda.

193 3624 224 3687 8.
261 3625 335 3701 (aas
359 3623 388 3686 r'
415 3624 585 3701 σίλλῆλρσιν
610 3620 765 3704 ἔχονται)]
792 3621 804 3682 ὁ
829 3644 864 3683 τε
887 3620 955 3683 οὶντί
981 3627 1042 3705 τοῦΙ
1059 3622 1132 3701 γάρ.
1157 3626 1336 3705 συνέχονται

147 3734 211 3810 γοὶρ
236 3732 392 3804 σίλλῆλσιις
418 3731 469 3793 καί
496 3733 706 3806 συνῆρσιρντσιι.

196 3838 246 3902 10.
280 3833 368 3922 (ἤρχε
401 3872 455 3886 -·
479 3836 653 3919 ἙρμείαιΗ
691 3832 724 3907 ἐξ
749 3831 781 3897 οὖ
807 3834 895 3906 δηλοῖ
917 3830 1000 3913 (ὅτι)
1029 3838 1201 3908 Κυλλῆνιος
1227 3841 1239 3901 θ
1268 3837 1335 3902 κατ’

147 3946 333 4023 οὶντίφρασιν
363 3946 405 4007 τοὶ
437 3945 589 4020 δυσόρατα
624 3943 752 4022 (ὁρῶν).
802 3941 842 4003 Et
874 3947 996 4004 caetera
1021 3943 1152 4024 quidem
1177 3945 1269 4010 nulls
1292 3965 1339 4009 ex·

146 4051 314 4134 plicatione
337 4051 500 4136 indigent,
528 4049 643 4113 ultima
667 4051 729 4112 ista
754 4050 824 4110 κατ’
845 4049 1030 4126 σίντίφρασιν
1052 4052 1098 4114 sic
1119 4054 1336 4136 explicuerim.

146 4156 325 4220 Mercurius
350 4179 387 4220 ex
411 4155 698 4242 etymologicorum
721 4157 877 4218 sententia
900 4157 1067 4226 Κυλλήνιος
1087 4156 1335 4224 dieiturutaliis

144 4264 156 4325 ὁ
184 4262 273 4327 ὅσιον
299 4262 474 4342 δεσριρτικθς,
500 4266 536 4325 ci:
563 4270 620 4326 τῶν
647 4262 745 4324 κύλιον
773 4262 923 4344 (sotadeo
950 4260 1025 4338 ΗΟ)
1054 4263 1137 4342 ἔχων
1162 4268 1222 4330 τοίο
1249 4270 1337 4342 ἤνίοι.
