2978 4950
714 280 782 351 244

147 470 240 548 οὕτως
264 473 317 539 καὶ
341 475 367 539 οἱ
393 473 493 553 νεβροὶ
518 473 591 554 πρὸς
615 472 666 539 τὸν
688 470 742 538 ἕνα
766 473 958 557 ἰσχυρότερον
984 475 1185 545 ἀντίκεινται.
1232 476 1269 544 In
1288 478 1353 552 i-

147 582 288 665 primum
312 586 370 646 τάν
395 578 505 660 νεβρῶν
530 581 684 646 vitiosum
708 585 765 645 est.
813 579 941 647 Etenim
965 583 1169 665 ἀμφοτέροισι
1190 584 1230 650 de
1249 605 1353 650 oer-

145 688 275 772 eiusque
305 685 466 752 hinnuleis
496 685 595 751 simul
625 686 689 752 dici
718 707 811 752 nemo
841 709 902 754 non
934 689 1037 767 videt,
1069 711 1171 776 neque
1203 692 1353 777 protea

147 799 214 858 tam
246 792 353 858 fatuus
384 792 447 857 fuit
477 791 721 878 Aristophanes,
753 801 790 857 nt
823 793 916 859 aliter
946 798 1102 881 acciperet
1133 797 1219 883 quud
1250 797 1353 877 ali&

146 900 246 984 accipi
268 919 394 983 prorsus
417 919 479 962 non
502 900 610 984 possit.
658 896 718 962 Sed
745 896 929 965 Aristotelis
949 904 1138 968 auctoritate
1158 909 1353 988 permotffi

121 1005 346 1086 ’ἀμφοτέροισι
378 1005 416 1070 de
447 1028 509 1068 υνια
537 1026 629 1069 cerva
652 1027 767 1090 ιιιιορκο
790 1004 941 1072 hinnuleo
964 1007 1004 1072 ab
1029 1006 1172 1075 Homero
1196 1030 1352 1097 usurp.

145 1112 298 1190 credidit,
335 1119 430 1196 atque
460 1111 518 1176 hac
547 1111 693 1196 opinione
726 1110 915 1195 perductum
946 1134 1022 1178 eum
1047 1116 1080 1178 in
1104 1114 1249 1182 Homero
1272 1118 1352 1215 ig

146 1217 340 1307 singularem
377 1217 589 1302 rescripsisse:
621 1215 724 1296 νεβρὸν
758 1219 938 1294 κοιμήσασα
966 1221 1112 1298 νενγενέα
1143 1223 1352 1305 γαλαάννε

146 1325 312 1392 Nauckins
344 1322 516 1408 (aristoph.
550 1323 626 1410 Byr.
652 1344 684 1408 p.
711 1321 767 1409 23)
791 1323 962 1390 admodum
985 1326 1216 1393 verosimiliter
1238 1349 1352 1418 comp

147 1435 203 1498 cit.
248 1430 361 1515 Itaque
391 1431 576 1516 apparetis
600 1429 719 1495 scholio
742 1431 977 1496 rescribendum
1001 1453 1085 1498 esse:
1113 1434 1352 1530 Ἀριστοφάιιρ6

147 1538 182 1604 τὸ
213 1537 412 1617 ἀμφοτέροισι
446 1535 494 1599 ἐπὶ
528 1541 583 1608 τῆς
617 1534 737 1615 ἐλάφου
761 1536 813 1599 καὶ
838 1541 906 1600 τοῦ
931 1539 1072 1617 νεβροῦ
1097 1538 1288 1620 λαμβάνει,
1319 1566 1345 1626 ρ)

147 1648 193 1711 sic
223 1645 353 1710 demum
384 1649 468 1708 reete
497 1644 654 1727 sequitur:
678 1643 692 1705 ὃ
716 1642 794 1719 γὰρ
819 1644 1032 1722 Ἀριστοτέλης
1059 1642 1097 1711 ἕν
1120 1655 1199 1726 φησι
1223 1646 1334 1722 τίκτειν

146 1755 200 1829 τὴν
224 1748 359 1835 ἔλαφον,
383 1749 517 1819 σπανίως
541 1750 571 1813 δὲ
596 1749 657 1813 δύο.
693 1747 765 1814 Hoc
789 1748 841 1812 καὶ
867 1753 976 1830 τυφλῷ
1002 1753 1109 1829 δῆλον,
1131 1763 1241 1840 estque
1251 1763 1325 1842 qnod

145 1860 271 1945 requiro
301 1859 335 1921 in
366 1856 498 1920 omnibus
528 1854 690 1921 codicibus
712 1861 834 1940 praeter
858 1877 969 1921 unum.
1006 1857 1187 1925 Dindortius
1209 1868 1316 1940 umen,

145 1969 251 2032 nescio
279 1985 341 2050 quc
363 1964 475 2029 indicii
499 1983 620 2037 errore,
643 1963 762 2028 vitium
786 1964 868 2048 quod
891 1967 925 2029 in
948 1986 1011 2031 uno
1033 1964 1066 2030 H
1090 1976 1140 2032 est
1159 1970 1192 2032 in
1211 1974 1313 2033 textum

145 2074 268 2138 invexit
303 2091 338 2136 ae
373 2069 418 2134 sic
448 2068 524 2134 feeit
555 2074 591 2132 ut
623 2067 848 2154 Aristophanes
877 2072 1012 2156 ineptire
1036 2073 1206 2139 rideretur.
1238 2072 1312 2139 Inli

146 2186 255 2245 autern
287 2185 357 2264 post
380 2175 462 2240 illud
485 2173 643 2258 scholion,
668 2174 751 2258 quod
775 2195 869 2260 supra
893 2177 1059 2263 descripsi,
1084 2178 1172 2245 uliud
1195 2181 1311 2266 sequitur

146 2286 274 2351 brevius
297 2282 408 2348 eodem
433 2282 513 2345 vitio
533 2280 698 2344 infectum.
717 2281 944 2361 ’Λριστοφάννς
963 2285 1150 2365 ἀμφοτέρως
1176 2286 1209 2374 (1,
1231 2285 1308 2368 pam)

146 2392 270 2466 ἤκουσεν
294 2390 396 2469 αὐτῇ
421 2386 473 2450 καὶ
494 2392 565 2450 τῶν
585 2385 730 2465 νεβρῶν.
752 2387 765 2451 c‘
783 2387 846 2467 μάρ
859 2389 1073 2468 Ἀριστοτέλης
1088 2389 1119 2458 ἓν
1131 2402 1207 2471 φνσι
1218 2394 1308 2458 τίκτεν

146 2499 199 2571 τὴν
230 2495 359 2577 ἔλαφον.
393 2494 500 2573 εἰρήκει
534 2491 600 2556 δ’ἀν
631 2491 734 2572 νεβρὸν
759 2495 946 2571 κοιμήσασα.
983 2496 1044 2576 Qui
1068 2520 1108 2564 ne
1131 2500 1184 2565 hic
1207 2498 1307 2585 quiden

146 2606 243 2669 sentit
274 2609 344 2688 post
368 2604 448 2681 αὐτῇ
471 2599 699 2664 mathematica
722 2599 785 2663 fere
809 2600 911 2665 dicam
936 2607 1123 2670 necessitate
1148 2603 1307 2691 requiriri

146 2711 273 2789 νεβρῷ,
304 2707 386 2773 nihil
417 2725 557 2790 unquam
587 2705 624 2769 de
650 2727 764 2792 genere
788 2707 845 2771 hoc
870 2710 994 2773 sentiet.
1042 2711 1148 2777 Sensit
1170 2711 1308 2777 Nauciius

144 2840 180 2883 ac
205 2819 349 2881 correxit.
396 2812 442 2877 At
466 2833 548 2876 nunc
571 2813 634 2875 iam
661 2812 824 2890 videmus,
850 2815 931 2880 unde
953 2823 984 2880 et
1004 2817 1056 2882 hic
1078 2827 1111 2883 et
1131 2822 1164 2883 in
1183 2817 1308 2904 ampliore

145 2921 265 2988 scholio
301 2922 383 2986 idem
413 2922 531 2984 vitium
563 2927 722 3002 appareat.
771 2918 894 3005 Nempe
918 2930 974 2986 aut
998 2945 1015 2987 e
1039 2926 1224 3010 compendio
1246 2919 1308 2989 mule

146 3027 245 3111 lecto,
270 3033 342 3110 aut,
363 3026 445 3111 quud
466 3022 569 3088 multo
590 3023 801 3088 veresimilius
819 3027 900 3091 mihi
913 3028 1056 3107 videtur,
1071 3052 1110 3095 ex
1122 3033 1309 3117 praeiudicata

146 3138 301 3221 opinione.
349 3131 402 3196 Sic
438 3153 466 3194 v.
490 3151 517 3194 c.
548 3131 581 3193 in
613 3128 782 3216 Porphyrii
811 3132 931 3197 scholio
962 3135 1001 3198 de
1030 3130 1048 3208 ἦ
1080 3133 1309 3218 μονορροιμμάτιρ

146 3240 230 3326 apud
254 3240 380 3303 Atticos
405 3244 524 3302 veteres
549 3238 575 3319 (θ
603 3233 666 3299 186
691 3244 723 3300 et
748 3245 772 3299 E
800 3235 878 3320 533)
899 3262 995 3304 omncs
1016 3239 1310 3327 loci,qnidoctrino

144 3349 240 3412 buius
271 3344 477 3409 stabiliendae
509 3362 602 3406 causa
625 3341 827 3419 adieruntur,
856 3349 995 3430 corrupti
1019 3354 1093 3412 sunt
1118 3349 1157 3413 ad
1183 3371 1248 3415 eam
1268 3347 1311 3412 ior·

146 3474 232 3519 mam
271 3471 350 3535 quae
392 3448 503 3513 scribis
535 3446 601 3511 sola
632 3453 699 3511 erat
729 3448 907 3514 familiaris.
954 3450 1070 3517 Adiert
1107 3451 1311 3520 cratinumb

147 3560 270 3639 Πυτίνῃ·
299 3556 394 3633 »γυνὴ
420 3554 557 3618 δ’ἕκείνου
577 3552 716 3631 πρότερον
738 3548 765 3637 ἦ,
787 3560 836 3618 νῦν
856 3555 1016 3640 δὀὐκέτι,”
1034 3559 1137 3624 adfert
1149 3559 1311 3647 Sophoclem

147 3667 176 3728 ἐν
201 3673 239 3746 τῇ
264 3661 379 3741 Νιόβρ·
408 3657 447 3736 „ai
477 3660 540 3737 γὰρ
571 3659 648 3740 Olba
680 3657 734 3737 'ab
766 3660 857 3724 τῶνδε
890 3668 943 3726 τοῦ
978 3667 1213 3746 ντροφερτέρυυ,”
1235 3665 1313 3732 adisti

147 3770 290 3835 eiusdem
320 3766 477 3851 Oedipum
510 3763 694 3850 Tyrannum
726 3775 787 3845 (vs.
815 3766 925 3853 1123)·
961 3767 998 3852 „si
1023 3771 1127 3844 δοῦλος
1152 3777 1206 3839 οὐκ
1228 3770 1313 3843 damis

146 3879 220 3942 ἀλλ’
245 3874 315 3939 οἴκοι
341 3871 501 3955 spaera?
525 3871 627 3936 adfert
649 3871 783 3956 denique
807 3872 975 3940 Platonem
1000 3877 1093 3963 (Rep.
1119 3879 1186 3966 Ip.
1210 3874 1313 3961 3280)

151 3985 203 4060 „od
227 3983 288 4059 μὴν
312 3981 375 4060 yae
392 3981 451 4056 ἐγὼ
473 3976 518 4042 ἔτι
539 3978 568 4041 ἐν
581 3976 708 4053 δυνάμει
722 3973 739 4050 ἦ
752 4003 808 4043 σου
821 3980 958 4062 §adicies
987 3984 1127 4050 Omnibus
1138 3987 1189 4052 his
1203 3991 1316 4073 quatuor

145 4089 239 4166 locis,
271 4125 311 4135 —
343 4084 527 4150 incredibile
559 4084 664 4160 dictu,
694 4123 734 4132 —
761 4087 863 4151 scriba
886 4089 1003 4154 codicis
1026 4091 1074 4170 Ε,
1100 4096 1153 4158 oui
1177 4095 1236 4160 soli
1256 4093 1317 4159 hcet

144 4194 313 4269 debemus,
339 4192 494 4255 usitatum
519 4189 580 4253 sibi
604 4185 638 4262 ἦν
660 4190 794 4254 infersit.
842 4191 930 4258 Idem
956 4198 1058 4282 igitur
1082 4205 1190 4266 nostro
1212 4217 1318 4286 quoque

141 4300 209 4365 loco
240 4319 299 4361 usu
333 4299 454 4360 venisse
487 4296 627 4377 credam,
660 4316 696 4359 ae
728 4303 797 4361 tuto
827 4301 892 4362 iam
917 4322 988 4364 oum
1016 4308 1148 4369 caeteris
1173 4307 1318 4372 codicibus

143 4405 253 4471 licebit
288 4421 435 4487 reponere
470 4400 525 4476 id,
560 4401 643 4484 quod
675 4422 784 4467 sensus
816 4407 907 4470 unice
940 4405 1075 4494 flagitat.
1125 4413 1196 4479 Non
1226 4416 1319 4480 minu
