2978 4950
719 221 783 289 loo

89 462 92 468 -
154 415 248 503 plane
283 411 387 480 aliam'
413 433 480 479 esse
511 420 544 478 et
574 416 840 480 constructionem
874 421 906 479 et
936 417 1112 500 rationem,
1135 417 1248 502 itaquo
1266 414 1315 480 nil

153 521 293 587 conferre
329 520 369 586 ad
401 519 626 585 stabiliendam
656 523 951 605 interpretationem
987 524 1056 587 sine
1087 521 1186 588 dubio
1218 520 1315 588 felas

151 627 206 692 sed
229 628 307 692 satis
330 626 454 692 habebo
477 625 691 692 demonstrare
715 627 778 692 duo
802 628 962 693 scribendi
986 631 1066 694 vitia
1089 627 1215 694 scholio
1237 630 1315 694 inan

153 732 278 818 Nempe
309 741 347 813 τῇ
377 731 490 811 Ἐλίνρ
514 753 643 818 prorsus
666 735 842 799 sententiae
868 735 970 799 tenori
993 741 1169 823 repugnet,
1192 737 1258 800 nisi
1279 752 1315 819 qu

152 844 263 926 putet:
298 838 377 921 „hac
409 841 496 904 enim
520 860 554 904 re
577 837 702 905 Helene
726 839 778 904 vel
801 843 835 904 in
860 843 1076 926 suspicionem
1101 841 1297 906 insidiarum

153 945 343 1032 proditionis
372 943 544 1020 venissct‚”
574 945 635 1010 hoc
663 941 784 1010 Graece
807 949 855 1011 ita
879 947 1016 1033 exprimi
1040 966 1147 1031 posse:
1173 949 1266 1011 τοῦτο
1281 967 1315 1023 γΙ

154 1053 207 1115 καί
245 1049 405 1131 προδοσίας
437 1050 574 1131 ὑποψίαν
606 1058 740 1130 παρεῖχε
773 1060 818 1132 τῇ
851 1053 1001 1132 Ἑλίνρ.
1049 1051 1156 1117 Immo
1187 1071 1266 1118 varo
1288 1072 1315 1114 τι

153 1158 290 1236 Τρωσίν,
326 1160 354 1222 si
385 1157 462 1242 quid
493 1156 654 1222 adiectum
687 1163 865 1242 oporteret,
897 1165 955 1224 aut
979 1158 1109 1238 τούτῳ
1135 1190 1190 1208 -ω
1216 1158 1315 1236 ι’ντοψί

154 1272 358 1344 παρεῖχεν
394 1264 411 1337 ἡ
448 1261 597 1337 Ἑλένη.
645 1261 707 1329 Sed
741 1271 880 1349 praestat
915 1286 1098 1353 expungere
1133 1285 1252 1331 nomen
1282 1284 1315 1350 pe

152 1372 277 1456 prium,
307 1374 345 1435 nt
377 1372 561 1454 saepissime
592 1371 637 1434 sic
661 1391 744 1435 nunc
767 1391 864 1456 prava
887 1372 1057 1439 sedulitate
1080 1376 1283 1458 praepostere
1303 1371 1315 1435 i

155 1483 287 1544 eertum.
335 1475 408 1542 Non
438 1480 548 1541 tamen
576 1478 623 1540 ita
655 1476 835 1544 emendatio
866 1478 1006 1563 perfecta
1040 1483 1107 1561 est,
1146 1498 1222 1544 nam
1261 1481 1315 1542 τοῦ

154 1583 218 1663 γὰρ
251 1581 303 1647 καί
336 1581 499 1660 προδοσίας
533 1582 668 1660 ὑποψίαν
698 1581 771 1668 (όιν)
798 1593 966 1669 παρεῖχεν,
991 1584 1019 1648 εί
1041 1609 1083 1662 γε
1109 1619 1199 1635 ---
1221 1585 1256 1649 cri
1277 1581 1315 1649 τό

154 1689 322 1771 ίμνίνυσεν,
351 1687 427 1753 ἀλλ’
460 1687 600 1762 ἐπίτηδες
632 1688 726 1753 αὐτὸν
750 1688 929 1769 περιέσωσεν
952 1693 998 1756 sic
1021 1690 1156 1756 demum
1179 1688 1315 1757 recludi

156 1802 227 1862 tum
251 1798 323 1862 erit.

198 2009 234 2093 δ,
262 2005 340 2074 258.
387 2005 495 2073 Multo
536 2008 635 2072 etiam
669 2007 838 2074 molestius
873 2008 961 2075 idem
995 2029 1113 2077 nomen
1148 2011 1280 2097 irrepsit
1310 2012 1315 2075 i

153 2114 295 2182 scholion
327 2113 368 2180 ad
399 2133 527 2179 versum
560 2116 824 2180 vexatissimum:
857 2115 991 2188 πολλοὺς
1022 2115 1053 2181 δὲ
1087 2117 1198 2196 Τροίαν
1228 2116 1315 2182 ιιτείει

155 2258 243 2275 ···
270 2216 341 2294 ἦλθε
364 2222 436 2297 μετ’
460 2219 636 2299 'spretore
662 2221 767 2285 ιιατίι
790 2221 830 2286 δὲ
854 2224 994 2300 φρόνιν
1018 2222 1157 2302 ἤγαγε
1187 2222 1312 2298 πολλό

153 2328 303 2394 Scholion
333 2326 374 2392 ad
405 2325 483 2391 haec
513 2327 561 2391 ita
589 2333 777 2413 conceptum
808 2328 930 2415 legitur
960 2330 993 2392 in
1016 2328 1096 2394 MV:
1122 2329 1315 2409 ιιασαφρίννρι

155 2438 255 2500 αὐτῶν
291 2434 433 2517 ἤγαγεν,
469 2432 627 2497 τουτέστιν
659 2433 676 2507 ἢ
709 2434 803 2503 αὐτὸς
835 2435 1048 2514 κατεφρόνησε
1080 2435 1155 2521 τότε
1186 2438 1304 2510 αὐτῶν,

152 2542 222 2613 τοὺς
250 2538 410 2613 Ἕλληνος
441 2538 579 2610 ἐποίησεν
611 2541 712 2604 αὐτῶν
744 2548 978 2618 καταφρονῆσαι
1009 2541 1047 2604 δι’
1071 2539 1109 2606 ὧν
1135 2539 1257 2607 ἔπεισεν
1281 2543 1315 2626 [τ

151 2650 304 2733 Ἑλένην]
329 2647 345 2722 ἢ
371 2646 541 2726 φρονήσεως
566 2647 691 2725 οίπείρου
716 2646 814 2726 ἑαυτῷ
839 2647 989 2725 περιέθετο
1014 2646 1108 2724 ὄνομα
1133 2654 1240 2713 ταῦτα
1264 2670 1312 2712 ποι

152 2782 223 2827 σας.
248 2757 273 2820 οί
299 2755 329 2818 δὲ
355 2754 486 2831 νεώτεροι
510 2753 613 2832 φρόνιν
637 2753 692 2825 τὴν
716 2755 803 2815 λείαν
827 2752 1029 2829 ἀπεδέξαντο.
1055 2753 1168 2840 Itaque
1192 2755 1315 2821 effecit·

152 2861 266 2928 Graeci
302 2861 455 2926 Troianos
486 2861 663 2923 contemtui
693 2859 862 2935 haberent,
895 2859 936 2922 iia
964 2861 1062 2923 verbis
1086 2861 1315 2945 quibuslicet·

145 2967 307 3052 peruasit.
336 2966 405 3031 sut
428 2968 634 3032 vehementer
657 2964 761 3040 fallor,
786 2973 842 3029 aut
861 2963 984 3049 aliquid
1008 2971 1145 3032 monstri
1169 2968 1225 3034 hic
1244 2967 1315 3034 alitt

152 3071 245 3136 Nihil
269 3071 380 3137 Ulixes
404 3072 546 3137 Helenae
570 3077 785 3156 persuaserat,
806 3075 1163 3139 -communicaverat
1188 3076 1219 3139 ei
1243 3074 1315 3141 dolu

153 3176 349 3243 Graecorum
371 3179 403 3241 in
428 3175 621 3243 aedificando
647 3196 727 3261 equo
751 3175 877 3262 lignee,
905 3214 944 3225 —
972 3184 1004 3242 et
1027 3181 1055 3243 si
1080 3179 1133 3245 uel
1156 3184 1301 3246 maxime

153 3286 373 3368 persuasisset,
409 3283 565 3369 quomodo
600 3282 659 3347 hac
697 3303 728 3346 re
762 3280 893 3347 Graecis
916 3289 1116 3349 contemtum
1142 3284 1315 3353 Troianoru

153 3392 291 3455 excitare
320 3392 476 3474 potuisset
507 3409 607 3473 neque
638 3408 697 3474 ego
730 3387 839 3471 video,
870 3409 928 3452 nec
959 3389 1052 3455 facile
1076 3391 1161 3456 alius
1185 3396 1315 3459 invenes

152 3495 213 3562 Sed
244 3496 341 3562 uerba
371 3498 479 3580 spuria
507 3500 582 3558 snnt
614 3500 647 3558 et
677 3494 809 3559 fortasse
838 3514 876 3558 ex
905 3495 976 3567 τοὺς
999 3492 1161 3570 Ἐλλνναο
1188 3506 1315 3586 corrupt

150 3622 231 3687 quae
267 3606 299 3665 et
333 3604 402 3686 ipsa
434 3602 461 3664 si
492 3599 638 3665 adessent
675 3603 709 3663 in
746 3603 924 3686 marginem
966 3611 1070 3667 essent
1108 3606 1285 3694 releganda

150 3728 363 3793 supervacua,
396 3706 456 3771 etsi
487 3727 550 3771 non
584 3742 625 3754 —
658 3711 695 3769 ut
726 3707 788 3769 ieta
819 3707 874 3779 rio
902 3707 1028 3782 Ἐλίννν
1061 3748 1101 3757 -
1138 3733 1272 3796 prorsus
1301 3732 1315 3779 ι

149 3813 254 3877 surda.
302 3812 422 3877 Eiectis
442 3879 445 3884 ,
462 3813 502 3876 iis
537 3811 615 3876 haec
650 3814 806 3876 sententia
841 3812 963 3878 evadit:
1004 3814 1108 3881 effecit
1146 3817 1282 3904 Ulixes,

151 3916 264 3985 Graeci
295 3917 505 3983 Troianorum
536 3919 619 3981 vires
651 3925 907 3990 contemnerent,
941 3919 1038 4004 idque
1072 3924 1197 3990 talibus
1227 3927 1315 3992 verbi

149 4032 187 4089 ut
210 4027 251 4089 iis
274 4024 484 4109 persuaderet.
511 4023 632 4088 Eadem
655 4023 720 4088 fere
743 4024 895 4110 leguntur
914 4028 946 4089 in
968 4025 1047 4107 HQ:
1071 4031 1199 4109 ἤγαγεν
1214 4033 1315 4112 'Este

150 4132 267 4203 πολλὴν
300 4128 528 4209 καταφρόνησιν
560 4136 617 4193 τῶν
649 4131 818 4203 πολεμίων,
858 4135 1102 4209 καταγνοὺς
1138 4140 1274 4203 αὐτῶν
1307 4160 1315 4181 ⁴

147 4235 325 4306 οίσίενίς.
350 4236 427 4307 τινὲς
453 4233 502 4318 δέ,
525 4235 694 4312 κατιίγαγε
717 4236 834 4310 πολλὴν
854 4235 967 4322 φρόνιν,
991 4233 1009 4300 ό
1027 4241 1094 4305 ἑστι
1116 4247 1239 4320 πολλὴν
1259 4243 1314 4323 δόξ

141 4340 343 4419 οἰτννίγιιατο
367 4342 380 4403 ί
406 4339 585 4412 Ὀδυσσεύς.
610 4339 742 4405 Nullam
766 4342 882 4407 harum
906 4345 1214 4431 interpretationum
1239 4370 1315 4416 vera
