2978 4950
711 151 777 238 teo

144 361 234 431 serie
258 385 295 430 ac
318 360 476 453 flagitiose
498 367 647 448 corrupta
669 363 928 439 circumferatur,
954 366 986 426 et
1009 382 1105 447 quam
1130 358 1217 428 facili
1245 381 1327 451 nego

144 470 191 537 tio
215 469 346 557 singule
368 476 511 537 monstra
535 489 615 556 quae
637 469 788 534 videntur
811 471 973 553 procurari
995 471 1126 554 possint
1175 469 1245 535 Iam
1269 473 1335 556 pri·

143 577 241 641 muln
270 577 347 643 haec
378 576 459 643 false
489 583 580 642 sunt:
611 582 703 640 κυνῶν
728 573 901 656 ὑπέζωοται
926 577 1100 656 προπομάς,
1126 577 1257 659 ἀρπαγῇ
1283 612 1336 627 --

143 684 389 764 πεφραγμένας.
415 685 478 749 Ain
503 679 598 750 vero?
620 682 916 748 Haeccine-canum
940 685 1047 767 efficies·
1071 681 1171 749 vitia?
1193 682 1339 750 Debebat

144 788 262 856 saltem
288 789 533 873 πεφραγμένων,
558 789 613 856 sed
637 810 677 854 ne
699 789 760 854 hoo
784 789 913 874 quidem
937 797 1069 854 rectum.
1102 790 1225 880 Yerum
1248 797 1338 857 acute

143 894 230 961 uidit
259 893 423 984 Heynius:
458 895 695 980 πεφραγμένη,
726 895 809 981 quod
842 895 1099 975 adsciscendum,
1132 918 1196 964 une
1225 897 1339 964 vocula

144 1001 285 1068 inserta:
308 1003 352 1067 διδ
376 1003 412 1077 δίη
437 1004 489 1069 καί
511 1005 604 1068 κυνῶν
628 1038 647 1052 -
660 1038 681 1052 -
694 1001 869 1084 ὑπέζωοπαι
891 1003 1074 1080 προπομάς,
1099 1003 1133 1090 (d
1142 1006 1172 1090 ς)
1192 1003 1323 1086 ἀρπαγῇ
1330 1051 1338 1082 ,

144 1108 251 1191 τίλμη
274 1111 327 1175 καί
350 1108 515 1195 πλεονεξία
540 1109 773 1190 τεφραγμένΗ.
797 1109 891 1174 Nunc
910 1110 1144 1175 consideremus
1163 1113 1340 1196 sequentia:

146 1213 180 1281 αί
213 1215 242 1279 δ’
274 1217 361 1291 ἡλίου
392 1215 465 1294 βίος
490 1214 661 1297 ε’γκράπεια
685 1218 822 1297 γαοτρθς
845 1218 937 1280 είοιν·
963 1218 988 1280 εί
1013 1217 1089 1293 μηδὲ
1115 1219 1204 1293 λιμὸν
1227 1215 1339 1300 έσχεν,

146 1321 272 1394 ἀδικίας
309 1323 464 1401 ἀνάγκην.
511 1323 590 1404 Quis
626 1323 716 1399 λιμὸν
750 1318 866 1403 dcxcvi
890 1319 974 1387 (lum
1006 1321 1135 1388 difficile
1168 1323 1255 1388 dictu
1279 1327 1341 1410 sit,

146 1425 299 1516 Heynius
339 1429 491 1510 ἀκροίτεια
529 1436 561 1495 et
592 1428 684 1509 ἔσχον
716 1429 926 1512 proponebat,
958 1429 997 1492 de
1027 1430 1144 1513 quibus
1178 1429 1342 1494 Mehlerus

146 1536 195 1601 ita
231 1535 372 1601 iudicat:
415 1537 523 1621 „prius
563 1536 642 1600 bene
679 1533 811 1599 fortasse
847 1554 879 1597 ee
914 1532 1027 1617 hebet,
1064 1538 1221 1620 posterius
1255 1536 1343 1601 haud

147 1641 247 1709 dubie
277 1647 325 1708 est
356 1641 502 1709 falsum.'¹
549 1640 708 1727 Equidem
736 1646 909 1724 utrumque
933 1639 1051 1704 falsum
1074 1642 1261 1718 habuerim,
1285 1663 1342 1707 nec

146 1745 297 1814 Mehlero
327 1750 482 1814 assentiar
511 1745 689 1833 profitenti:
724 1745 820 1831 ,quid
852 1748 1013 1830 scripserit
1036 1744 1236 1824 Heraclitus,
1262 1748 1344 1813 mihi

147 1875 212 1920 non
256 1853 390 1939 liquet.”
436 1855 481 1919 At
515 1853 597 1918 mihi
635 1852 756 1937 liquere
789 1853 982 1936 putaverim.
1028 1850 1162 1938 Scripsit
1197 1852 1343 1919 Heracli·

148 1966 220 2025 tue:
253 1961 279 2024 εί
311 1960 390 2036 ’μηδὲ
422 1960 521 2035 λιμὸς
552 1959 645 2039 ἔσχεν
676 1958 798 2028 ἀδικίας
830 1957 991 2041 ἀνοίγκην,
1016 1960 1216 2025 substantivo
1240 1965 1345 2027 active

148 2064 384 2154 significatione
407 2071 576 2152 usurpato,
602 2064 870 2150 quemadmodum
896 2063 1003 2129 Numa
1026 2065 1108 2151 epud
1132 2065 1343 2132 Plutarchum

151 2180 193 2256 (o.
223 2170 280 2258 16)
304 2173 424 2240 dicitur
446 2172 589 2250 ἀνάγκην
614 2179 669 2245 τῆς
691 2169 814 2243 ἀδικίας
835 2172 975 2251 ἀφαιρῶν
994 2175 1049 2245 πίον
1067 2173 1207 2251 ἀπορίαν.
1232 2173 1343 2259 Neque

148 2280 261 2345 minus
298 2280 463 2365 sequentia
504 2277 662 2343 laborant:
700 2269 722 2342 ἀ
757 2276 792 2350 δη
833 2278 964 2353 μυθικῶς
995 2279 1052 2353 μέν
1084 2280 1165 2343 ἐστιν
1200 2281 1342 2358 είρημένα

148 2386 238 2467 παρὰ
271 2385 342 2456 τοὺς
374 2384 555 2460 ἀκούοντας,
588 2385 621 2448 in
652 2385 769 2468 quibus
791 2404 894 2467 neque
916 2387 998 2449 ίοπιν
1023 2385 1101 2450 bene
1124 2386 1221 2452 habet
1242 2408 1344 2472 neque

147 2490 239 2573 παρά
269 2490 323 2558 vel
355 2489 581 2556 Schowienum
614 2491 691 2569 περί.
740 2488 802 2554 Pro
830 2491 1061 2574 praepositione
1085 2494 1218 2558 verbum
1243 2498 1346 2580 requi-

146 2601 254 2674 ritur,
279 2596 364 2662 unde
388 2595 524 2682 pendeat
548 2598 750 2660 eccumtivus
774 2596 844 2667 τοὺς
868 2595 1047 2668 ἀκούοντας.
1095 2597 1185 2677 Quod
1210 2601 1342 2666 verbum

146 2725 187 2772 ex
221 2704 277 2771 his
307 2702 490 2769 elicuerim:
524 2702 558 2766 οθ
588 2703 653 2779 γάρ
685 2702 855 2778 πλάομαοι
887 2711 1051 2777 ποιητικοῖς
1083 2705 1152 2774 τοὺς
1179 2706 1344 2779 ἀκούοντας

145 2811 269 2892 τέρπων
299 2811 404 2890 χωλὸν
437 2809 511 2883 ἡμῖν
535 2807 750 2888 παραδέδωκεν
772 2805 960 2886 Ἥφαιστον.
988 2811 1031 2893 (p.
1057 2809 1114 2895 55)
1138 2809 1222 2878 Hinc
1246 2814 1345 2879 eiecto

145 2918 234 2985 ίοτιν
258 2926 367 2982 nostro
390 2934 516 3001 quoque
538 2913 608 2979 loco
631 2913 850 2980 scribendum:
876 2909 953 2988 ίιδη
973 2917 1105 2993 μυθικῶς
1125 2918 1182 2992 μέν
1202 2919 1345 2999 εἰρημένα

104 3102 106 3106 ,
145 3024 294 3105 τέρπει
318 3023 389 3095 τοὺς
414 3021 602 3091 ἀκούοντας·
628 3022 653 3085 εί
678 3020 710 3086 δέ
734 3044 781 3092 τις
807 3020 857 3085 tr)
882 3020 937 3092 την
960 3023 1208 3102 ἦλληγορημένην
1232 3027 1344 3106 οοφίαν

146 3129 397 3209 καταβέβηκεν,
432 3127 668 3209 θΦελιμιίταπα
692 3135 755 3197 τοῖς
780 3126 977 3204 μιμουμένοις
1001 3130 1176 3206 γενήσεται.
1226 3132 1345 3199 Eadem

147 3240 238 3305 euim
272 3239 357 3301 inest
379 3233 535 3319 oppositio
559 3254 595 3298 sc
619 3233 785 3298 decantato
807 3233 858 3298 illi
882 3232 1057 3299 Horatiano
1081 3236 1183 3302 dieto:
1208 3247 1237 3302 ct
1256 3242 1346 3323 prod·

146 3366 212 3410 crac
235 3343 343 3408 οοίιιιιί
366 3348 394 3405 εί
419 3340 567 3403 delectare
585 3345 708 3423 poetae,
728 3340 839 3404 eadem
861 3339 958 3404 ctiam
979 3361 1015 3405 ec
1034 3361 1096 3405 non
1116 3345 1347 3412 minuedecan·

147 3456 218 3518 tcto
242 3447 442 3536 Polybiane:
466 3451 667 3525 ψυχαγωγεῖ
688 3446 762 3524 μέν,
789 3448 908 3526 ἀφελεῖ
930 3445 957 3508 δ’
980 3446 1073 3511 οὐδέν.

193 3657 235 3727 (ί.
249 3655 376 3725 LXXII
395 3657 439 3742 (p.
456 3656 550 3742 142);
570 3657 729 3725 Mercurio
742 3647 793 3724 est
801 3665 935 3737 γλῶττα
946 3660 1047 3736 θυοία,
1061 3662 1097 3726 τί
1117 3659 1234 3738 μθνον
1254 3663 1348 3743 οιθγου

146 3764 254 3848 μέρος.
287 3764 400 3850 Neque
431 3763 519 3840 μίνου
551 3771 664 3850 aptum
692 3787 793 3851 neque
816 3765 1050 3832 Mehlerianum
1075 3768 1211 3846 μίνιμον,
1237 3771 1291 3836 sed
1313 3773 1348 3836 πθ

146 3874 328 3953 γθνιμου
351 3870 447 3948 λθγου
470 3870 569 3950 μέρος.
594 3870 673 3958 (cfr.
699 3871 818 3938 Scholl.
843 3879 951 3938 nostra
974 3873 1013 3938 ad
1036 3898 1059 3951 γ
1085 3873 1150 3939 332
1175 3883 1207 3940 et
1230 3875 1319 3963 341.)

194 4082 237 4153 G.
256 4080 372 4150 mu
391 4087 436 4167 (p.
452 4081 546 4166 lto:
568 4083 617 4149 De
636 4082 747 4148 inferis
767 4090 799 4148 st
816 4083 881 4148 alie
898 4083 1048 4149 dicuntur
1060 4090 1092 4149 et
1103 4084 1194 4150 haec:
1207 4040 1282 4169 ρίδης
1296 4089 1352 4165 μέν

146 4189 202 4261 οὖν
225 4191 243 4257 θ
268 4190 397 4271 ἀφανίης
422 4188 514 4259 τίπος
538 4189 703 4264 ἐπωνύμως
728 4189 919 4265 ἀνθμαοπαι.
967 4191 1141 4271 Φερσεφόνη
1164 4191 1191 4256 δ’
1214 4194 1352 4273 ἀλληγο-

147 4302 243 4383 pande
277 4293 365 4370 ἡτά
395 4291 501 4360 πάνπα
533 4301 695 4375 πεφυκυῖα
727 4295 927 4377 διαφθείρειν,
959 4297 995 4361 έν
1019 4291 1076 4369 οίς
1101 4298 1153 4362 οὐκ
1177 4295 1278 4381 ίγχνη
1303 4301 1352 4366 ἐπ’
