2978 4950
706 200 772 269 274

147 390 180 475 (i.
194 411 221 455 e.
254 413 305 456 -κε
338 391 402 473 μέν)
437 391 636 469 ἀμέλγεσθαι
666 393 708 455 τά
741 391 814 472 ζῷα.
849 391 927 464 τινές
952 391 1032 456 ἀπὸ
1056 394 1212 470 ἀμογῶ,
1232 390 1305 459 ίτον

143 496 238 568 οὐδεὶς
268 505 381 575 μογεῖ,
404 494 477 578 ὅπερ
502 499 567 564 ε’στί
592 499 781 577 κακοπαίεῖ,
806 497 896 564 ἀλλά
918 500 1133 565 ἀναπαύεται.
1156 498 1228 572 τινές
1247 500 1305 565 ἀτί

144 605 298 690 ἀμολῶ,
335 600 432 669 ίταν
463 604 558 679 οὐδεὶς
590 607 785 683 μολιίσει,
818 601 837 671 ί
865 605 931 669 ἔστι
962 606 1146 683 βαδίσει.
1176 605 1307 672 τάντοίέ

144 714 249 775 ταῦτα
278 712 319 783 είς
351 714 406 786 τὴν
429 717 483 776 τοῦ
507 716 704 790 μεσονυκτίου
728 710 804 791 ὥραν
828 713 1051 793 καταστρέφει.
1100 711 1191 779 Satin
1211 718 1308 779 cadum

145 816 273 883 videtur
304 819 387 903 quod
410 816 499 883 dixil
534 819 600 884 lam
626 819 864 906 intellegimus,
893 840 950 883 cnr
970 825 1038 884 tam
1063 839 1145 905 pone
1168 824 1309 905 sequentur

145 921 174 985 ίν
198 932 237 1004 τῇ
265 959 282 973 ·
298 959 317 974 -
341 920 418 1007 ἀρα,
445 927 513 989 καθ’
538 919 572 998 ἣν
596 923 690 1008 ε’ίραν,
714 945 827 1009 nempe
850 927 978 992 omissis
1002 925 1190 1010 excerpendi
1211 925 1307 1002 studio,

145 1048 226 1114 quae
258 1031 362 1096 media
392 1033 579 1117 interposita
611 1038 708 1097 erant.
757 1031 805 1096 Ad
838 1031 918 1097 hanc
950 1030 1056 1098 lucem
1088 1035 1188 1098 etiam
1215 1040 1310 1098 cacan

143 1135 327 1200 foedissima
372 1137 486 1202 menda
521 1137 632 1202 tollere
666 1157 853 1222 possumus,
891 1157 972 1222 quae
1006 1141 1115 1204 nescio
1150 1157 1210 1223 quo
1238 1135 1309 1202 modo

144 1240 300 1308 Dindcrfii
336 1243 538 1330 diligentiam
574 1244 771 1330 effugerunt:
807 1244 884 1314 τινὲς
914 1244 977 1308 ἀπὸ
1002 1245 1136 1324 (trustra
1158 1240 1307 1310 Dindorins

146 1350 259 1424 „seno
292 1350 354 1414 ἀτί
388 1349 473 1430 roffi)
505 1352 616 1426 ἀμογῶ
648 1347 685 1436 (l)
711 1345 785 1415 ὅταν
809 1349 904 1421 οὐδεὶς
927 1358 1024 1428 μογεῖ
1045 1371 1121 1436 pro:
1145 1353 1221 1422 τινές
1241 1347 1307 1415 ἀντί

145 1460 215 1520 τοῦ
259 1457 418 1540 ἀμογῷ,
453 1454 519 1521 ὅτε
554 1457 615 1521 οὐδ.
651 1480 728 1534 μογ.
765 1461 854 1521 tum:
890 1457 967 1529 τινές
1004 1457 1068 1522 ἀτί
1105 1459 1227 1535 ἀμολῶ,
1256 1453 1308 1521 tre

146 1561 242 1633 οὐδεὶς
266 1564 413 1640 μολοίσει,
445 1560 463 1627 ὅ
491 1564 555 1626 έστι
586 1561 709 1641 βαδίσει
741 1580 813 1647 pro:
849 1563 927 1634 τινές
958 1564 1050 1627 ἀντί
1083 1570 1153 1629 τοῦ
1185 1564 1308 1644 ἀμολῷ,

145 1664 212 1733 ὅτε
235 1671 295 1734 οὐδ.
321 1672 516 1747 μολίσκει,
540 1667 558 1734 ἀ
579 1670 644 1733 έστι
668 1669 766 1751 βαδίζ
773 1693 816 1734 ει.
841 1667 1103 1756 Compendifacta
1121 1671 1224 1760 glossa
1239 1666 1308 1755 paulo

147 1778 253 1863 magis
284 1776 381 1841 etiam
413 1776 664 1861 compendifacta
696 1782 742 1840 est
773 1775 856 1860 apud
881 1775 1032 1840 Suidam:
1057 1775 1268 1854 ’Λμολγίιε
1284 1775 1308 1837 τί

146 1882 354 1958 μεσονύκτιον,
381 1882 444 1957 ἤτοι
470 1883 536 1947 καθ’
560 1874 593 1955 ἣν
618 1881 693 1959 ὥραν
718 1882 780 1962 ζῳα
806 1884 874 1946 οὐκ
898 1882 1110 1961 ἀμέλγονται,
1134 1883 1152 1958 ἢ
1174 1882 1307 1963 ἀφαιρέσει

148 1993 202 2053 τοῦ
221 1987 257 2066 γ’,
281 1990 349 2053 καθ’
370 1986 403 2061 ἣν
422 1989 516 2061 οὐδεὶς
539 1997 639 2072 μολεῖ,
657 1989 673 2064 ἢ
691 1987 852 2067 ἀφαιρέσει
872 1992 924 2052 τοῦ
939 1985 976 2066 λ,
992 1988 1062 2052 καθ’
1077 1988 1112 2064 ἣν
1124 1990 1219 2061 οὐδεὶς
1230 1991 1309 2067 μογεί.

150 2094 344 2162 Brevissima
376 2096 419 2160 B:
453 2096 537 2176 μέσῳ
568 2104 623 2169 τῆς
655 2096 771 2168 ννκτίς.
805 2095 861 2159 νέει
886 2095 918 2160 δέ
941 2098 975 2160 τὸ
1000 2098 1135 2177 ἀμολγῷ
1159 2098 1221 2173 ἤτοι
1240 2093 1310 2160 ίτίτε

148 2204 217 2267 οὐκ
249 2203 385 2280 ἀμέλγει
418 2226 480 2280 τις,
516 2204 532 2277 ἢ
559 2203 647 2276 ἡνίκα
671 2226 718 2273 τις
741 2204 774 2266 οὐ
797 2209 904 2278 μολεῖ,
932 2203 1050 2280 ἀμολίς
1074 2204 1128 2268 καί
1153 2200 1310 2278 πλεονασμᾷ

147 2313 200 2372 τοῦ
235 2308 433 2387 γάμολγίς.
483 2307 519 2373 ln
543 2309 691 2374 omnibus
715 2311 846 2374 caeteris
869 2309 1012 2374 eiusdem
1035 2309 1161 2397 glossae
1184 2308 1311 2393 excerptis

147 2422 271 2480 servata
307 2422 354 2480 est
385 2417 533 2502 negatio,
566 2417 673 2499 itaque
704 2435 766 2499 quo
795 2417 864 2479 iure
887 2435 982 2500 supra
1005 2417 1050 2493 pis
1073 2418 1254 2482 inseruerim
1272 2433 1311 2497 ap·

148 2527 246 2605 paret.
294 2520 394 2585 Fuere
426 2528 552 2604 tamen,
585 2533 621 2584 ut
652 2523 718 2585 iam
750 2521 911 2597 dicebam,
943 2525 1166 2609 grammatici,
1199 2524 1310 2607 quinon

147 2629 253 2692 minus
276 2629 417 2712 ineptam
442 2627 669 2715 etymologiam
691 2627 790 2691 secuti
812 2631 916 2696 νυκτὸς
937 2629 1069 2710 ἀμολγῷ
1090 2651 1200 2695 revera
1211 2635 1312 2713 tempus

146 2755 258 2819 pecora
293 2734 460 2821 mulgendi
495 2736 792 2818 interpretarentur,
831 2741 863 2798 at
898 2756 960 2799 non
991 2737 1038 2800 ita
1068 2736 1170 2812 fatui,
1205 2742 1238 2800 nt
1257 2741 1311 2798 tum

148 2841 287 2906 mediam
320 2848 443 2906 noctem
471 2837 645 2927 significari
670 2840 901 2905 contenderent.
948 2841 1114 2926 Explicuit
1137 2845 1184 2907 ita
1204 2839 1312 2926 Apollo·

147 2951 219 3013 nius
249 2951 282 3012 in
315 2947 443 3011 Lexico:
477 2947 682 3023 Ἀμολγῷτ
717 2945 779 3019 ἤτοι
816 2947 845 3008 έν
878 2947 975 3027 έκείνρ
999 2957 1036 3029 τῇ
1062 2945 1123 3031 cipp
1147 2949 1176 3012 έν
1200 2945 1313 3029 ὖάμέλ·

149 3053 309 3137 γουσιν,ἣ
335 3054 364 3116 έν
388 3049 407 3133 ᾖ
429 3077 475 3124 τις
501 3053 532 3116 οὐ
558 3052 709 3134 μολίσκει,
734 3048 771 3116 ἵν’
797 3049 813 3133 ἦ
838 3053 1029 3137 ἀμολγῷ,
1055 3055 1142 3118 κατά
1166 3052 1313 3135 παρένίειιι

149 3166 202 3226 τοῦ
226 3184 265 3237 γ·
293 3163 344 3237 ,έν
367 3160 472 3231 νυκτὸς
497 3158 674 3238 ἀμολγῷ”·
699 3153 757 3222 οἷον
781 3161 815 3224 τί
839 3159 1047 3235 μεσονύκτιον.
1073 3162 1129 3244 (τῷ
1153 3156 1314 3238 μεσονυκτίρ

150 3268 298 3352 villota),
331 3286 411 3351 quae
441 3268 486 3330 sio
511 3264 705 3330 emendanda
728 3272 819 3328 sunt:
845 3262 882 3329 ἵν’
908 3263 925 3345 ἦ
950 3268 1108 3351 ἀμολῷ,
1132 3269 1228 3352 (καί)
1250 3262 1316 3331 κατέ

149 3375 323 3455 παρένίεσιν
358 3376 411 3436 τοῦ
447 3371 472 3448 γ’
508 3371 559 3448 ,ἐν
591 3396 616 3434 ν.
652 3371 825 3450 ἀμολγιρ,”
859 3365 916 3435 οίον
951 3374 1014 3457 (έν)
1049 3376 1100 3453 τῷ
1125 3373 1318 3451 μεσονυκτίρ.

153 3481 312 3568 Explicuit
334 3483 380 3544 ite
401 3485 510 3542 auctor
530 3477 815 3561 Epimerismorum
838 3475 957 3561 (Oram.
979 3483 1040 3544 An.
1064 3477 1321 3567 Oxonn.lp.82l‚

150 3590 204 3655 aad
228 3585 331 3651 multo
356 3586 485 3649 uberius
508 3591 540 3647 et
564 3583 704 3648 doctius:
729 3586 934 3663 ’Λμολγῷῐ
961 3584 1061 3662 ,ὥστε
1088 3587 1123 3673 (l.
1146 3585 1185 3659 ἀς
1205 3589 1251 3675 τε)
1263 3586 1323 3653 λέον

150 3691 288 3774 έφίβνσε
314 3693 414 3769 μολὼν
434 3690 463 3752 έν
485 3690 590 3758 νυκτὸς
610 3688 762 3767 ἀμολγῷ”
781 3692 824 3771 (Α
841 3689 917 3774 173)
937 3692 1026 3766 δηλοῖ
1044 3692 1096 3757 τὸν
1117 3694 1218 3775 καιρὸν
1231 3687 1326 3759 sect·

149 3800 341 3877 ἀμέλγουτιν
359 3798 383 3860 οί
405 3796 554 3871 ποιμένες·
569 3796 593 3858 cl
614 3795 645 3859 δέ
666 3795 807 3871 ἀμολγίν
825 3795 921 3860 νύκτα
934 3800 989 3871 τὴν
1003 3800 1164 3876 ἀκμαίαν,
1179 3802 1233 3866 καί
1245 3800 1330 3866 'Halt-

149 3909 197 3977 δας
223 3904 349 3985 ,μᾶζαν
373 3901 571 3980 ἀμολγαίνν”
594 3904 649 3975 τὴν
673 3902 815 3976 ἀκμαίαν
839 3902 911 3982 πρὸς
933 3904 967 3967 τὸ
993 3911 1135 3984 φαγεῖν·
1162 3916 1281 3982 Φιλῖνος
1306 3906 1332 3972 ἀί

152 4017 257 4078 πάσαν
290 4009 365 4089 ὥραν
401 4017 455 4083 τοῖς
488 4008 592 4079 νυκτὸς
617 4007 758 4085 ἀμολγίν
783 4004 869 4086 είπε,
895 4011 945 4075 διὰ
972 4011 1006 4074 τὸ
1033 4010 1105 4077 τίτε
1129 4015 1186 4087 τίον
1211 4023 1273 4094 γῆν
1293 4014 1335 4080 τίν

150 4117 226 4197 ἀέρα
262 4114 360 4180 ἕλκειν
391 4115 443 4178 καί
476 4113 573 4194 ἀρδειν
606 4116 711 4178 πάντα
745 4116 786 4179 τά
811 4117 901 4196 φντίι
924 4126 962 4197 τῇ
987 4117 1116 4193 ίκμάδι·
1142 4121 1196 4184 καί
1221 4125 1338 4206 γάρτῆ

152 4222 249 4305 ἡμέρα
280 4221 472 4286 τούναντίον·
503 4222 545 4285 τά
577 4222 654 4299 γάρ
688 4219 772 4283 κάτω
802 4221 863 4285 ἀνω
888 4222 1152 4301 ἀμέλγεται·
1178 4228 1342 4315 (absurd03

149 4330 262 4395 sorio:
298 4328 350 4392 καί
385 4327 448 4405 γάρ
483 4350 512 4390 τ.
549 4327 646 4409 ἡμέρα
681 4327 852 4392 τούναντίον
888 4329 931 4393 τά
962 4329 1048 4396 κάτω
1082 4332 1145 4397 ἀνα
1178 4335 1345 4403 ἀνέλκε·
