2978 4950
612 140 674 219 tat

126 363 135 407 s
172 334 212 407 ad
248 344 351 406 varios
381 363 491 407 versus
514 343 678 406 observata
703 341 881 406 traduntur.
930 338 981 404 Sic
1007 358 1101 425 supra
1125 335 1164 405 ad
1190 358 1235 405 vs.

136 455 188 515 est
211 452 244 513 in
267 447 374 524 HQT:
400 449 434 512 τὸ
459 446 578 524 ἔθελξεν
603 453 634 512 οῦ
655 449 690 510 τὸ
709 454 956 526 μετιιμορφῶσοιι
979 447 1135 524 σημαίνει,
1149 448 1237 509 θλλοὶ

126 555 290 633 ’ωθὲστερον
322 563 445 629 τοιήσκι
480 556 551 631 πρὸς
583 554 642 624 τοὶς
667 555 839 637 ἐνεργείας,
865 554 903 625 aa
928 554 957 615 tv
982 551 1092 618 Ἰλθαδι
1116 551 1238 630 »αὐτὰρ

126 668 190 727 ιιιῦν
213 664 307 738 θέλγε
330 661 410 726 νόον”
437 670 482 741 [Μ
509 662 609 743 255),
632 656 690 723 οἷον
714 660 887 740 νιιθέστερον
911 658 1014 725 ἐποίει.
1052 656 1104 723 Sic
1128 659 1166 724 ad
1191 679 1238 722 vs.

126 816 132 844 ‚
169 771 308 833 nuncin
332 766 398 832 solo
422 766 448 831 'I'
472 768 568 831 verbo
588 767 743 840 ἀκήλητος
771 767 944 851 adscripta:
970 763 1133 848 ῦθελκτος,
1159 765 1240 840 θμε-

126 888 197 944 ιλος.
235 873 270 936 τὸ
302 873 333 937 δὲ
366 874 530 951 θελχθήνκι
556 873 569 936 θ
594 875 719 944 ποιητής
744 874 798 936 οῦκ
822 872 871 936 ἕτὶ
899 871 994 958 (τῆς)
1019 876 1072 935 τοῦ
1097 871 1240 947 σώματος

126 1004 168 1045 σιν
190 981 399 1062 ἀλλοιώσεως,
420 981 494 1043 ἀλλ’
516 979 565 1042 ἐπὶ
587 985 640 1049 τῆς
663 979 848 1055 ἀφροσύνης·
872 975 911 1060 „fi
930 980 959 1041 τ’
979 977 1088 1056 ἀνδρῶν
1107 975 1240 1054 θμμοιτοι

127 1085 186 1150 ει.”
223 1087 401 1164 θελχθείσνς
435 1085 498 1161 νθιρ
529 1091 583 1155 τῆς
614 1089 721 1163 ψυχῆς
753 1085 803 1148 aa
836 1086 886 1148 τὸν
911 1082 1127 1165 ἐπιφερόμενον
1152 1081 1242 1147 ῦτνον

136 1195 155 1268 ή
185 1191 287 1270 ῦρσισις
311 1199 370 1256 τῶν
393 1193 563 1266 ὀφθαλμῶν
589 1192 749 1277 (θέλγεται
774 1190 953 1255 addendum
979 1199 1084 1256 censet
1106 1188 1243 1254 Dindor·

126 1286 248 1384 sApp.
285 1321 316 1384 p.
349 1296 438 1381 781),
475 1299 581 1361 τοῦτον
613 1296 642 1361 δὲ
675 1295 766 1367 οὕτως
798 1296 921 1378 ἔχοντος
955 1297 1134 1376 μαχόμενον
1166 1290 1243 1360 εἶναι

126 1415 136 1470 ι’
170 1408 205 1470 τὸ
245 1407 308 1487 „oni
347 1403 378 1468 δέ
409 1428 455 1474 τις
488 1405 517 1466 ἕν
550 1405 709 1478 στήθεσσιν
740 1405 894 1476 οὶκήλήτος
919 1405 980 1472 νόος
1006 1402 1120 1468 ἕστίν.”
1155 1402 1244 1467 Haeo

138 1533 173 1577 se
202 1517 343 1595 spectata
372 1531 435 1574 non
458 1509 629 1574 admodum
655 1513 821 1594 perspicua
843 1519 925 1574 sunt.
974 1510 1176 1593 Nononim,
1202 1545 1244 1557 —-

126 1625 242 1684 caetera
264 1617 382 1681 indicia
406 1624 536 1703 tangam
571 1616 782 1681 adnotationis
810 1637 906 1701 prave
929 1623 1125 1695 contractae,
1159 1654 1190 1664 -
1218 1618 1245 1680 si

138 1726 282 1789 maxime
315 1743 425 1787 somno
450 1728 482 1786 et
506 1743 595 1786 meus
618 1723 779 1787 mulcetur
803 1730 834 1788 et
857 1723 1019 1788 oculorum
1046 1725 1129 1788 acies
1151 1723 1246 1787 hebe-

127 1852 161 1914 r,
197 1829 279 1894 illud
315 1827 420 1895 Circes
455 1829 494 1892 ad
530 1827 673 1893 Ulixem:
706 1829 750 1893 σοὶ
784 1829 815 1893 δὲ
848 1865 867 1880 -
897 1831 1051 1904 ἀκήλητος
1078 1829 1139 1902 νθος
1164 1831 1247 1894 ἐστίν

126 1942 155 2001 et
185 1957 247 2020 quo
277 1938 347 2019 quis
379 1938 449 1998 iure
481 1934 664 1999 offendatur.
714 1934 761 1999 At
784 1938 949 2021 perspicua
970 1934 1069 2009 fiunt,
1094 1938 1149 2001 ubi
1174 1958 1246 2002 cnm

126 2096 127 2100 ,
156 2042 328 2128 Porphyrii
359 2042 589 2126 disputatione,
622 2043 713 2106 cuius
743 2040 822 2106 olim
847 2043 978 2108 ethaeo
1001 2050 1124 2128 partem
1149 2043 1246 2108 fuisse

126 2152 222 2221 timo,
258 2150 375 2214 iterum
401 2157 508 2212 mente
531 2150 777 2233 coniunguntur.
826 2149 891 2214 Ubi
915 2150 1022 2214 docuit
1042 2153 1175 2215 comites
1198 2171 1246 2215 ro·

126 2258 192 2321 iisse
222 2255 350 2340 quidem
384 2261 524 2318 mentem
556 2254 749 2330 humanam,
783 2261 816 2320 at
839 2277 910 2321 eam
934 2279 996 2321 non
1020 2268 1157 2322 erectam
1182 2277 1246 2322 am·

126 2383 147 2427 u
179 2363 233 2428 sed
268 2363 480 2445 consopitam,
516 2367 760 2425 consentaneum
797 2368 864 2426 erat
901 2372 935 2427 ut
966 2373 1135 2448 exponeret
1163 2364 1247 2428 unde

126 2471 268 2532 mendum
306 2468 406 2545 αὐτὰρ
439 2471 503 2538 νοῦς
537 2463 569 2539 ήν
600 2466 731 2541 ἔμπεδος
763 2470 809 2532 ita
832 2468 954 2535 scilicet
974 2469 1247 2554 interpretandum

126 2577 195 2639 erit.
242 2573 314 2638 Hoc
345 2579 453 2638 autem
483 2572 555 2636 inde
587 2572 721 2656 repetit,
746 2574 830 2657 quod
854 2578 986 2640 comites
1012 2577 1178 2657 θελχθήνοι
1202 2576 1249 2640 di·

129 2687 186 2754 tur.
200 2681 283 2765 quod
303 2679 454 2753 verbum,
470 2680 539 2761 ipso
557 2677 684 2760 quidem
701 2700 784 2743 nuuc
797 2687 936 2757 auctore,
951 2702 1013 2747 non
1026 2683 1064 2747 de
1076 2703 1205 2767 corpore
1216 2685 1250 2747 in

126 2804 174 2850 *am
196 2787 332 2851 sormam
357 2791 498 2856 mutato,
522 2783 576 2847 sed
601 2783 639 2847 de
663 2786 770 2849 animo
795 2789 955 2872 consopito
976 2788 1161 2872 tardatoqus
1183 2788 1251 2853 eius

126 2897 183 2956 ieta
211 2899 393 2976 usurpatur.
441 2888 560 2953 Verum
589 2892 780 2954 omittamus
809 2891 903 2967 haec,
930 2913 1009 2977 quae
1034 2894 1161 2959 aliunde
1186 2915 1253 2959 cor·

126 3015 136 3058 ι
155 2998 282 3063 fortasse
305 3001 448 3083 integrae
472 2995 696 3079 disputationis
721 2996 798 3061 olim
820 2997 921 3062 veluti
943 3001 1085 3065 membra
1105 3001 1249 3078 fuerunt,

126 3121 158 3167 ue
187 3106 226 3169 ad
261 3106 341 3169 hano
376 3109 585 3178 revertamur,
620 3109 715 3186 prout
746 3125 830 3169 nuuc
862 3125 900 3169 ex
926 3126 988 3170 uno
1011 3106 1252 3194 Hambnrgcnsi

126 3212 220 3276 uitam
253 3212 424 3285 habemus,
458 3218 612 3293 quantum
639 3207 801 3274 valeamus
826 3211 1061 3277 enucleandam.
1111 3213 1149 3276 In
1173 3214 1252 3290 hac,

128 3321 248 3394 monui,
270 3315 353 3382 nihil
376 3316 414 3381 de
439 3316 534 3379 verbo
559 3313 679 3391 θέλγειν
703 3316 888 3382 adnotatum
913 3321 1080 3402 reperitur,
1106 3319 1161 3383 sed
1182 3326 1253 3403 post

126 3438 142 3484 ¹:
175 3428 233 3507 (od)
268 3428 370 3500 μέντοι
403 3424 454 3485 κοιὶ
488 3423 539 3484 τὸν
571 3426 635 3484 νοῦν
668 3421 857 3501 ἕνρήνορθτοι
882 3427 990 3488 statim
1017 3426 1254 3512 subiunguntur

126 3548 146 3591 te
163 3553 244 3597 nuno
266 3529 456 3595 describam:
473 3524 543 3596 ἴσως
563 3529 615 3591 τὸν
637 3528 693 3601 μὲν
715 3535 780 3591 νοῦν
802 3532 863 3593 dard
884 3531 991 3608 μέρους
1012 3527 1079 3594 ἕλον
1099 3533 1253 3609 λέγεν...

126 3655 160 3698 ’σοι
191 3640 242 3700 κοιὶ
275 3636 326 3699 τὸν
357 3639 421 3697 νοῦν
452 3632 628 3711 τρέπεσθαι,
660 3634 673 3698 θ
707 3636 737 3699 δὲ
769 3636 937 3708 Ὀδυσσεὺς
964 3638 1086 3717 ,,κῦτῦρ
1109 3643 1175 3709 νοῦς
1199 3637 1254 3712 ta·

126 3749 154 3810 ος
176 3746 212 3812 ὦς
238 3741 273 3806 τὸ
298 3739 392 3819 τοθρος
420 3738 514 3818 τερ·”
539 3742 675 3812 οἰκούσας
701 3744 786 3822 ττοιρθι
811 3750 869 3807 τῶν
893 3745 1017 3822 ἕτοιίρων
1041 3743 1254 3821 mandacabis

145 3850 159 3923 ή
188 3849 300 3930 ῥάβδος
335 3848 352 3920 ή
381 3851 641 3923 denunciandum.
691 3846 773 3912 Sunt
796 3849 875 3914 haec
897 3850 995 3914 verba
1020 3853 1118 3914 totius
1144 3849 1254 3934 dispu-

128 3956 191 4020 onis
209 3955 305 4040 louge
323 3953 587 4035 impeditissima,
611 3951 693 4016 unde
712 3953 767 4017 din
781 3955 985 4042 multumque
1001 3957 1172 4021 meditatus
1184 3975 1253 4039 pro·

126 4059 202 4126 ulem
226 4063 415 4126 sententiam
438 4057 549 4122 eiicere
568 4060 676 4141 potui,
689 4079 790 4143 neque
803 4071 909 4127 tamen
922 4084 1001 4140 eam,
1016 4083 1095 4147 qnae
1108 4065 1256 4127 omnibus

126 4173 205 4232 ueris
231 4165 376 4230 absoluta
399 4165 479 4228 mihi
501 4164 656 4228 videatur.
703 4164 741 4228 In
765 4169 882 4241 codice,
908 4177 944 4233 ut
969 4170 1112 4250 videtur,
1141 4188 1256 4253 parum

142 4271 266 4338 auxilii.
302 4271 407 4347 „Inter
437 4272 525 4346 λε’ρὲι
559 4282 589 4332 et
620 4274 714 4334 οἲετκι
739 4272 828 4337 nulla
851 4284 899 4338 est
922 4278 955 4338 iu
980 4295 1015 4341 eo
1039 4275 1168 4350 lacuna,
1201 4273 1257 4340 sed
