2978 4950
535 164 595 253 aei

145 377 250 453 ὦρκίος
281 377 336 450 μέν
368 372 398 441 εί
426 377 496 441 λίοιν
532 393 601 442 κτλ.
629 414 668 424 -
694 375 733 440 ad
765 398 790 450 μ
814 371 879 439 443
903 373 946 457 (p.
972 368 1055 447 555,
1083 367 1156 454 12):

126 512 143 569 ¹,
168 484 233 562 περὶ
259 485 301 549 τόι
323 485 431 564 μοικρόο
454 483 536 562 ξύλον
564 485 663 549 τεοόιν
685 482 787 564 ψόφον
810 480 1001 547 οίπετέλεσοι.

126 690 153 756 9.
184 693 404 774 Ἀκιδνότεροςτ
438 697 523 774 πιιρόι
548 699 583 761 τὸ
606 694 712 777 οοίκίζοι
736 691 854 764 οίκιδνός
879 692 1016 771 ρίνετοοι,
1043 692 1103 772 ἀφ’
1126 686 1160 753 οὗ

126 801 250 879 κριτικόν
283 801 468 883 οίκιδνότερός
502 804 583 867 ἔστιν
607 801 816 877 οὶτόενέοτερος
841 800 858 875 ἢ
884 797 1118 879 προπετέστερος
1144 797 1160 872 ἢ

126 930 160 970 ιν.
185 906 236 992 (V)
257 908 442 992 Nusquam,
464 910 546 992 quod
560 911 656 973 aciem
671 961 678 985 ,
692 907 877 986 ἀκιδνότερος
891 906 977 972 valet
989 902 1160 982 προπετέο-
1190 894 1194 908 ’

128 1013 189 1077 uod
220 1014 306 1078 haud
335 1018 398 1080 seio
422 1037 461 1080 en
486 1038 524 1080 ex
548 1015 783 1093 ότρεπέοτε
792 1038 851 1093 ρος
877 1014 1082 1098 deprevatum
1108 1013 1161 1075 ait.

126 1125 155 1185 to
186 1120 406 1185 scribendum:
430 1123 489 1202 ἐφ’
514 1117 547 1185 οὖ
570 1121 621 1184 nal
648 1120 839 1200 συγκριτικόν
863 1119 1065 1201 ἀκιδνότερος,
1090 1113 1159 1200 (Ὅ)

126 1225 299 1305 ’όενέοτερος
329 1228 345 1301 ἦ
369 1229 603 1307 οίπρεπέοτερος.
652 1227 770 1292 Eadem
795 1227 952 1291 adiectivo
973 1223 1162 1309 copulantur

128 1351 180 1395 ore
210 1331 315 1418 glossa
349 1354 387 1398 ex
416 1333 495 1412 HQ:
528 1333 670 1408 οίοόενιίς,
703 1334 855 1410 οὶπρεπιίς.
881 1331 962 1397 οἱονεί
989 1331 1051 1410 γόιρ
1075 1331 1161 1408 ποορόο

126 1442 189 1502 ιίειν
213 1442 249 1501 δι’
276 1438 443 1504 οίσόίνεικν.
469 1443 484 1505 ό
510 1441 595 1519 πκρόι
620 1440 654 1504 τό
678 1439 784 1520 κίκίζοι
810 1439 928 1504 οίκιδνόν
955 1474 972 1488 -
988 1474 1006 1487 -
1032 1436 1049 1512 ἢ
1075 1437 1160 1516 ποοροὶ

126 1543 243 1631 όκιδνόν
268 1545 303 1608 τό
328 1547 372 1621 μδ
398 1546 578 1623 κινούμενον.

126 1756 147 1822 ).
173 1757 284 1823 Ulixes
305 1761 448 1845 graviter
468 1760 506 1824 ad
528 1760 710 1825 irridentem
728 1759 906 1847 Euryalum
918 1767 950 1825 et
962 1758 1026 1825 alia
1037 1764 1069 1824 et
1080 1760 1161 1824 hoc:

126 1876 221 1936 Αλλος
246 1867 302 1940 μέν
326 1866 391 1944 γοίρ
415 1868 443 1929 τ’
468 1861 545 1939 είδος
570 1867 755 1948 ἀκιδνότερος
782 1867 870 1932 πέλει
894 1868 985 1946 οίνιίρ,

126 1971 197 2036 ίλλόι
224 1973 285 2044 όεός
309 1974 430 2054 μορφὴν
453 1972 538 2038 ἔπεσι
565 1974 693 2055 ττέφει,
720 1975 745 2039 οἱ
769 1973 800 2038 δέ
825 1975 854 2038 τ’
878 1973 908 2047 ές
932 1971 1026 2038 κότόν

129 2078 285 2158 ερπόμενοι
311 2078 505 2144 λειίοοονοιν.Ι

126 2188 357 2251 ιεῐοιιῃίιεειιιιό
380 2185 563 2271 philosophi
586 2191 618 2250 et
641 2186 847 2274 grammatici
871 2186 977 2251 locum
1003 2185 1065 2250 sibi
1088 2185 1162 2248 arti·

126 2312 142 2357 e
175 2292 361 2357 extollendis
384 2295 554 2379 insigniter
576 2296 759 2378 propitium.
797 2292 956 2370 δαιμονίοις
980 2294 1164 2373 όφιιιρεῒτκι

126 2421 189 2475 ιμοι
223 2405 280 2461 τῶν
317 2398 366 2463 ε’πί
404 2399 448 2484 (1,·
466 2400 535 2482 ἐπ’)
567 2400 722 2482 εὐμορφίᾳ
754 2400 1077 2480 μερκλοφρονοιίντων.
1107 2406 1163 2472 τῆς

126 2513 181 2585 φῆς
207 2505 362 2586 οτέφοινόν
386 2512 480 2586 φησιν
505 2504 580 2570 είνκι
605 2513 657 2571 τὸν
680 2508 782 2585 λόγον.
809 2507 1006 2583 είοόμεόοι
1032 2506 1070 2570 δέ
1096 2504 1162 2568 κοοό

126 2621 166 2684 ἧς
199 2614 418 2690 ἑργκοίοιν,
450 2614 633 2689 ἡδόμενοι
659 2613 780 2677 αὐτόν
805 2615 916 2692 όριῖιτι
941 2613 1003 2677 διόι
1027 2615 1098 2686 τὴν
1123 2611 1164 2675 ἐκ

132 2742 211 2795 νων
241 2719 368 2782 πειόοί.
403 2711 480 2783 clm
511 2716 583 2798 ὅπερ
616 2719 709 2783 ἐδόκει
734 2718 804 2783 ίδιον
827 2715 905 2784 είνοιι
929 2725 983 2784 τοῦ
1008 2721 1159 2794 κιίλλοιις,

126 2849 200 2896 ντοις
227 2826 415 2906 εὐφραίνειν,
449 2832 539 2891 τοῦτο
568 2834 630 2898 τοῖς
658 2826 740 2905 λόγῳ
766 2826 1001 2903 κεκοσμημένοις
1024 2824 1162 2903 ’Όμηρος

129 2957 163 2995 ιν.
177 2930 293 3016 (HQ'P)
303 2932 391 3007 Quae
403 2935 434 2997 in
448 2934 506 2997 hac
519 2935 674 2998 sententia
686 2933 789 2998 media
802 2936 904 3018 posita
916 2939 991 2996 sunt
1003 2930 1160 3018 (είοόμεόιι

126 3062 154 3101 ιι
185 3039 287 3123 πειόώ)
318 3060 391 3103 cum
421 3060 547 3123 prorsus
570 3060 632 3104 non
656 3040 859 3119 cohaereant,
884 3041 1003 3103 mirum
1029 3060 1091 3104 non
1115 3044 1162 3103 eat

126 3166 148 3208 n
178 3152 234 3209 aut
257 3147 363 3229 potius
386 3145 512 3210 nullum
534 3167 661 3211 sensum
680 3147 859 3211 hincexire.
885 3143 1122 3233 Cognoscemns
1134 3154 1166 3211 et

128 3272 159 3330 m
173 3250 430 3334 elaborationem,
442 3289 482 3300 —-
495 3255 608 3337 inquit,
621 3291 659 3301 —
671 3252 817 3318 lubenter
829 3273 903 3317 eum
916 3253 1025 3318 vident
1038 3258 1164 3338 propter

130 3356 283 3441 loquelae.
308 3357 430 3442 Ecquid
447 3365 633 3443 potestesse
651 3356 813 3424 insenius?
834 3357 962 3423 Orietur
973 3358 1029 3424 lux
1042 3359 1164 3425 duabus

129 3464 260 3529 additis:
296 3466 488 3542 είτόμεόοι
521 3466 641 3531 δέκοιί
675 3469 807 3551 (κοντόν)
841 3470 911 3541 τίον
935 3465 1025 3544 ἑξῆς
1050 3469 1165 3547 ἔργοι-

126 3569 195 3655 ίτι)
216 3571 402 3647 ἡδόμενοι
424 3572 547 3636 αὐτόν
571 3574 682 3653 όρῶοι
707 3574 769 3639 διόι
794 3575 863 3649 τίρν
886 3575 927 3639 ἐκ
948 3582 1021 3639 τῶν
1040 3573 1166 3652 λόγων

132 3680 223 3743 Κοιτόι
245 3679 300 3751 τὴν
322 3677 390 3755 ἑξῆς
412 3679 639 3759 ἕρνιιοιόινεεέι
660 3682 694 3744 in
707 3682 849 3767 εειιοειιέί
861 3685 1053 3749 narrationis
1064 3688 1163 3768 parte.

126 3889 154 3954 2.
189 3893 285 3956 Μετόο
311 3892 341 3956 δέ
367 3891 472 3969 πρέπει
498 3891 717 3973 οὶρρομένοιοιν.
755 3892 837 3960 Oum
863 3895 921 3961 hoc
944 3895 1096 3961 lemmate
1117 3894 1164 3973 Q:

126 4022 139 4060 ν
169 4003 210 4079 τῷ
241 3999 422 4079 προκειμένῳ
456 3999 652 4077 υτερπόμενοι
685 4002 898 4087 λεόοοονοιν.”
935 4003 948 4066 ό
980 4002 1019 4067 δέ
1048 4002 1167 4079 λέγει

126 4109 199 4170 ινόν
230 4109 258 4171 ἕν
289 4110 384 4171 ποίοιν
415 4106 572 4184 ἐμπρέπει.
624 4107 804 4173 Dindorfius
829 4109 868 4174 ad
895 4109 908 4172 ό
932 4109 964 4175 δέ
991 4145 1032 4158 --
1059 4108 1163 4174 ίκοονόν

126 4233 130 4273 :
164 4214 259 4289 „haec
291 4234 351 4277 non
383 4212 540 4297 integra.”
588 4212 700 4299 Neque
731 4235 791 4302 ego
823 4214 972 4281 Scholion
995 4217 1161 4301 integrum

126 4319 172 4381 sed
203 4319 315 4382 lacuna
345 4338 405 4382 non
437 4337 473 4382 eo
504 4317 572 4383 loco
603 4321 780 4405 quaerenda
804 4323 867 4398 est,
894 4342 955 4408 quo
979 4318 1162 4386 Dindorfius
