2978 4950
703 231 768 298 275

126 424 232 507 ται.)
267 421 425 499 Φιλόξενος
450 424 479 488 δὲ
506 425 535 486 ίν
560 421 578 504 ᾗ
602 423 696 495 οὐδεὶς
720 423 878 500 μολίσκει,
903 423 1066 499 σίμολγδα
1091 421 1143 485 καί
1168 421 1328 499 αὶμολγὸς·

126 527 275 617 (atipeal
300 533 469 596 scribatur:
496 531 629 608 ιὶμολίς
654 531 706 594 καί
732 530 906 616 ducaris)
928 531 980 593 καί
1004 528 1122 609 ιίβροτίι
1147 529 1328 614 (λοίβρίτη)

126 638 200 717 γὰρ
226 639 258 701 ἐν
281 635 299 719 ᾗ
322 637 424 717 βροτοί
450 640 482 729 οὐ
506 643 660 719 Φοιτῶσιν.
706 637 870 722 Explicuit
892 639 938 701 ita
961 657 1084 722 quoque
1112 635 1342 723 Etymologua·

126 743 291 831 Magnus,
314 750 491 809 nostrorum
514 751 620 808 tamen
639 742 832 809 scholiorum
853 742 1061 827 explicatione
1080 762 1142 807 non
1155 742 1325 807 admodum

126 850 302 938 eleganter
320 851 460 917 adiecta:
482 851 519 915 Ἀ
530 853 685 930 μολγῷ·
704 849 840 929 Ὅμηρος
868 850 993 928 „vanata
1017 848 1184 929 ἀμολγῷ”;
1210 887 1252 897 -
1271 857 1326 924 της

126 957 287 1041 ἑσπέρας,
319 956 402 1037 ἢτῷ
427 959 630 1038 μεσιιυκτιίρ,
656 959 739 1021 καί
765 954 778 1020 i
805 959 872 1022 οὐκ
896 959 1171 1034 οὶμέλγουσιν·
1197 954 1327 1035 ἑσπέρας

126 1064 197 1144 γὰρ
224 1064 278 1128 καί
305 1064 419 1142 ἡμέρας
445 1066 563 1129 είώίασι
588 1069 677 1130 τοῦτο
703 1072 810 1129 ποιεῖν.
832 1065 848 1138 ἦ
874 1065 909 1127 ἐν
932 1067 1051 1144 καιρῷ
1076 1064 1110 1127 ἔν
1135 1057 1155 1144 ᾧ
1179 1064 1290 1141 συμβ
1299 1064 1327 1128 ί·

126 1171 264 1251 Βηκεν
298 1171 564 1249 ἀμέλγεσθαι
600 1172 649 1236 τὰ
685 1172 889 1252 πρόβατα.
928 1175 944 1246 ἢ
981 1171 1068 1251 παραὶ
1099 1170 1134 1234 τὸ
1166 1178 1249 1246 μολῶ
1275 1169 1326 1233 καί

126 1279 326 1361 πλεονασμῷ
356 1283 409 1343 τοῦ
443 1302 466 1356 γ
499 1277 652 1363 (multum
686 1277 798 1342 malim
832 1277 941 1342 κατὰ
973 1276 1182 1354 πλεονασμὸν
1212 1280 1265 1340 τοῦ
1289 1278 1326 1360 γ)

126 1386 261 1465 μολγῷ,
288 1384 341 1449 καί
366 1385 451 1462 aaa
475 1389 529 1448 τοῦ
552 1389 731 1464 στερητικοῦ
757 1408 777 1447 α
801 1384 953 1463 ἀμολγῷ,
980 1385 1010 1447 ἐν
1030 1381 1049 1465 ᾖ
1070 1373 1329 1459 οὐδείςμσλίσκει.

126 1489 229 1562 οὕτως
265 1491 388 1570 Ὠρίων.
435 1491 634 1576 Explicatiua
664 1494 733 1579 agit
763 1499 927 1576 excerptor
958 1491 1088 1576 quidam
1123 1493 1157 1555 in
1193 1489 1329 1554 Scholiis

126 1597 167 1663 nd
204 1596 299 1663 Iliad.
337 1608 363 1662 0
390 1596 455 1662 324
480 1619 496 1662 e
520 1599 677 1682 lipsiensi
700 1598 805 1662 codice
830 1597 881 1683 (L)
908 1597 1021 1662 editis:
1047 1599 1072 1661 οἱ
1096 1598 1152 1674 μὲν
1176 1598 1210 1662 τὸ
1234 1596 1327 1672 μέσον

128 1712 186 1779 τῆς
215 1704 321 1775 νυκτὸς
347 1704 489 1781 λέγουσιν
514 1707 566 1768 καί
591 1705 711 1781 γίνεται
737 1706 799 1768 ιὶπὸ
824 1709 877 1768 τοῦ
902 1729 923 1767 α
950 1708 1125 1781 στερητικοῦ
1148 1705 1250 1782 μορίου
1273 1702 1326 1766 καί

134 1936 261 2004 quoque
284 1920 458 2004 corrigam:
484 1918 589 1981 κατὰ
615 1911 842 1999 πλεονασμὸν)
869 1921 922 1981 τοῦ
948 1942 980 1994 γ.
1007 1919 1032 1981 οἱ
1057 1918 1089 1982 δὲ
1112 1919 1181 1990 την
1211 1917 1324 1979 ἑσπέ-

136 2048 222 2101 ραν,
262 2024 299 2085 ἐν
335 2020 353 2103 ᾗ
388 2025 656 2099 ιίμέλγουσιν.
689 2025 714 2087 oi
748 2024 779 2088 δὲ
811 2023 1068 2104 γλωσσογράφοι,
1095 2023 1186 2101 ἤγουν
1210 2025 1326 2086 Ἀπίων

136 2130 186 2194 καὶ
212 2129 391 2207 Ἦροδωρος,
416 2131 471 2202 τὴν
495 2132 608 2206 ιίκμήν.
641 2129 776 2194 Brevem
800 2133 833 2193 in
857 2131 988 2195 eandem
1013 2132 1202 2195 sententiam
1216 2135 1324 2195 notam

136 2236 172 2302 ad
198 2247 228 2301 Λ
256 2235 321 2300 173
345 2238 397 2320 (ex
421 2236 493 2322 AD)
519 2244 550 2301 et
576 2238 751 2302 breviorem
777 2239 873 2301 etiarn
899 2236 1054 2323 Hesychii
1073 2237 1211 2323 glossam
1232 2237 1325 2300 omit·

137 2349 203 2409 tere
227 2343 339 2408 licebit
362 2342 443 2407 nihil
466 2345 540 2409 novi
564 2343 766 2408 conferentes.

704 2556 763 2621 IV.

180 2788 212 2842 ε,
239 2763 270 2828 l.
317 2764 407 2844 Quod
443 2767 476 2828 in
511 2765 659 2831 omnibus
690 2767 854 2852 hucusque
886 2768 976 2833 libris
1008 2790 1068 2833 uau
1099 2771 1205 2845 venit,
1238 2770 1324 2834 idem

134 2873 238 2957 quinti
270 2891 395 2955 quoque
424 2870 499 2935 libri
531 2871 651 2937 scholia
681 2873 918 2960 adgredientem
950 2875 1104 2952 advertit,
1129 2882 1167 2939 ut
1191 2897 1229 2939 ex
1252 2882 1327 2940 nota

134 2976 174 3042 ad
205 2978 347 3062 primum
380 2979 490 3041 atatim
521 2997 650 3042 versum
681 2977 763 3044 levis
790 2979 915 3044 macula
938 2980 1071 3046 eluenda
1094 2984 1146 3046 ait.
1192 2981 1327 3068 Legitur

135 3083 168 3148 in
192 3081 238 3146 V:
267 3084 281 3147 ὅ
305 3083 471 3161 Ἐνδυμίων
495 3085 626 3162 λέγεται
651 3091 850 3150 συνευιῖισίκι
876 3097 913 3168 τῇ
941 3089 1058 3170 Σελήνη
1084 3087 1136 3151 καί
1162 3088 1324 3160 ὅΤιίωνὸς

135 3199 175 3270 τῇ
208 3190 340 3273 Ἡμέρα.
372 3191 678 3268 ἀλληγορείτοιι
712 3192 742 3256 δὲ
774 3191 884 3263 οὕτως·
914 3194 927 3258 ί
959 3193 1126 3270 Ἐνδυμίων
1158 3195 1200 3267 είς
1232 3191 1327 3272 ἄνδρα

136 3298 307 3373 κυνηγέτην
485 3298 499 3361 ί
534 3298 565 3362 δὲ
601 3298 730 3370 Τιίωνὸς
764 3300 805 3372 είς
845 3298 1038 3378 οίστρονίμον.
1096 3300 1250 3381 Quoniam
1288 3300 1327 3365 de

134 3403 261 3470 duobus
296 3424 399 3468 sermo
434 3409 503 3480 eet,
540 3407 646 3471 verius
681 3406 758 3470 erit:
791 3407 1125 3486 ιίλληγιριῦνται
1156 3406 1188 3472 δὲ
1214 3395 1328 3475 ὀὕτως’

134 3510 151 3576 ὃ
175 3510 343 3588 Ἐνδυμίων
368 3511 410 3582 είς
437 3509 531 3589 ἄνδρα
556 3510 744 3596 κυνηγέτην,
769 3515 782 3577 ί
808 3512 837 3577 δὲ
862 3515 931 3578 Tro.
955 3528 1025 3578 κτλ.

180 3723 364 3793 lntnontior
385 3745 434 3789 rea
459 3731 507 3788 est
531 3749 544 3787 ε
569 3723 634 3800 29,
661 3725 716 3789 nbi
740 3724 917 3791 Mercurius
943 3726 1055 3792 anve
1076 3747 1150 3791 cum
1170 3726 1330 3792 mandatis

130 3831 175 3898 de
206 3829 303 3896 'Ulixe
335 3830 525 3896 dimittendo
558 3831 598 3896 ad
630 3829 805 3918 Calypaum
838 3835 997 3897 mittitur:
1025 3835 1177 3913 Ἐρμεία·
1203 3834 1239 3898 σὺ
1264 3835 1328 3911 γὰρ

128 3934 224 4013 ιῦτε,
238 3935 281 4001 τοί
301 3937 331 3998 τ’
351 3935 440 4000 ἄλλοι
461 3961 516 4016 περ
539 3937 680 4015 ἄγγελός
702 3939 778 4002 ἐσσι.
814 3937 1023 4005 Observatur:
1046 3941 1075 4003 ἕν
1096 3941 1152 4015 μὲν
1170 3940 1276 4006 Ἰλιοίδι
1290 3949 1329 4022 τῇ

126 4043 222 4126 Ἴριδι
243 4051 358 4123 χρῆται
381 4042 523 4127 διακόνῳ,
536 4048 779 4120 καταπληκτικὴ
791 4047 855 4125 γὰρ
871 4045 922 4109 καί
936 4055 999 4127 τοῖς
1013 4055 1189 4124 πολεμικοῖς
1203 4047 1328 4112 ἐοικυῖα.

126 4156 148 4232 ἦ
186 4151 221 4217 δὲ
254 4150 424 4215 Ὀδύσσειαν
452 4151 590 4228 μυθώδης
616 4151 699 4216 ἐστίν
722 4153 759 4224 ὡς
785 4152 837 4217 καί
863 4154 875 4216 ί
901 4156 1026 4232 Ἑρμῆς.
1051 4151 1279 4233 παρατηρητέον
1304 4155 1331 4218 δ’

126 4258 178 4328 δτι
209 4258 263 4323 καί
289 4259 318 4322 ἒν
344 4258 450 4324 Ἰλιοίδι
475 4256 567 4334 ἅπαξ
591 4259 734 4338 ίπίμφίη
759 4262 808 4338 τῷ
832 4266 915 4331 τοῖς
941 4261 1106 4340 λύτροις
1130 4260 1332 4326 διασῶσαι

126 4372 202 4436 τὸν
236 4366 431 4444 Πρίαμον.
463 4363 606 4452 (HPQ'P)
639 4365 676 4431 ln
707 4368 810 4451 priora
841 4367 953 4433 acholii
977 4374 1065 4455 parte
1089 4367 1117 4434 Ῥ
1139 4368 1195 4432 dat
1223 4369 1253 4431 ἐν
1275 4369 1331 4445 μὲν
