2978 4950
684 191 749 259 273

45 392 143 464 riti
208 391 241 453 st
270 383 346 463 filii,
378 388 432 450 τοῦ
456 382 491 459 δὴ
515 384 575 462 έγίο
601 383 653 447 καί
677 385 800 457 μᾶλλον
824 384 968 464 θδιίρομαι
993 385 1066 463 ἥπερ
1091 386 1212 450 ἐκείνου.
1259 386 1308 453 Ad

46 515 198 588 quae
231 495 265 559 in
300 490 355 572 ΡΩ
392 492 468 556 haec
502 490 657 555 habemus
681 491 861 556 observata:
886 496 1066 569 γυναικείως
1090 494 1132 572 τῷ
1156 492 1229 568 ἤθει.
1254 495 1306 557 καί

47 608 157 687 γὰρ
216 600 242 664 εί
277 598 319 663 τοὶ
354 597 500 675 μοίλιστα
530 594 690 675 στέργουσι
721 596 791 668 τοὺς
824 595 955 677 ἄνδρας,
989 598 1018 661 έν
1050 606 1112 670 τοῖς
1147 597 1220 677 ὑτέρ
1249 601 1307 663 τῶν

50 708 228 791 ψυχῶν
252 702 393 776 κινδύνοις
418 706 542 780 μᾶλλον
566 702 639 782 ὑπέρ
663 707 721 766 τῶν
746 701 854 767 τέκνων
879 704 1055 780 οίγοινιῶσιν.
1090 703 1305 770 Levissimum

52 821 126 883 est
187 814 226 876 in
256 810 307 877 hie
337 815 522 897 peccatum,
554 830 612 874 nea
644 815 751 874 tamen
784 811 852 874 sine
876 810 1148 876 animadversione
1171 817 1307 896 praeter-

54 918 321 989 mittendum.
368 915 463 981 Edita
497 917 583 980 enim
620 912 702 979 illud
739 915 865 991 dicunt,
903 917 986 1001 quod
1017 938 1090 982 sane
1122 937 1305 1002 perversum

58 1034 129 1095 ost
142 1077 159 1101 ,
206 1025 355 1101 feminas,
380 1025 408 1087 si
433 1022 565 1086 maritos
589 1041 686 1106 quam
710 1024 849 1086 maxime
868 1021 1010 1110 diligunt
1030 1043 1120 1100 suos,
1140 1023 1174 1086 in
1194 1023 1307 1108 capitis

59 1130 255 1219 periculo
288 1131 408 1195 maiore
442 1130 475 1192 in
510 1127 625 1193 liberos
657 1129 788 1193 caritate
818 1129 927 1194 teneri.
975 1131 1019 1194 At
1052 1150 1113 1194 non
1145 1131 1204 1195 hoc
1235 1129 1307 1196 vult

63 1240 264 1323 scriptor,
298 1236 354 1301 sed
393 1234 529 1318 „etiamsi
560 1236 692 1299 maritos
723 1254 820 1319 quam
852 1237 994 1301 maxime
1020 1235 1199 1323 diligant,”
1223 1238 1306 1322 quod

65 1341 235 1411 Graece
264 1340 488 1407 tantummodo
519 1342 564 1404 sic
594 1340 734 1405 dicetur:
759 1340 811 1404 καί
836 1341 899 1420 γίιρ
924 1344 948 1406 εί
975 1340 1069 1428 (καί)
1094 1343 1136 1407 rai
1160 1342 1305 1419 μοίλιοτα

68 1449 275 1531 στέργουσι
300 1447 370 1520 τοὺς
395 1445 524 1527 ἄνδρας,
552 1483 592 1494 --
618 1450 741 1523 μᾶλλον
766 1447 838 1526 ὑπὲρ
861 1450 919 1515 τῶν
943 1449 1053 1512 τέκνων
1078 1450 1257 1529 οίγοινιῶσιν.

133 1661 185 1740 δ,
219 1660 295 1728 841.
331 1664 380 1729 Ad
406 1663 510 1736 νυκτὸς
536 1663 668 1741 οὶμολγῷ
692 1661 809 1746 duplex
833 1664 1051 1747 interpretatio
1074 1685 1139 1729 esse
1160 1666 1303 1743 ridetur,
1384 1654 1387 1660 ¹

79 1763 219 1835 altera
240 1769 332 1836 alteri
355 1773 401 1836 ita
424 1789 621 1856 repugnans,
646 1773 684 1832 ut
707 1771 736 1833 ei
756 1790 881 1853 prorsus
901 1770 1104 1835 contradicat.
1128 1770 1163 1835 ln
1184 1772 1303 1853 EllQD

82 1875 163 1935 est:
208 1875 237 1939 έν
259 1886 297 1957 τῇ
322 1880 376 1940 τοῦ
401 1874 597 1953 μεσονυκτίου
622 1872 699 1956 θρα,
725 1875 793 1937 καθ’
817 1865 850 1946 ἣν
871 1873 945 1952 ἄρα
964 1875 1187 1953 συμβέβηκεν
1205 1877 1305 1955 οὶμέλ-

82 1979 227 2051 γεσθαι
252 1983 294 2048 ‘rai
319 1980 391 2061 ζῷα.
439 1982 561 2047 Mirum
586 1988 731 2067 tempus,
758 1981 858 2057 dices,
884 1981 1049 2069 mulgeudi
1071 2003 1193 2067 pecora.
1242 1983 1303 2050 Sed

85 2079 300 2163 videamus,
326 2108 456 2174 ecquam
482 2087 578 2153 aliam
604 2087 847 2172 explicationem
872 2087 948 2151 alibi
974 2090 1176 2172 reperiamus.
1223 2090 1304 2157 Ecce

88 2191 225 2258 statim
247 2195 329 2260 infra
353 2215 390 2260 ex
415 2193 504 2258 HPV
528 2194 605 2258 haec
629 2193 797 2280 leguntur:
824 2195 853 2256 έν
877 2203 915 2273 τῇ
939 2198 992 2257 τοῦ
1017 2197 1214 2272 μεσονυκτίου
1233 2193 1302 2280 ὥρᾳ.

91 2291 147 2354 καὶ
202 2299 265 2365 έστι
296 2301 383 2365 κατὰ
407 2302 441 2364 τὸ
466 2299 575 2380 έτυμον
600 2300 664 2374 ἤτοι
688 2301 840 2384 οὶμολγῷ,
865 2302 932 2364 καθ’
956 2299 990 2375 ἣν
1015 2299 1092 2379 ὥραν
1116 2302 1302 2381 συμβέβηκε

90 2396 142 2469 at,
180 2407 383 2486 ἀμέλγεσθαι
409 2407 450 2471 τθι
475 2405 537 2488 ζῷα
562 2423 631 2471 κτλ.
659 2406 770 2490 Itaque
791 2410 824 2471 in
848 2408 958 2473 eodem
983 2407 1016 2473 H
1041 2411 1146 2481 νυκτὸς
1170 2412 1301 2493 ἀμολγῷ

91 2502 241 2594 lelupus
273 2520 339 2590 est,
375 2534 437 2599 quo
471 2533 583 2598 peoora
620 2512 807 2599 mulgentur
841 2521 873 2578 et
908 2535 969 2599 quo
1004 2535 1065 2580 non
1100 2516 1297 2604 mulgentur.

91 2600 201 2682 Quae
231 2619 365 2686 mirifica
386 2623 420 2684 in
444 2619 553 2685 eodem
581 2618 731 2685 vocabulo
754 2621 988 2706 interpretando
1011 2624 1217 2688 contradictio
1240 2626 1300 2689 etsi

89 2726 149 2790 1³⁰¹·
196 2746 230 2791 se
259 2725 341 2790 nihil
372 2726 468 2791 habet
498 2747 554 2790 rur
577 2728 766 2811 scripturam
792 2729 941 2792 vitiatam
965 2729 1149 2803 credamus,
1176 2735 1212 2794 ut
1234 2737 1300 2796 sta-

89 2812 156 2882 tim
205 2832 401 2909 videbimus,
434 2832 487 2897 hic
519 2840 626 2897 tamen
657 2832 736 2897 aliae
765 2834 916 2898 accedunt
940 2855 1070 2913 caueae,
1094 2838 1210 2920 quibus
1234 2859 1300 2923 per·

87 2935 313 3016 1Πῢνεοοιιιιιιτ,
345 2960 407 3005 non
441 2939 544 3005 solum
580 2944 617 3003 ut
648 2935 707 3019 ἄρα
742 2945 905 3005 mutemus
927 2943 962 3005 in
985 2939 1061 3021 ὥραν
1085 2945 1168 3027 quod
1191 2943 1219 3008 D
1244 2945 1300 3009 ob-

86 3022 205 3122 tulit,
227 3045 280 3111 sed
306 3047 403 3111 etiam
430 3046 546 3129 absque
571 3044 628 3110 tali
652 3045 772 3111 auxilio
797 3048 1026 3112 rescribemus:
1053 3051 1121 3114 καθ’
1145 3040 1178 3122 ἣν
1202 3048 1224 3114 τί
1232 3074 1301 3130 ραν

9 3228 12 3233 ,
84 3145 303 3229 συμβέβηκε
336 3153 388 3229 μίρ
421 3152 618 3229 ἀμέλγεσθαι
651 3152 694 3217 τοὶ
719 3151 791 3232 ζῷα.
839 3153 966 3219 Etenim
993 3157 1080 3240 prius
1103 3161 1246 3222 nostrum
1271 3165 1304 3224 et

81 3229 245 3351 {lterum
269 3256 428 3323 scholium
453 3278 562 3323 revera
585 3280 674 3320 ιινινινι
697 3260 829 3340 meaque
852 3266 945 3337 sunt,
971 3263 1003 3324 in
1024 3261 1143 3342 EHQD
1163 3271 1303 3329 contrac-

79 3339 162 3415 l¹¹¹⁸
207 3370 388 3440 servatum,
422 3363 538 3430 melius
563 3365 753 3448 uberiusque
776 3368 809 3429 in
833 3365 937 3430 HPV.
986 3366 1077 3448 Quod
1101 3389 1162 3453 quo
1187 3369 1302 3436 clarius

78 3459 273 3554 lipparem,
314 3477 488 3555 utrumque
530 3475 634 3535 totum
670 3472 875 3561 subiungam.
923 3473 1037 3540 Melior
1071 3496 1151 3561 quae
1187 3477 1304 3542 dicitur

76 3566 245 3642 r‘mensio
276 3575 355 3641 haec
386 3581 453 3642 est:
479 3577 509 3640 έν
533 3587 571 3658 τῇ
595 3580 649 3641 τοῦ
673 3580 872 3653 μεσονυκτίου
897 3577 967 3662 ὥρα.
993 3582 1044 3644 καί
1070 3579 1135 3645 ἔστι
1159 3582 1244 3648 κατὰ
1268 3583 1303 3648 τὸ

80 3646 219 3747 ἔτι’μου
243 3682 309 3752 νἰτοι
333 3683 482 3762 οὶμολγῷ,
510 3683 579 3746 καθ’
604 3680 637 3755 ἣν
662 3680 737 3763 ἆίραν
761 3685 947 3762 συμβέβηκε
972 3689 1015 3764 μέν
1040 3688 1236 3765 οὶμέλγεσθαι
1260 3690 1302 3754 τὰ

8 3848 11 3853 ‚
83 3754 187 3844 ζῷα·
214 3787 231 3864 ἢ
256 3786 343 3852 κατὰ
369 3787 404 3871 (l.
431 3789 516 3871 κατ’)
542 3789 707 3868 ἀφαίρεσιν
732 3794 828 3866 τοῦγ
856 3792 982 3876 οἶμολῷ,
1008 3795 1077 3857 καθ’
1101 3785 1133 3866 ἣν
1156 3793 1233 3874 ὥραν
1257 3798 1305 3862 οὔ·

87 3864 161 3952 ms
203 3894 363 3972 μολίσιιει,
396 3890 414 3958 θ
442 3894 508 3958 ἐστι
531 3894 670 3976 βαδίζει·
698 3895 713 3969 ἢ
739 3896 824 3962 κατὰ
850 3897 885 3983 (l.
910 3900 994 3985 κατ’)
1021 3901 1184 3981 ἀφαίρεσιν
1205 3907 1303 3968 τοῡλ

98 3976 240 4082 ὲίιογῷ,
278 4002 348 4065 καθ’
379 3990 412 4072 ἣν
446 3999 523 4080 ἆίραν
555 4001 649 4074 οὐδεὶς
683 4012 792 4080 μογεῖ,
827 3999 898 4084 ὅπερ
923 4005 989 4069 ἐστὶ
1015 4009 1204 4085 κακοπαθεῖ,
1230 4011 1305 4074 αλλ’

107 4087 319 4173 θἀοταύεται.
351 4110 488 4171 ταῦτα
520 4107 560 4173 δέ
591 4107 728 4175 τοίντα
761 4111 819 4180 είς
845 4113 914 4185 τὴν
939 4117 1007 4178 τοῦ
1032 4117 1303 4191 μεσονυκτίου

117 4192 209 4285 ὄρνιν
231 4214 535 4294 καταστρέφει.
561 4214 737 4281 Videamus
760 4238 843 4281 nunc
867 4217 1053 4285 deteriorem
1073 4223 1303 4289 recensionem:

128 4310 150 4376 έν
170 4330 204 4405 τῇ
227 4326 282 4388 τοῦ
307 4322 506 4399 μεσονυκτίου
530 4319 609 4405 ὥρα,
635 4325 703 4387 καθ’
727 4315 760 4394 ἣν
785 4321 846 4404 ἄρα
873 4327 906 4411 (i.
921 4347 947 4391 e.
972 4323 1083 4414 ίίραν)
1104 4329 1307 4410 συμβέβηκεν
