2978 4950
718 182 782 254 loo

154 378 297 445 Minerva
321 401 376 465 per
409 379 524 443 tonitru
556 379 729 443 adolevisse
759 382 915 464 potuerit,
946 399 1084 467 magnus
1108 378 1190 443 mihi
1213 374 1324 463 quiden

153 491 214 552 erit
242 486 367 572 Apollo.
403 486 490 565 Quae
522 485 561 550 ed
584 484 718 549 Iliadem
745 485 766 550 1.
782 509 807 549 o.
833 485 985 573 leguntur
1009 485 1072 551 alia
1095 489 1204 551 omnia
1227 490 1324 570 atque

152 594 246 658 utin
269 593 401 680 mytho,
426 594 549 658 saniora
573 591 666 656 dant:
689 598 792 664 Μήτιν
817 593 872 665 τήν
895 592 1070 668 Ὠκεανοῦ,
1094 590 1132 665 ὥς
1157 597 1276 675 φασιν,
1301 591 1324 656 ε1

152 700 257 764 πολλοὶ
292 700 346 774 τήν
380 700 501 779 μορφήν
533 697 728 775 ιίμείβουσαν
758 697 946 777 βουλόμενος
978 700 992 763 ί
1024 699 1100 770 Ζεὺς
1133 700 1207 778 παρ’
1246 697 1324 763 ἑαυτι

152 805 235 888 ἔχειν
268 805 414 871 κατέπιεν
445 803 589 881 ἔγκυον
619 799 738 868 οὖσαν
772 806 843 869 ὑπὸ
877 806 1045 884 Βρίντου
1077 811 1130 870 τοῦ
1155 805 1324 876 Κύκλωπος

151 914 423 994 τελεσφορήίείσής
447 914 479 977 δὲ
503 919 558 986 τής
583 912 691 983 παιδὸς
716 913 729 977 ί
755 913 830 984 Ζεὺς
857 914 906 977 δια
931 918 986 986 τής
1012 918 1156 992 κεφαλῆς
1180 910 1278 976 τεκίυν
1300 911 1324 975 tl

149 1020 220 1085 δωσι
255 1022 297 1100 τῷ
333 1020 460 1097 Τρίτωνι
497 1018 566 1103 [τῷ]
603 1021 735 1098 ποταμῷ
771 1017 903 1099 τρέφειν.
940 1014 1029 1083 ὅθεν
1064 1027 1093 1083 Τ
1104 1017 1316 1097 ριτογίνει

148 1128 294 1201 ἐκλήίκ
337 1128 382 1198 ὡς
418 1126 460 1189 ἐκ
496 1131 611 1203 τριῶν
657 1125 983 1203 συναυξήίεΐσα,
1032 1124 1202 1204 Βρίντου
1250 1122 1319 1189 Διὸ

147 1234 363 1315 Τρίτωνος.
389 1230 460 1296 Iam
484 1237 633 1315 apparet.
659 1230 768 1315 oredo,
793 1237 826 1298 et
849 1231 1006 1316 quomodo
1029 1237 1136 1296 nostre
1157 1228 1324 1316 explioand

148 1344 212 1404 sint
235 1346 267 1405 et
281 1339 372 1403 unde
396 1340 540 1403 venerint
563 1344 596 1401 et
619 1358 714 1422 qnam
739 1342 914 1404 necessario
932 1339 1075 1418 βροντῆς,
1097 1359 1137 1402 ex
1154 1338 1239 1426 sigla
1259 1334 1324 1402 mal

147 1445 311 1511 intellecta
333 1465 477 1530 perverse
500 1444 680 1528 expletum,
706 1442 926 1533 retingendum
950 1448 993 1508 sit
1017 1448 1049 1508 in
1072 1444 1214 1524 Βρίντου,
1248 1446 1324 1508 simo

147 1551 337 1639 particulam
368 1552 420 1615 καὶ
453 1560 524 1635 post
556 1550 626 1622 Διὸς
659 1556 767 1615 eontra
799 1551 929 1638 linguae
960 1549 1099 1616 Graecae
1132 1572 1227 1615 usum
1260 1547 1324 1614 mal

145 1664 298 1725 insertam
330 1658 518 1723 eliciendam
548 1677 615 1721 esse
645 1655 876 1721 confirmamur.
925 1657 977 1722 Ad
1008 1679 1076 1722 rem
1101 1658 1186 1743 quod
1210 1658 1324 1722 attinet

146 1767 340 1831 conveniunt
369 1785 406 1829 ea
436 1783 515 1849 quae
538 1763 572 1826 in
595 1762 730 1828 Soboliis
754 1763 793 1828 ad
817 1763 951 1828 Iliadem
977 1774 1003 1827 Θ
1030 1763 1072 1828 39
1097 1768 1129 1829 et
1152 1765 1324 1830 breviora

149 1884 177 1937 A
202 1870 267 1937 194
286 1873 320 1935 in
340 1868 401 1934 line
424 1870 592 1934 traduntur
615 1891 689 1933 eum
713 1868 897 1956 Apollodori
920 1870 1121 1937 Bibliotheca
1143 1871 1180 1935 Ιι.
1203 1871 1232 1936 L
1251 1867 1324 1935 o.Il

147 1976 226 2063 §6,
253 2015 294 2026 —
318 1995 557 2060 nonnumquam
586 1974 640 2040 vel
669 1978 703 2040 in
736 1977 840 2040 verbis
870 1997 1011 2061 quoque,
1043 1985 1095 2041 ut:
1130 1979 1285 2055 μίγνυται
1313 1974 1324 2039 l

150 2086 225 2158 Ζεὺς
251 2084 385 2160 Μήτιδι,
410 2081 739 2162 μεταβαλλούσῃ
762 2083 818 2154 εἰς
844 2085 1004 2152 πολλαὶς
1030 2084 1148 2155 ἰδέας
1174 2082 1324 2169 Apollodt

147 2214 218 2276 rus,
251 2193 319 2263 aie·
341 2191 477 2254 πολλοὶ
510 2192 579 2264 τήν
602 2191 760 2269 μορφήν
784 2189 1050 2266 ἀμείβουσαν
1074 2190 1202 2256 Scholia
1226 2200 1253 2253 Θ
1280 2187 1323 2254 39

146 2301 184 2368 ὡς
217 2298 248 2362 δὲ
279 2298 293 2361 ὅ
324 2304 378 2370 τής
403 2297 549 2373 γενέσεως
574 2294 678 2367 ἐνίστη
702 2294 808 2374 χρόνος
929 2299 1042 2371 Ἀίήνῖι
1067 2296 1121 2360 σὺν
1145 2293 1250 2370 ὅπλοις
1277 2301 1324 2361 dar

146 2410 209 2482 θορε
240 2403 470 2488 Apollodorus,
503 2403 531 2465 ἐν
557 2402 598 2480 τῷ
622 2402 772 2481 ὡρισμένῳ
796 2410 850 2476 τής
874 2404 1069 2476 ἀποκυήσεως
1094 2405 1191 2483 χρόνῳ
1216 2404 1324 2483 ἐξέθορε

148 2512 164 2583 ή
195 2510 255 2582 θεὸς
281 2511 335 2575 σὺν
361 2506 465 2582 ὅπλοις
489 2511 521 2571 in
543 2506 602 2571 fine
622 2507 741 2571 Sebolii
762 2520 788 2571 A
805 2508 879 2584 194,
894 2546 934 2555 -
949 2531 1049 2594 neque
1070 2530 1165 2575 eeree
1178 2509 1324 2597 Heyniur

145 2617 242 2681 latuit
265 2618 312 2700 (in
336 2614 515 2679 Observatt.
541 2621 561 2677 t.
588 2613 628 2677 11.
649 2637 677 2699 p.
704 2615 742 2677 19
756 2626 865 2699 seqq),
891 2619 1076 2699 praesertim
1099 2638 1172 2681 oum
1194 2616 1322 2682 Soholio

147 2737 173 2787 A
190 2722 253 2787 194
268 2722 347 2808 (195
361 2721 462 2785 Bekk.
476 2723 572 2803 reete)
587 2724 618 2784 in
632 2721 822 2804 quibusdam
837 2722 1012 2798 codicione,
1027 2726 1088 2787 etei
1100 2743 1162 2787 non
1174 2725 1208 2786 in
1220 2722 1324 2788 Venet

146 2831 182 2904 B,
202 2830 252 2893 hie
273 2830 376 2895 verbis
398 2826 541 2892 liniatur:
569 2829 585 2900 ή
610 2829 641 2890 δὲ
666 2830 781 2906 ἱστορία
807 2830 893 2907 παρίι
921 2830 1138 2910 Ἀπολλοδώρῳ
1164 2830 1193 2891 ἐν
1219 2833 1324 2909 πρώτῳ

146 2937 200 3000 aed
225 2937 301 2999 dnm
332 2936 483 2998 verborum
515 2953 701 2997 eonsensum
734 2943 840 3010 notat,
866 2958 964 2997 rernm
988 2936 1208 3000 diversitatem
1235 2946 1324 3001 notar

145 3051 176 3107 et
208 3042 365 3126 explicare
397 3042 619 3125 praetermisit.
667 3041 751 3104 Nam
782 3044 816 3103 in
844 3041 1034 3125 Apollodoro
1059 3042 1140 3111 nibil
1164 3043 1202 3107 de
1227 3043 1324 3108 Bront

145 3171 245 3233 neque
287 3149 395 3213 eadem
435 3148 473 3210 de
511 3145 651 3211 Tritone.
700 3147 899 3231 Quapropter
934 3170 987 3230 ea,
1024 3170 1103 3233 quoe
1139 3153 1172 3213 in
1207 3149 1324 3215 Sebolii

144 3257 311 3343 leguntur,
345 3276 383 3318 er
414 3255 585 3339 integriore
616 3252 804 3337 Apollodoro
837 3275 903 3317 esse
935 3262 1082 3338 excerpta
1105 3256 1185 3320 mibi
1211 3256 1324 3340 quidet

145 3363 317 3430 admodum
339 3359 502 3445 probabile
526 3359 662 3423 videtur.
695 3354 716 3442 ¹)

180 3631 202 3687 1)
229 3627 283 3674 Post
306 3622 400 3671 Scholia
423 3621 452 3668 ud
479 3618 577 3666 lliodem
594 3624 618 3666 et
635 3619 766 3682 (ldyssenm
783 3624 808 3666 et
825 3619 964 3684 Apollodori
984 3621 1158 3670 Bibliothecum
1178 3621 1324 3672 uberrimet

145 3715 216 3763 variis
234 3710 385 3776 etymologiis
404 3709 465 3756 vocis
483 3706 639 3769 Τριτογένεια
655 3713 728 3772 ugttnt
746 3708 844 3757 Pholius
860 3714 883 3756 et
898 3709 1086 3772 Etymologicum
1108 3712 1238 3775 Magnum,
1257 3712 1324 3776 inqu

146 3798 242 3845 busdam
260 3796 288 3842 ad
307 3792 404 3841 verboru
419 3791 481 3839 inter
496 3808 519 3839 so
533 3792 718 3847 eonsentientes,
735 3791 760 3838 in
775 3791 827 3838 aliis
843 3792 993 3848 dissidentes,
1009 3792 1043 3839 itu
1058 3797 1138 3840 tamen
1153 3799 1180 3841 ot
1190 3794 1324 3859 Etpmologt

147 3904 207 3935 rruuo
225 3885 317 3950 plenior
335 3883 373 3930 sit.
412 3882 509 3929 Plrotiue
528 3881 584 3928 bueo
603 3881 683 3929 babet:
704 3879 926 3940 Τριτογενής;
948 3879 961 3933 i
985 3881 1083 3937 ἈίήνΞ·
1105 3879 1159 3938 ’ήπσι
1179 3879 1219 3930 ίίτι
1237 3879 1271 3931 ix
1288 3888 1324 3941 τῆ

147 3971 402 4032 νήέιίεςκαίτήε
419 3968 682 4031 μήτραςκαὶπής
699 3975 842 4031 κεφαλῆς
859 3967 1321 4035 τοῦΔιὸςὲξήλίεν,119τιπεερὰτ

145 4064 281 4127 Τρίτωνι
302 4068 343 4124 τῷ
364 4066 501 4122 ποταμῷ
523 4057 648 4120 Λιβύας
666 4059 838 4119 ὶγεννήίη,
859 4058 873 4115 11
894 4063 966 4125 τρίτῃ
987 4063 1107 4124 φςρνονηρ
1126 4064 1156 4120 ὡς
1173 4062 1324 4124 „aprum

144 4157 259 4216 ἄγουσιν,
290 4148 303 4207 11
331 4149 368 4198 ὅτι
395 4151 467 4212 τρίτη
494 4150 553 4207 μετ’
587 4157 693 4210 λρτεμιν
719 4152 759 4196 καὶ
783 4151 926 4198 Ἀπόλλωνα
946 4148 1073 4211 ἐγεννήθη,
1095 4151 1108 4208 11
1130 4154 1183 4203 ἐπεὶ
1201 4160 1280 4218 τριτε)
1303 4158 1324 4207 σι’

144 4247 252 4309 κεφαλήν
280 4237 413 4300 Ἀθαμᾶνες
440 4238 567 4299 λέγουσιν,
590 4234 616 4303 111
637 4236 707 4289 ine}
728 4240 812 4300 παρὰ
832 4242 970 4302 Τρίτωνι
993 4241 1324 4311 1γένετο1,ὶ1τοῦτρε

146 4338 186 4388 κοιῑ
204 4332 356 4394 εὐλαβεῖσθαι
376 4332 460 4379 αἰτία.
482 4327 495 4384 ’A
516 4331 711 4389 γεννητική,
732 4330 783 4378 ὅτι
803 4330 1018 4381 extraema
1036 4331 1067 4382 ἐν
1084 4343 1126 4399 τῷ
1144 4338 1286 4398 Τρίτῃ»,
1304 4356 1320 4387 2·
