2978 4950
590 245 603 265 ‚J
672 166 737 241 aia

112 363 199 429 νόου
224 362 255 427 δὲ
278 361 386 440 μέτρον
409 373 480 438 γῆς.
507 363 631 428 Scribas
656 386 721 428 esse
747 365 939 450 culpandos,
965 352 1294 449 uou'grnmmaticos‚

112 475 183 536 atis
206 471 344 534 ostendit
367 479 399 534 et
423 469 644 540 bibillaesum
670 475 785 563 γοόις.Ι

148 710 187 764 κ,
222 681 295 745 132.
329 681 465 745 Maiores
495 680 657 745 molestias
688 682 817 745 exhibet
842 684 946 748 brevis
969 684 1147 746 observatio
1172 682 1203 744 in
1228 680 1294 742 solo

112 788 132 852 1
161 772 321 871 adscripta
346 790 465 851 versui:
492 793 555 850 τοῖ’
579 787 625 864 ἄρ’
649 788 730 867 (sive
753 789 823 850 τοῖό
843 790 880 872 ρ)
903 789 932 851 ἐν
955 789 1119 851 Ἀλκινόοιο
1138 790 1208 850 θεῶν
1222 785 1295 848 ἔσαν

112 896 221 972 &aad
252 894 351 970 δῶρα,
384 913 446 976 quo
478 897 570 977 poeta
601 893 765 957 hortorum
797 901 829 958 et
860 883 966 979 regiae
990 893 1118 958 Alcinoi
1141 895 1294 956 eximiam

112 1001 351 1085 lescriptionam
376 998 547 1064 concludit.
572 997 653 1064 Cum
679 1000 831 1064 lemmate
854 1001 915 1064 τοῖ’
940 999 987 1080 ἄρ’
1010 1000 1087 1063 baec
1110 1000 1201 1063 nobis
1221 1017 1295 1062 con-

112 1107 268 1194 mquenda
310 1106 439 1191 praebat
474 1104 589 1169 codex:
625 1104 703 1168 τόσα
740 1104 831 1184 ἕσαν,
869 1107 907 1176 ὦς
944 1106 1090 1184 »σπάρτα
1127 1102 1294 1168 λέλυνται”

112 1219 225 1295 orror,
247 1213 282 1275 τὸ
307 1211 338 1276 δὲ
362 1209 503 1274 Ἀττικὸν
527 1220 607 1274 τοῖοι.
633 1210 705 1275 lure
728 1209 926 1276 Dindorfius:
955 1212 1124 1295 „haecnon
1137 1210 1295 1297 intelligo.

112 1319 244 1385 lidetur
267 1317 331 1382 tals
355 1317 431 1401 qnid
454 1316 518 1381 dici
541 1316 705 1381 debuisse:
730 1318 764 1379 τὸ
790 1317 820 1381 δὲ
845 1320 875 1380 ἐν
900 1316 1057 1382 Ἀλκινόου
1083 1319 1231 1387 Ἀττικῶς
1256 1318 1294 1387 ὡς
1352 1334 1357 1339 ·

112 1428 154 1490 καὶ
190 1427 225 1489 τὸ
257 1428 286 1489 ἐν
314 1421 419 1488 “Arion
455 1423 507 1487 καὶ
533 1425 567 1487 τὸ
593 1425 622 1485 ἐν
648 1427 757 1503 Κίρκης
781 1425 833 1488 καὶ
859 1421 916 1487 ὅσοι
941 1430 1090 1498 τοιαῦτα,
1115 1430 1151 1487 ut
1174 1423 1295 1510 legitur

112 1531 191 1618 tpud
222 1530 428 1595 Eustatbium
459 1550 491 1613 p.
525 1528 628 1606 1574,
655 1527 1295 1613 37.”ain0-u110dunioulequmle-

112 1637 249 1727 gendum
273 1637 416 1711 videtur,
441 1638 501 1700 etsi
525 1656 583 1700 non
610 1656 736 1720 prorsus
760 1636 810 1699 his
833 1636 954 1719 verbis,
979 1656 1080 1720 neque
1100 1644 1206 1701 tamen
1219 1636 1295 1700 baec

112 1743 269 1810 estitutio
287 1742 365 1807 satis
384 1745 445 1806 erit
466 1741 509 1806 ad
527 1742 671 1806 tenebras
690 1745 806 1825 quibus
823 1743 1029 1807 brevissimus
1040 1742 1128 1806 locus
1141 1744 1297 1826 premitur

112 1870 218 1914 »mnes
248 1847 467 1932 dispellendaa.
501 1847 624 1930 Quippe
656 1847 888 1912 observandum
910 1848 1009 1911 simul
1034 1849 1085 1911 hic
1109 1851 1211 1912 notari
1234 1867 1295 1910 uon

112 1957 214 2022 tolum
249 1955 382 2020 verbum
415 1953 530 2039 plurali
561 1974 691 2019 numero
722 1956 861 2038 positum
894 1954 944 2018 ad
962 1954 1198 2018 substantivum
1221 1974 1299 2016 neu-

112 2083 195 2127 rnm
218 2060 352 2145 pluralis
373 2063 499 2124 numeri
519 2067 627 2125 contra
646 2063 826 2124 Atticorum
846 2081 962 2137 usum,
980 2061 1034 2124 sed
1054 2063 1151 2124 etiam
1173 2060 1294 2124 variam

113 2171 276 2234 ectionem
311 2167 481 2231 verborum
515 2167 577 2229 τοῖ’
612 2163 659 2242 ἄρ’
695 2169 763 2230 siva
793 2166 861 2228 τοῖοὶ
893 2167 929 2245 ῤ’.
962 2165 1072 2249 ltaque
1108 2161 1214 2229 loc'um
1250 2167 1296 2228 ita

112 2277 307 2360 scripserim:
343 2271 469 2336 τόσσα
506 2271 598 2354 ἕσαν,
624 2272 671 2353 1ὡς
710 2270 857 2351 »σπάρτα
892 2272 1036 2335 λέλυνται
1049 2271 1079 2347 ,”
1110 2278 1221 2342 κοινῶς.
1252 2273 1294 2335 τὸ

112 2383 138 2444 l'
164 2382 210 2465 ἑήν
246 2377 478 2462 Ἀλκινόοιο)
515 2379 669 2442 Ἀττικόν.
707 2379 936 2458 (γράφεται
974 2379 1055 2463 καὶ)
1086 2386 1166 2442 τοῖα.
1207 2377 1296 2442 Prio-

112 2507 176 2553 em
207 2483 500 2550 observatiunculae
530 2495 653 2569 partem
686 2487 751 2548 iam
783 2483 955 2549 Laroobius
986 2486 1164 2549 Aristonico
1194 2484 1296 2547 vindi-

112 2595 194 2659 tavit
219 2629 261 2640 -
284 2591 455 2676 prudenter
486 2600 591 2655 tamen
623 2593 749 2656 omissis
781 2591 860 2653 τόσοι
891 2597 923 2655 et
946 2597 1044 2662 κοινῶς
1071 2629 1123 2673 -,
1148 2591 1293 2674 equidem

112 2713 137 2765 tt
170 2697 325 2770 alteram,
357 2704 440 2762 certe
469 2717 569 2780 usque
600 2697 639 2761 ad
668 2697 828 2772 Ἀττικόν,
852 2698 954 2761 eidem
979 2699 1214 2781 adscripserim,
1242 2696 1294 2760 aed

112 2814 154 2871 ita
190 2811 228 2868 nt
258 2810 371 2868 neutra
400 2823 473 2887 pars
501 2806 603 2886 ipsius
634 2806 841 2889 grammatici
872 2805 977 2868 verbis
1004 2819 1154 2888 concepta
1177 2804 1215 2868 ad
1239 2823 1296 2866 nos

112 2913 297 2999 pervenerit.
334 2909 438 2973 Immo
468 2916 574 2974 nostra
598 2929 721 2993 quoque
744 2908 855 2973 notula
883 2930 954 2973 cum
982 2910 1199 2995 compluribus
1223 2908 1295 2972 aliis

112 3019 300 3083 locumento
312 3022 377 3098 eat,
399 3053 438 3063 ·-
455 3023 527 3080 utar
538 3015 727 3079 Buttmanni
738 3016 843 3079 verbis
856 3021 969 3103 argute
981 3016 1064 3100 quod
1077 3019 1122 3080 rei
1134 3023 1181 3080 est
1192 3015 1294 3080 decla·

112 3123 270 3199 rantibus,
293 3160 335 3169 —
361 3131 552 3206 quantopere
570 3122 723 3186 recentior
736 3122 926 3204 epitomator
936 3126 1125 3206 antiquioris
1136 3142 1295 3208 gramma·

112 3233 167 3296 tici
188 3231 378 3294 sententiam
392 3230 587 3312 perverterit.
614 3229 704 3306 Quod
716 3230 761 3291 sic
774 3229 948 3311 apparebit.
972 3227 1161 3312 Saepissime
1173 3228 1294 3292 Aristo

112 3337 217 3421 nicus,¹
241 3335 298 3399 nbi
317 3334 398 3398 hanc
410 3332 545 3398 Homeri
557 3335 818 3398 consuetudinem
832 3337 937 3420 tangit
951 3341 1026 3398 -et
1037 3335 1216 3418 frequenter
1228 3341 1295 3398 tan·

112 3446 161 3531 qia
187 3444 222 3504 in
245 3440 438 3525 plenioribus
464 3440 606 3515 Σήμείοις
631 3438 762 3512 Ἰλιάδος
788 3440 816 3524 ¹)
841 3477 881 3487 -
907 3439 1024 3504 talibus
1047 3443 1150 3504 utitur
1173 3441 1295 3516 verbis,

112 3547 220 3635 qualia
247 3552 321 3612 sunt
353 3568 383 3612 v.
409 3568 436 3610 c.
462 3556 489 3610 A
515 3545 599 3610 290:
625 3542 670 3609 ότι
694 3549 866 3619 συνήθως
895 3548 1022 3624 ἑαυτῷ
1054 3547 1222 3625 προθέουσιν
1252 3548 1294 3610 τοὶ

112 3654 218 3728 tuella.
246 3664 267 3717 B
289 3652 373 3729 135,
395 3655 462 3737 (qui
482 3672 591 3718 versus
607 3655 636 3717 ei
649 3652 788 3738 exempli
800 3656 899 3718 instar
910 3655 970 3736 est)
983 3649 1027 3716 ότι
1041 3654 1126 3715 κατὰ
1139 3654 1189 3715 τὸν
1202 3654 1294 3716 αὑτὸν

112 3766 222 3843 ττίχου
254 3761 320 3824 καὶ
349 3761 476 3838 ἑαυτῷ
501 3760 567 3823 καὶ
595 3761 688 3835 ήμῖν
711 3760 886 3834 συνήθως
912 3759 1070 3837 ἐξενήνοχε
1092 3760 1126 3823 τὸ
1150 3763 1296 3824 λέλυνται

142 4056 169 4115 l)
196 4051 377 4100 Fricdli'mderua
403 4050 423 4098 si
451 4054 513 4099 recte
536 4049 683 4116 computavit
706 4048 859 4114 (Schematol.
877 4048 1009 4100 Aristarcb.
1027 4069 1048 4115 p.
1069 4050 1126 4114 15),
1153 4050 1299 4115 unckm'pinti

112 4147 154 4197 nei
182 4147 251 4200 sunt,
277 4141 363 4206 quibua
385 4145 477 4203 σχήμα
495 4143 554 4191 illud
574 4143 637 4207 diple
656 4147 764 4192 notatur:
785 4146 806 4188 Α
824 4144 886 4197 29ος
907 4143 983 4200 a8t;
1005 4142 1141 4200 135;3at;
1162 4146 1180 4188 Ε
1198 4144 1257 4197 651;
1276 4149 1298 4189 Θ

112 4241 170 4298 l80;
191 4242 214 4284 H
233 4236 261 4293 6;
282 4236 339 4292 102;
360 4239 379 4281 l(
398 4236 458 4292 351;
478 4237 502 4280 Λ
522 4235 581 4292 5743
602 4235 809 4292 M159;N28;
831 4237 1000 4290 8531112&
1021 4236 1081 4295 507¹,
1096 4238 1113 4280 Σ
1131 4237 1189 4294 130;
1206 4238 1299 4298 Χῖὃῦς

112 4340 132 4383 1¹
152 4331 218 4387 48];
239 4329 294 4375 504.
