2978 4950
707 183 773 251 448

143 372 309 456 Ἀνθροντοι
343 403 382 422 ⁴-
414 382 548 455 χαλκοῖς
588 399 665 439 τισιν
697 375 866 461 [θργθνοις]
899 368 1197 448 κατεσκευασμένοις
1226 369 1310 450 idaia·

145 480 277 545 κθσαντο
300 482 370 554 τοὺς
395 483 459 547 oiri
482 490 540 547 τῶν
564 486 719 565 μετεώρων
747 482 929 564 φερομένους
954 481 1136 561 σπινθῆρας,
1162 477 1244 542 κατθ
1262 477 1309 548 τὰς

145 589 344 670 μεσημβρθας
376 589 500 654 έναντθα
531 593 572 669 τῷ
605 591 679 672 dato
711 593 760 656 τοὶ
790 589 946 671 ὄργανα
979 587 1130 658 τιθέντες·
1160 580 1221 650 ὅθεν
1241 578 1310 660 οἶμαι

145 695 228 760 δοκεῖ
256 697 308 760 καὶ
341 699 514 776 Προμηθεὺς
545 700 604 763 ἅτ’
635 701 757 778 οὐρανοῦ
788 695 957 776 διακλέψαι
989 694 1030 759 σθ’
1052 698 1124 770 roa.
1170 691 1232 757 Hic
1252 709 1310 756 varo

145 807 300 869 contrario
333 824 427 888 quam
465 825 527 888 quo
562 805 720 871 Mehlerus
754 828 830 873 usus
860 812 908 871 est
938 803 1076 885 iudicio,
1107 795 1312 865 secludendum

145 910 224 976 duxi
247 910 403 988 θργθνοις,
430 912 620 976 servandum
645 914 688 977 τοὶ
712 911 840 992 ὄργανα.

192 1120 228 1187 C.
252 1120 336 1187 XIX
361 1124 403 1209 (p.
431 1121 504 1201 40):
530 1123 649 1205 Σχεθθν
672 1125 736 1202 γὰρ
760 1128 777 1199 η
802 1125 866 1196 θεθς
892 1121 1033 1207 (Ἀθηνᾶ)
1059 1120 1114 1184 οθκ
1134 1115 1232 1182 ἄλλον
1250 1113 1314 1185 nri<

146 1229 163 1303 ἢ
186 1227 330 1301 συνέσεως
355 1230 510 1306 έτιθνυμθς
534 1231 632 1310 έστιν,
658 1232 771 1311 οὶθρηνῶ
798 1255 845 1304 τις
869 1226 961 1305 οὖσα,
987 1227 1046 1292 καθ
1066 1226 1174 1290 πάντα
1198 1230 1257 1294 τοῖς
1276 1237 1316 1286 λε-

146 1335 313 1407 ττοτθτοις
347 1334 467 1413 ὄμμασι
499 1343 557 1400 τῶν
589 1344 747 1415 λογισμῶν
779 1337 957 1417 θιαθροῶσα·
982 1333 1025 1401 θιθ
1050 1333 1085 1406 θη
1111 1331 1165 1396 καὶ
1191 1326 1315 1410 παρθένον

146 1442 243 1516 αὐτην
279 1442 437 1520 έτιὶρησιιν.
485 1441 641 1509 'Pentabat
670 1444 788 1512 editor:
821 1444 864 1509 διὸ
896 1443 931 1517 θη
966 1441 1019 1506 καὶ
1053 1439 1218 1520 ταρθενθαν
1251 1436 1316 1506 aivi

148 1549 297 1627 ἐτήρησεν.
346 1548 504 1634 Equidem
528 1550 621 1616 aliter
644 1553 851 1617 correxerim:
877 1549 920 1614 aa
939 1549 981 1631 ,θη
1002 1549 1055 1612 καὶ
1073 1545 1217 1623 ταρθένον
1236 1541 1317 1613 airis

147 1654 378 1734 θστθρησοιν.
426 1654 617 1741 Saepissime
647 1668 752 1723 noster
782 1661 846 1734 ita,
879 1677 918 1722 ex
947 1658 1038 1721 cuius
1062 1650 1231 1739 permultis
1253 1649 1317 1713 dnos

146 1761 231 1826 locos
255 1781 445 1846 proponam,
470 1785 502 1848 p.
530 1764 608 1829 115:
635 1763 679 1828 διὸ
702 1765 737 1837 δη
762 1764 955 1843 καὶμητέρα
980 1766 1110 1826 Μουσῶν
1130 1757 1318 1836 Μνημοσθνιν

83 1880 87 1888 “
146 1870 311 1946 ἱστοροῦσι,
346 1875 378 1933 et
410 1890 440 1954 p.
476 1869 557 1936 127:
588 1870 626 1935 δι’
651 1867 688 1934 ῶν·
713 1869 860 1936 οἱτοθντων
884 1874 901 1945 ἦ
925 1873 997 1933 κατ’
1020 1868 1128 1944 dairas
1151 1867 1183 1930 ἕν
1204 1867 1245 1942 τῶ
1265 1870 1318 1936 Tr

146 1974 283 2055 λεμοέχῳ
307 1975 479 2056 τρεφομένη
504 1978 622 2050 σύνεσις
647 1980 676 2041 ἐν
701 1986 764 2050 τοῖς
787 1977 891 2043 έτεσιν
915 1974 1086 2055 ἱστθρηται.

192 2184 232 2252 Ο.
257 2187 318 2253 XX
344 2189 388 2273 (p.
413 2188 486 2265 4liz
523 2193 600 2267 Παρ’
635 2187 665 2254 ὃν
696 2191 753 2268 μέν
782 2190 844 2269 γθιρ
874 2187 1030 2270 θργθζεται
1061 2185 1182 2268 καιρθν,
1213 2184 1242 2248 έν
1268 2187 1318 2248 τοῖς

146 2293 277 2374 στέρνοις
308 2297 322 2360 θ
354 2295 446 2371 θυμθς
476 2293 613 2370 ἕστηκεν.
640 2333 693 2346 --
718 2297 805 2371 ηνθκα
839 2295 869 2361 δ’
898 2297 915 2369 θ
940 2295 1013 2375 dari
1038 2293 1172 2372 τέτειρα
1194 2291 1317 2368 γίνεται,

147 2402 362 2483 μιτεθληφασί
385 2404 414 2465 τ’
439 2402 533 2466 αὐτὸν
559 2398 607 2467 οἶα
631 2411 843 2480 μετανοοῦντα
863 2403 917 2476 ἤδη
938 2400 1086 2479 λογισμοί
1092 2450 1102 2483 ,
1116 2408 1172 2472 τῆς
1193 2400 1318 2475 κεφαλῆς
1356 2436 1360 2447 ·

147 2506 242 2586 aad&
274 2511 290 2580 ἡ
322 2510 462 2587 Φρθνησις
495 2510 651 2581 εἴληπται.
700 2512 737 2575 In
770 2512 820 2574 his
846 2509 935 2574 nulia
959 2509 1040 2572 mihi
1064 2510 1245 2573 coniectura
1265 2519 1319 2584 pro

144 2617 288 2701 poncnda
323 2624 387 2690 est,
424 2617 477 2679 sed
514 2624 621 2681 textus
654 2617 780 2701 qualem
814 2616 963 2700 descripsi
995 2637 1013 2679 a
1045 2613 1168 2698 duplici
1200 2607 1318 2676 Mehleri

145 2724 325 2787 coniectura
350 2723 494 2785 tuendus.
532 2723 657 2786 Etenim
685 2727 824 2807 primum
851 2722 1043 2786 mutandum
1069 2719 1319 2784 cenesaeos

145 2830 273 2907 στέρνοις
297 2830 309 2890 ο’
336 2828 426 2902 θυμὸς
451 2827 571 2910 έζεσεν,
596 2831 677 2910 quod
692 2852 785 2893 —ne
810 2831 868 2892 hac
894 2828 1079 2911 metaphora
1104 2827 1169 2891 iarn
1199 2828 1230 2889 in
1249 2843 1321 2908 prae·

145 2936 330 3000 cedentibus
355 2946 516 2998 auctorem
540 2957 635 2998 usum
662 2957 908 2999 commemorem
923 2931 950 3019 ¹)
975 2973 1013 2981 —
1039 2933 1091 2998 vel
1118 2934 1157 2997 ob
1184 2935 1321 2997 aoristum

145 3045 369 3106 inconcinnum
395 3041 621 3105 damnaverim.
663 3042 817 3127 Sequitur
841 3040 1006 3116 εἴληπται,
1033 3041 1148 3125 quidni
1174 3038 1323 3124 praecedat

145 3146 291 3220 έστηκενθ
327 3147 370 3210 At
398 3186 437 3193 —
464 3147 627 3212 Mehlerus
660 3152 765 3232 inquit
792 3188 832 3196 -
861 3148 957 3231 „quid
982 3151 1024 3211 sit
1049 3149 1062 3210 θ
1088 3147 1183 3223 θυμὸς
1214 3143 1322 3218 ἕστηκεν

145 3279 201 3321 nec
236 3256 318 3318 mihi
351 3276 406 3317 nec
437 3257 586 3336 cuiquam
621 3256 711 3319 credo
744 3262 790 3319 cst
814 3254 1044 3319 intellectum.'’
1080 3253 1243 3318 Meliusne
1264 3253 1324 3335 quis

146 3361 314 3446 intellegat
339 3361 352 3423 θ
378 3362 468 3435 θυμὸς
493 3358 587 3423 oiseii
611 3361 655 3423 At
680 3361 773 3444 paulo
798 3369 869 3425 ante
888 3364 931 3444 (p.
953 3360 1008 3444 35)
1029 3361 1113 3423 dixit
1134 3359 1323 3424 Heraclitus:

146 3474 198 3531 τοῦ
231 3468 258 3530 θ’
290 3468 406 3543 οὶλθγου
438 3466 544 3543 μέρους
570 3468 582 3528 o‘
608 3469 664 3542 μὲν
690 3468 780 3542 θυμὸς
805 3469 881 3530 οἰκεῖ
902 3468 968 3543 περὶ
994 3469 1048 3538 την
1074 3467 1224 3544 καρδίαν,
1249 3468 1279 3530 αἱ
1299 3464 1325 3528 δὲ

146 3577 204 3638 τῶν
240 3575 402 3648 ἐπιθυμιῶν
435 3571 542 3650 θρέξεις
576 3574 606 3634 ἕν
638 3574 744 3648 η’τατι.
794 3571 858 3638 Cur
887 3576 996 3657 itaque
1026 3594 1089 3637 non
1115 3575 1248 3650 dixerit,
1274 3592 1325 3636 nou

146 3682 267 3744 nudum
302 3681 314 3741 θ
348 3681 437 3753 θυμὸς
471 3678 614 3760 ἕστηκεν,
647 3679 700 3742 sed
734 3682 762 3742 έν
787 3689 849 3750 τοῖς
880 3682 1008 3756 στέρνοις
1033 3681 1046 3742 ὁ
1071 3681 1166 3756 θυμὸς
1193 3673 1325 3752 ἕστηκενέ

146 3786 303 3850 Similiter
326 3785 492 3848 adhibuit:
519 3785 771 3859 έτισκοτουμένου
796 3791 849 3849 τοῦ
873 3787 958 3849 κατθο
983 3787 1039 3857 την
1063 3791 1211 3864 κεφαλὴν
1234 3802 1327 3861 λογισ-

146 3899 204 3967 μοῦ
229 3900 290 3960 τοῖς
316 3891 381 3968 περὶ
406 3894 446 3953 τοὶ
473 3891 579 3967 στέρνα
606 3893 725 3966 θυμοῖς,
752 3900 784 3955 et
808 3894 837 3954 ἐν
862 3888 882 3972 ᾧ
907 3894 991 3969 τθτῳ
1016 3896 1050 3957 τὸ
1074 3896 1201 3970 λογικὸν
1221 3893 1327 3970 ἵδρυται

146 3999 251 4077 μέρος,
277 4004 371 4080 atque
393 3996 531 4060 infinitas
556 3998 680 4061 dicendi
704 3996 822 4084 figuras
848 3998 899 4063 val
925 3999 1187 4064 violentissimas.
1231 3999 1328 4083 Neque

145 4147 312 4157 —---.—

182 4230 204 4285 l)
229 4230 348 4277 Praecedit
374 4232 447 4278 enim:
474 4233 603 4291 τοιγαροῦν
630 4228 670 4278 ἐπὶ
697 4237 744 4279 τῶν
771 4229 951 4293 θιαφλεξοὶντιυν
972 4227 1103 4296 Ἀχιλλέα
1122 4235 1201 4295 θυμῶν
1220 4233 1293 4294 ῶσπερ
1310 4249 1331 4278 τε

149 4318 290 4380 σβεστήριον
310 4323 382 4366 κακοῦ
402 4317 526 4380 φάρμακον
545 4320 638 4378 1ιτέστη
659 4320 684 4376 θη
704 4320 834 4386 φρόνητις).
