2978 4950
683 178 747 254 363

126 383 228 445 tutem
260 379 337 443 haee
368 379 414 442 ita
443 379 649 444 dissenserat:
675 378 784 455 σεμνὸν
807 377 837 442 δέ
863 377 914 441 καὶ
939 378 973 443 τὸ
998 378 1042 454 μὶν
1066 375 1232 440 duodicim
1259 374 1315 448 την

126 486 211 560 edito
242 485 318 563 μηδὲ
348 486 625 568 ὡτσννμνωθηναι,
651 487 701 549 καὶ
728 484 762 548 τὸ
787 485 947 562 ἐνεργῆσαι
973 484 1005 549 δὲ
1028 480 1101 560 ἅμα
1126 483 1247 563 αὐτῇ.
1271 519 1313 529 -

126 589 188 669 ise
214 591 273 679 (vs.
302 590 394 675 189):
421 590 568 666 ἔκπληξιν
593 628 646 642 --
671 594 864 670 παρίστησιν.
891 589 988 675 (App.
1012 612 1042 674 p.
1070 589 1160 672 775.)
1205 588 1240 652 In
1265 588 1316 651 his

126 721 178 786 pro
213 701 296 779 αὐτῷ
331 698 413 786 legit
447 701 545 780 αὐτῇ,
582 721 620 763 ex
652 701 748 763 εἰπεῖν
780 706 885 762 antem
920 694 973 772 ἥιιε
1005 695 1107 762 effeoit
1140 695 1234 760 etde
1259 714 1316 758 sno
1411 688 1415 693 ’

126 806 244 871 lemme
267 806 340 870 novi
364 805 478 870 scholii
501 806 533 870 id
559 827 625 870 esse
643 810 843 870 commentus
863 811 920 868 eet.
968 804 1006 869 In
1034 804 1151 887 quibus
1170 804 1317 887 inprimis

126 911 247 978 bellum
282 919 330 977 est
354 912 440 976 istud
463 916 564 992 αὐτῇ,
591 913 673 996 quod
698 933 759 995 qno
783 913 940 996 pertineat
963 930 1057 974 nemo
1085 909 1181 974 videt.
1231 907 1317 973 Indi-

126 1025 217 1085 osnte
252 1017 413 1083 Dindorfio
451 1026 543 1103 „post
577 1020 775 1097 septuennio:
802 1053 841 1066 -
869 1019 1014 1101 seqnitur
1044 1014 1127 1080 in'I'
1131 1062 1276 1079 .......
1303 1014 1317 1076 ὁ

126 1125 380 1201 ἀποτετμημέναι
395 1172 539 1188 .......
543 1125 557 1151 ”
581 1124 743 1207 Fortasse,
759 1162 799 1172 -
817 1122 871 1188 sed
895 1123 1044 1188 essehoc
1069 1122 1316 1186 incertissimum

126 1231 242 1297 lubens
265 1231 416 1314 concede,
443 1270 483 1279 —
509 1238 583 1296 sunt
606 1232 682 1296 haee
705 1232 886 1317 fragmenta
905 1228 1033 1294 notulae
1054 1229 1213 1312 sequentis
1233 1228 1319 1292 vocis

126 1337 284 1408 δι’σιισςε
318 1337 331 1400 ὡ
365 1337 686 1417 διατετμημένος
719 1336 875 1422 (λίθος),
909 1335 1178 1419 quemadmodum
1203 1342 1234 1398 et
1257 1333 1319 1398 luu-

126 1443 325 1536 stathius.ed
345 1444 377 1508 h.
395 1443 418 1508 l.
439 1447 598 1529 exposuit:
622 1442 635 1506 i
657 1443 756 1514 δίσκος
771 1478 791 1492 -
805 1478 824 1493 -
838 1443 970 1507 ἐνταῦθα
991 1441 1021 1506 δὲ
1033 1442 1114 1512 iidoc
1126 1440 1320 1519 τετρημένος.

175 1652 263 1732 Quoe
299 1653 395 1718 verbs
426 1674 465 1718 ex
496 1651 523 1716 Τ
547 1653 641 1718 modo
665 1653 821 1717 eitsbam:
848 1649 915 1726 ἧκεν
940 1651 990 1715 ἐπὶ
1015 1651 1049 1715 τὸ
1073 1652 1248 1728 διακαῦσαι,
1272 1648 1321 1716 ἵνα

127 1759 174 1836 μέν
207 1760 386 1830 πυκτεύσας
411 1759 428 1833 ἦ
454 1766 618 1827 παλαέσας
643 1759 748 1839 ἐχθρὸν
772 1761 880 1837 τιιηση
903 1759 955 1822 τὸν
979 1757 1168 1841 ἡττηθέντα,
1193 1760 1321 1844 egregIo

126 1865 232 1931 fecere
256 1871 387 1950 possunt
411 1865 449 1930 ad
473 1865 555 1929 elius
579 1865 617 1929 ad
643 1865 778 1930 eundem
803 1886 931 1930 versum
956 1864 1068 1930 scholii
1092 1865 1185 1930 verbs
1205 1863 1322 1929 rectius

128 1972 299 2056 capiendo,
320 1976 377 2035 sut
398 1973 504 2055 potius
524 1973 698 2036 necessarie
710 2008 754 2020 -
766 1973 827 2036 nisi
848 1991 900 2036 me
913 1973 1020 2036 omnio
1032 1969 1149 2036 fallunt
1163 2008 1203 2022 -
1216 1975 1322 2034 mute-

129 2081 218 2144 tione
241 2081 274 2143 in
297 2079 461 2163 integrum
485 2076 690 2142 restituenda.
731 2077 862 2141 Editur:
889 2077 931 2141 τὰ
955 2077 1011 2152 μέν
1035 2077 1124 2141 ἄλλα
1148 2078 1321 2152 ἀθλήματα

130 2183 225 2250 ἄλλοι
258 2183 434 2263 ἐτύγχανον
466 2183 672 2260 ἠγωνισμένον.
708 2189 810 2255 καλῶς
837 2182 869 2247 δὲ
893 2183 906 2246 ὡ
931 2183 1055 2257 παιητέρς
1080 2183 1115 2247 τὸ
1143 2186 1196 2247 τσῦ
1220 2183 1322 2248 δίσκον

130 2298 312 2357 τελευταῖον
337 2289 507 2365 ὡτέλιτεν,
533 2286 582 2354 ἵνα
607 2289 657 2353 ἐπὶ
682 2289 790 2354 τούτου
817 2292 872 2363 την
896 2290 1068 2366 ἐπιστήμην
1093 2287 1245 2366 δεέξηται,
1272 2290 1322 2370 ἐφ’

131 2394 168 2464 οὗ
197 2397 264 2462 οὐδὲ
296 2394 328 2461 ἓν
359 2395 515 2476 πρόσωπον
547 2396 766 2475 ὡρισμένην
798 2395 886 2478 ἔχει
911 2399 981 2472 την
1005 2397 1170 2478 ἔχθραν,
1195 2394 1323 2476 ὡσπερ

132 2506 244 2577 πὼλη
277 2504 343 2568 καὶ
376 2503 528 2580 torui.
561 2504 638 2572 εἰκὸς
670 2504 733 2581 γὰρ
758 2497 791 2576 ἦν
815 2504 849 2582 ἐξ
872 2505 989 2569 ἐκείνων
1013 2509 1072 2569 τῶν
1095 2504 1323 2582 ἀγωνισμάτων

132 2613 152 2689 ἢ
183 2607 301 2685 πλῆξαι
337 2612 353 2684 ἣ
383 2616 554 2685 πληγῆναι.
577 2609 665 2692 (HQ)
702 2608 786 2690 Quid
810 2616 919 2676 suetor
942 2611 1034 2687 velit,
1059 2611 1197 2676 divinari
1221 2615 1325 2695 potest

133 2741 175 2785 ex
206 2717 464 2803 Hsmburgensis
496 2716 600 2781 verbis
633 2736 727 2799 supro
758 2717 933 2802 descriptis.
980 2719 1024 2782 nt
1047 2717 1188 2782 multum
1214 2718 1326 2782 dubito

134 2845 177 2890 sn
214 2825 387 2899 sententia,
429 2842 509 2906 quse
551 2825 723 2888 necessario
766 2825 867 2888 inesse
906 2823 1033 2906 debeat,
1073 2845 1181 2889 revere
1221 2822 1327 2890 verbis

134 2939 175 2996 ut
206 2951 290 2995 nuno
317 2932 384 2994 sive
415 2929 597 2994 scribuntur
620 2930 687 2993 sive
711 2928 849 2994 eduntur
872 2930 956 2994 insit.
1005 2929 1115 3015 Neque
1138 2932 1225 2995 enim
1249 2929 1325 3014 qnid

135 3038 182 3103 sit
218 3035 283 3101 ott}
316 3030 347 3099 ἓν
383 3033 540 3113 πρόσωπον
571 3035 734 3110 ὡρισμένην
764 3033 830 3114 ἔχει
863 3039 917 3110 τὴν
948 3033 1061 3118 έχὼραν
1090 3036 1261 3122 intellegO,
1297 3041 1329 3099 et

134 3141 245 3209 multo
280 3143 387 3206 minus
411 3140 568 3225 quomodo
594 3141 681 3216 τὼλη
707 3142 759 3204 καὶ
785 3144 897 3219 πυνμη
920 3142 1081 3222 ὡρισμένην
1106 3142 1219 3222 ἔχθραν
1244 3140 1329 3221 ἔχειν

134 3251 296 3336 dicontur.
341 3247 384 3312 ut
413 3247 648 3312 Buttmannum
676 3268 800 3333 qnoque
824 3249 901 3314 haee
924 3248 1006 3314 mele
1037 3249 1234 3331 habuerunt,
1271 3251 1326 3333 qui

135 3376 214 3422 oum
242 3376 280 3419 ex
303 3373 366 3417 uno
390 3351 601 3417 Ambrosieno
627 3353 696 3439 (Q),
711 3353 930 3418 -Horleioni
954 3354 1037 3419 nihil
1061 3360 1130 3420 tum
1154 3357 1188 3419 in
1209 3353 1328 3440 vulgus

135 3468 252 3528 notum
287 3465 354 3525 erat
387 3465 511 3544 praeter
546 3459 677 3524 Pol-soni
702 3467 847 3544 excerpta
870 3462 979 3525 eritius
1004 3498 1044 3508 -
1070 3460 1219 3526 edidisset
1243 3463 1325 3539 ὡρισ-

131 3568 231 3649 μένην
256 3567 327 3650 (hoe
351 3550 492 3650 spiritu),
511 3565 760 3631 exclamativum
780 3568 824 3629 ιίσ
842 3568 1025 3642 subiunxit,
1054 3567 1137 3652 quod
1158 3573 1242 3632 eerte
1270 3588 1331 3632 non

130 3676 280 3757 iecisset,
304 3675 331 3737 si
355 3675 471 3757 spiritu
494 3680 618 3736 tantum
642 3679 766 3737 mutato
790 3694 858 3737 rem
883 3673 1064 3758 expeditam
1097 3672 1162 3738 fore
1194 3671 1329 3739 confisus

130 3790 232 3848 esset.
281 3778 411 3864 Requiri
436 3779 582 3863 equidem
606 3786 702 3863 puto:
729 3816 771 3826 --
795 3776 845 3841 ἵνα
869 3778 920 3841 ἐπὶ
945 3780 1052 3842 ταύταν
1076 3780 1130 3852 την
1152 3780 1328 3857 ἐπιστήμην

130 3886 295 3962 δεέξηται,
328 3885 381 3963 ἐφ’
411 3880 445 3948 αὖ
476 3886 540 3949 οὐδὲ
571 3882 601 3947 ἓν
632 3883 787 3963 πρόσωπον
809 3885 1000 3962 ὡρισμένΟΝ
1025 3884 1092 3965 ἔχει
1116 3886 1168 3949 τὸν
1192 3887 1332 3972 έχὼρΟν,

129 3997 173 4067 ὡς
207 3994 296 4070 περὶ
326 3990 480 4075 ordinm)
512 3994 578 4055 καὶ
613 3990 799 4076 πυγμήν)
825 3987 864 4071 Ῑρ.
912 3989 1002 4068 Quod
1033 3991 1111 4073 quid
1145 3994 1188 4055 sit
1212 4000 1244 4058 et
1282 4015 1331 4059 ee·

129 4103 268 4187 quentis
290 4098 458 4163 ostendunt
482 4103 514 4160 et
537 4118 616 4182 quae
640 4119 678 4161 ex
701 4097 728 4160 Τ
751 4098 912 4181 praemisi.

169 4275 194 4333 l)
223 4271 281 4319 Brut
305 4272 347 4319 nat
370 4271 448 4332 ὡσπερ
472 4299 504 4306 -
529 4288 558 4319 nn
581 4272 605 4319 in
632 4276 732 4332 utroque
755 4245 851 4318 dodico?
870 4285 1020 4332 -qnorum
1038 4270 1105 4334 prins
1123 4271 1238 4336 expunxit
1260 4272 1331 4321 Butt·

129 4370 253 4411 manmm,
273 4359 336 4402 reete
353 4354 403 4403 sine
420 4353 500 4402 dubio.
