2978 4950
783 219 841 287 lt

253 411 316 480 His
335 415 401 478 iem
425 412 583 498 expeditis
604 412 772 478 videamus
795 416 928 478 seetere.
975 410 1033 478 list
1056 412 1182 501 itaque,
1205 411 1400 479 Antisthene

208 525 240 584 st
256 518 434 605 Porphyrio
453 519 651 602 sectoribus,
671 518 860 598 πολύτροπος
880 520 909 583 is
920 539 1063 604 quoqne,
1077 519 1183 605 quide
1194 519 1292 584 οούοα
1304 537 1401 606 ergn-

208 630 317 691 mento
347 624 521 690 seeundum
548 627 669 690 veriam
693 625 877 691 enditorum
901 623 1041 691 indolem
1066 625 1162 690 variis
1184 625 1278 690 nodis
1301 624 1400 690 disse·

209 752 277 798 rere
293 737 407 817 potest.
433 732 467 795 ei
487 730 519 795 δὲ
538 732 571 796 οἱ
592 731 707 812 σοφοὶ
729 730 817 798 desset
834 733 892 797 εἰσι
912 730 1124 810 διαλέγεσθαι,
1143 730 1196 797 καὶ
1211 730 1400 796 ἐπίστανται

177 916 180 920 Α
209 836 349 916 (Buttm.
372 838 555 902 ἐπίστανται
576 840 646 914 καὶ,
668 858 731 923 qno
750 838 882 904 iortnsm
900 858 979 924 opus
998 859 1061 904 non
1080 837 1400 928 montembellum

211 944 304 1015 κατὰ.
333 944 467 1016 πολλοὺς
503 944 607 1021 λέγειν
641 944 786 1025 τρόπους·
830 945 1104 1022 ἐπεσσύμενον
1144 944 1183 1009 δὲ
1220 943 1400 1016 πολλοὺς

211 1050 387 1131 τρύπους
419 1051 549 1129 λύγων
579 1050 669 1129 περὶ
702 1055 770 1116 τοῦ
801 1053 928 1115 αὑτοῦ
959 1051 1210 1130 πολύτροπον
1232 1049 1278 1116 ἂν
1301 1045 1398 1116 εἶεν.

211 1157 236 1223 sl
268 1155 299 1221 di
328 1157 353 1221 ol
378 1156 495 1236 σοφοὶ
520 1157 573 1222 κού
597 1157 747 1236 testei
771 1157 845 1233 εύσο,
871 1156 923 1223 διὰ
945 1157 1037 1223 τούτύ
1060 1162 1136 1239 <incr
1161 1158 1211 1223 τὸν
1243 1155 1400 1222 Ὀδυσσέα

210 1261 347 1341 Ὅμηρος
384 1265 507 1344 σοφὸν
541 1262 615 1329 ύντα
651 1263 839 1343 πολύτροπον
870 1260 966 1342 εἶναι,
999 1260 1045 1330 ύτο
1076 1264 1112 1339 δὴ
1143 1273 1207 1337 τοῖς
1238 1265 1401 1344 οἱνύρύποος

213 1369 366 1445 ἠπίστατο
410 1379 536 1443 πολλοῖς
579 1371 699 1451 τρύποος
740 1379 880 1435 συνεῖναι.
928 1369 992 1436 Bes
1025 1372 1095 1456 ipso
1129 1369 1248 1436 clamet
1283 1371 1402 1437 dixisse

211 1475 455 1542 Antisthenem:
481 1514 521 1525 -
548 1476 599 1541 deis
621 1476 712 1542 πούπύ
736 1487 813 1556 <onor
836 1477 887 1541 τὸν
908 1476 1065 1543 Ὀδυσσέα
1081 1477 1220 1558 Ὀρςνρος
1244 1477 1402 1556 eratis

211 1581 285 1649 ύντα
310 1583 499 1664 πολύτροπον
522 1580 617 1663 εἶναι,
642 1581 688 1649 ύτν
711 1599 794 1659 κτλ,
819 1590 852 1652 et
869 1584 964 1666 σοφὸν
986 1583 1069 1650 nihil
1089 1605 1155 1650 esse
1175 1584 1319 1662 videtur,
1337 1586 1402 1651 nisi

213 1690 368 1772 γροφονὸν
398 1691 540 1771 σφάλμα
572 1692 780 1758 librariorum.
827 1692 1081 1780 Argumentandi
1100 1692 1187 1757 enim
1210 1693 1311 1770 notio,
1336 1690 1403 1778 syl·

213 1797 364 1887 logistica
405 1798 508 1863 forme
542 1796 683 1873 incluse,
720 1798 798 1865 hess
832 1804 889 1864 est
935 1797 1039 1864 Nemo
1071 1803 1176 1883 potest
1210 1797 1401 1881 πολύτροπος

214 1927 298 1990 esse,
332 1908 408 1991 quin
443 1904 529 1971 idem
563 1907 657 1986 σοφὸς
694 1907 753 1983 sit;
789 1906 803 1968 t
839 1905 934 1984 σοφὸς
970 1909 1078 1971 eutem
1109 1924 1173 1970 non
1202 1911 1306 1991 potest
1339 1926 1404 1972 non

111 2084 118 2092 ⁸
172 2002 184 2021 ⁶
214 2012 333 2092 ύγαύύς
366 2032 448 2077 esse:
483 2014 590 2096 iteqne
614 2014 670 2097 qni
692 2012 899 2091 πολύτροπος,
924 2011 1009 2077 idem
1034 2010 1154 2090 ύραύὸς
1177 2017 1234 2077 est
1270 2010 1328 2078 uu
1350 2012 1405 2078 hie

218 2117 463 2207 argumentandi
481 2117 596 2183 modus
615 2138 687 2183 enm
713 2120 857 2184 omnium
883 2116 1163 2204 philosophorum,
1187 2120 1243 2203 qui
1266 2116 1405 2185 Socratis

216 2233 335 2293 sectum
359 2225 461 2289 secuti
485 2232 576 2300 sunt,
601 2229 672 2289 tnm
696 2226 844 2310 inprimis
862 2224 1051 2290 Antisthene
1070 2224 1203 2311 dignus,
1221 2221 1401 2290 Stoicorum

215 2338 414 2398 antecursore
449 2335 482 2395 et
511 2333 601 2415 quasi
632 2350 702 2397 ero.
749 2330 801 2396 Sio
831 2332 935 2418 igitur
966 2333 1087 2397 crimen
1118 2332 1202 2416 quod
1232 2330 1264 2395 in
1289 2332 1403 2414 ούτορύρ

214 2443 362 2525 posuerat
391 2435 532 2502 dilutum
565 2443 613 2502 est
642 2436 807 2514 videlieet,
841 2458 899 2503 nee
930 2437 1068 2523 emplius
1098 2435 1210 2503 Ulixes
1233 2437 1403 2514 πονηρὸς

213 2544 378 2610 habendus
412 2539 458 2606 ἔτι
494 2544 682 2622 πολύτροπος
719 2545 840 2619 detritu.
896 2541 1150 2629 Comprobnntur
1184 2543 1260 2609 hoec
1295 2545 1404 2610 omnio

216 2649 362 2735 exemplo
393 2649 597 2737 Pythagoreo
627 2670 684 2736 pro
714 2653 812 2716 variis
844 2651 1012 2716 hominnm
1036 2652 1207 2739 generibus
1230 2651 1319 2716 veris
1340 2670 1404 2715 ser-

214 2759 320 2823 monis
349 2776 464 2842 genere
496 2758 543 2819 nti
566 2754 655 2821 soliti
679 2765 711 2821 et
733 2758 948 2831 medicorum,
972 2764 1045 2843 qui,
1069 2765 1107 2823 ut
1129 2759 1267 2843 eorporis
1290 2759 1406 2822 eonsti-

214 2866 298 2931 tutio
320 2882 382 2928 non
406 2869 454 2928 est
477 2862 585 2928 eedem
610 2865 644 2927 in
667 2862 821 2951 singulis,
847 2867 893 2929 its
916 2867 948 2929 in
972 2864 1074 2930 simili
1095 2865 1207 2930 morbo
1235 2863 1405 2929 dissimilis

215 2971 448 3038 medicamento
476 2968 625 3034 adhibere
656 2982 888 3034 consueverunt
930 2970 1043 3055 Itoque
1068 3008 1108 3019 -
1134 2970 1243 3048 notros
1273 2968 1330 3046 μὲν
1353 2964 1403 3033 οὗν

213 3079 248 3144 τὸ
280 3074 501 3153 παλίμβολον,
526 3075 560 3137 τὸ
584 3079 638 3139 τοῦ
662 3075 745 3150 ἥύους
770 3073 1045 3153 πολυμετοὶβολονῐ
1071 3074 1167 3140 Houd
1189 3073 1258 3140 vidi
1282 3070 1402 3160 mogisl

213 3184 256 3252 Et
286 3188 354 3248 toto
385 3181 597 3266 disputatione
628 3181 688 3247 hoe
719 3202 819 3246 unnm
852 3185 960 3269 egitur
990 3188 1027 3246 nt
1057 3181 1303 3254 demonstretur,
1326 3179 1405 3244 hneo

214 3313 273 3355 sos
303 3290 349 3353 ito
381 3290 466 3351 esse!
488 3286 535 3351 At
557 3306 633 3352 vero
656 3288 718 3352 iste
740 3287 837 3352 verbs
859 3307 919 3352 non
944 3287 1143 3352 Antisthenis
1166 3306 1232 3353 esee
1256 3292 1404 3372 possunt.

214 3417 277 3463 non
307 3393 500 3480 Porphyrii,
531 3393 585 3458 sed
608 3395 709 3478 inepti
734 3392 898 3459 oniusdem
924 3394 1129 3481 grammatici
1153 3394 1256 3460 dicum
1280 3413 1319 3458 un
1343 3391 1405 3457 lee-

216 3506 309 3574 toris,
341 3503 397 3586 qni
430 3521 486 3586 per
516 3502 717 3565 notissimam
749 3498 921 3565 formulam
954 3502 1010 3576 μὲν
1035 3498 1082 3566 οὖν
1108 3499 1296 3566 stultissime
1319 3497 1405 3565 ohlo
1442 3577 1447 3584 ¹

216 3613 325 3696 quitur
365 3609 423 3683 iis,
459 3626 539 3691 qnae
572 3625 691 3694 magno
725 3604 893 3671 molimine
928 3605 1092 3692 hucusque
1127 3613 1271 3672 extructo
1304 3612 1406 3672 erent.

215 3714 416 3800 Interstrepit
439 3733 530 3779 snser
552 3711 664 3778 olores.
692 3712 784 3778 Istud
807 3712 1061 3778 additamentum
1085 3715 1188 3801 igitur
1209 3733 1249 3778 ne
1270 3715 1303 3776 in
1321 3733 1406 3778 mor·

217 3823 292 3910 gine
315 3820 444 3906 quidem
468 3819 647 3905 ponendum
671 3825 737 3901 est,
761 3817 816 3884 sed
838 3839 901 3884 uno
924 3818 1023 3885 lituro
1039 3818 1207 3884 delendum
1227 3825 1265 3884 nt
1283 3824 1408 3884 eastern

217 3936 301 3994 sture
324 3928 456 4011 possint.

263 4033 438 4117 Hnonsqne
470 4031 695 4118 philosophus,
727 4033 762 4095 in
792 4029 977 4116 explicando
1006 4038 1122 4098 notnre
1152 4039 1206 4106 τῆς
1231 4037 1285 4109 τοῦ
1311 4033 1407 4112 λύγου

220 4142 427 4218 πολυτροπύας
452 4148 640 4223 occupatus.
665 4156 728 4202 non
752 4139 820 4203 sins
843 4137 1016 4222 sophistice
1038 4144 1106 4202 erte
1129 4138 1258 4223 probure
1281 4140 1409 4227 adgres-

218 4268 272 4314 sns
296 4255 362 4322 est,
388 4265 425 4311 es
448 4266 509 4312 non
532 4246 651 4309 vitium
674 4245 777 4309 notoni
801 4242 856 4308 esd
879 4242 1055 4309 sollertiam
1079 4245 1217 4330 sdeoqne
1241 4247 1408 4312 virtutem.

220 4353 307 4438 Ques
329 4357 507 4438 sequnntur
529 4349 702 4436 sophistico
724 4356 818 4424 sunt,
842 4357 880 4414 nt
903 4349 984 4415 nihil
1005 4371 1110 4436 snprs.
1130 4350 1257 4416 Etenim
1283 4350 1409 4430 λύγου
