2978 4950
10 4468 71 4910 l

715 223 755 293 1³

138 434 231 503 quum
261 419 296 483 iu
325 417 523 503 vituperium
552 417 659 485 Ulixis
695 415 819 481 dietum
857 415 1036 482 videbatur.
1082 417 1152 484 οὐκ
1189 419 1326 484 ἐτοινεῖν

136 528 229 602 φησιν
252 522 446 598 Ἀντισθένης
464 525 603 606 Ὅμηρον
621 523 672 588 τὸν
693 521 848 588 Ὀδυσσὲοι
869 525 992 600 μᾶλλον
1013 521 1031 599 ἦ
1050 523 1172 609 ψέγειν,
1184 523 1322 605 λέγοντο

136 630 229 695 ιιύτὸυ
259 631 455 708 πολύτροπον.
490 633 544 696 ούκ
572 627 621 698 οὖν
651 630 703 695 τὸν
731 627 892 712 ’exisses
920 629 972 694 κοιὶ
1002 629 1054 695 τὸν
1079 630 1202 695 Alam
1226 645 1322 697 πολυ-

134 734 262 815 τρθτουο
286 737 500 811 ποποικκὲνιιι.
524 735 600 804 ἁλλ’
621 737 741 809 ἁπλοῦς
763 736 816 800 sul
837 734 1004 814 γενυύθκρ·
1024 736 1090 801 οὐδὲ
1109 736 1160 801 τὸν
1181 735 1323 820 Νύσσοροι

134 844 185 907 τὸν
209 842 305 923 σοφὸν
323 843 357 908 ού
373 843 422 920 μοὶ
442 842 506 910 Ala
525 843 621 911 θθλιον
638 843 690 907 κκὶ
713 841 912 920 πολθμβολον
932 842 967 906 τὸ
988 838 1064 916 ἦθος.
1078 843 1154 907 ess·
1171 881 1210 894 -·
1224 880 1266 894 -
1281 880 1322 894 -

135 949 177 1020 εἰς
209 949 244 1014 τύ
274 947 483 1028 στριιτθπεδον
513 948 542 1014 σι’
570 975 599 1015 τι
631 948 750 1027 ἀγαθὸν
785 944 855 1030 εἶχε
889 948 1143 1026 συμβουλεύοντα
1180 949 1232 1015 κού
1269 952 1321 1017 ούκ

135 1054 503 1137 ἀποκρυπτόμενον
545 1060 738 1121 τοσοῦτον
772 1055 927 1137 ἀπεῖχε
959 1060 1144 1121 τοιοῦτον
1179 1055 1322 1137 τρόπον

134 1162 346 1242 ύτοδύχεσθοι
377 1163 391 1227 θ
420 1162 593 1243 Ἀχιλλεὺς
622 1164 660 1245 ὥς
693 1160 799 1245 ἐχθρὸν
831 1161 973 1239 >tyriotes
1003 1162 1110 1239 ύμοθυς
1134 1164 1176 1243 τῷ
1201 1162 1323 1244 θκνιύτῳ

134 1268 245 1333 ἐκεῖνον
278 1264 330 1347 „is
363 1271 399 1350 χ’
431 1265 528 1349 ἕτερον
558 1269 616 1345 μὲν
645 1270 741 1341 κεύθει
765 1271 880 1353 (immo
903 1267 1004 1351 redde)
1029 1269 1069 1332 ivl
1094 1269 1219 1348 φρεσίν,
1244 1267 1323 1335 ἄλλο

134 1375 165 1440 u
196 1375 296 1455 εθπρ.”
341 1375 413 1442 Nou
437 1384 485 1442 est
508 1397 587 1462 opus
610 1376 876 1442 demonstratione
900 1381 936 1439 ut
958 1379 1183 1461 persuadeam,
1208 1376 1343 1456 ultimo¹

133 1484 180 1548 its
200 1503 268 1548 esse
291 1483 546 1571 interpungendo
568 1489 602 1548 et
623 1481 825 1570 corrigendo:
847 1516 946 1531 --
962 1484 1325 1562 -οὶποιιρυππύριε-

133 1612 206 1653 νον.
231 1593 410 1654 Τοσοῦτο
431 1587 461 1654 δ’
483 1592 639 1669 οὶπεῖχε
664 1590 759 1674 (τοῦ)
784 1589 1094 1668 τοιοῦτον-τρόπον
1115 1588 1325 1673 οὶποθύχεσθοιι

133 1694 147 1758 θ
172 1692 347 1776 Ἀχιλλεὺς
373 1696 411 1767 ds
435 1709 506 1760 κτλ.
553 1694 724 1760 Distinotio
748 1696 850 1760 maior
871 1701 942 1779 post
965 1696 1232 1773 ύποκρυπτθμενον
1261 1699 1325 1762 iem

133 1800 219 1885 upud
248 1799 486 1867 Buttmeunum
517 1807 582 1878 est,
614 1821 694 1886 queo
724 1821 781 1866 our
809 1801 842 1863 in
866 1798 1070 1866 Dindorfieno
1092 1806 1185 1866 textu
1208 1804 1250 1867 sit
1273 1822 1327 1868 ue·

133 1906 258 1996 pleuto,
289 1906 479 1974 Buttmsnni
511 1906 683 1972 editionem
706 1907 888 1992 inspicienti
910 1905 1003 1972 facile
1027 1907 1158 1992 putehit.
1195 1907 1327 1974 Oeeters

135 2013 220 2099 opud
256 2018 430 2099 utrumque
460 2013 614 2079 editorem
646 2015 833 2078 inconcinna
863 2019 955 2096 sunt,
987 2013 1041 2078 sed
1064 2012 1154 2079 nullo
1177 2016 1326 2101 negotio,

135 2125 172 2185 ut
194 2119 338 2196 ostendi,
362 2123 397 2185 in
419 2120 582 2208 integrum
605 2119 808 2185 restituendo.
834 2124 989 2183 Τοῦτον
1012 2125 1196 2184 τοιοῦτον
1219 2125 1266 2185 est
1290 2122 1324 2185 iu

136 2228 258 2312 optimo
288 2224 476 2303 Herleieno,
499 2225 560 2312 (Η)
583 2225 667 2290 nude
690 2232 801 2310 sponte
824 2245 882 2291 suo
905 2231 975 2290 τοῦ
1000 2230 1154 2290 τοιοῦτον
1179 2225 1324 2311 profluit;

136 2337 267 2397 etcum
289 2337 428 2397 τοσοῦτο
452 2331 479 2396 δ’
504 2352 559 2417 pro
582 2336 745 2397 τοιοῦτον
769 2329 972 2396 conferendae
995 2338 1070 2396 snut
1093 2334 1199 2398 seriae
1219 2331 1327 2397 leutio·

136 2457 191 2502 nes
220 2457 294 2504 uo.
325 2436 365 2503 ud
395 2459 426 2524 p.
450 2435 525 2516 177,
552 2436 592 2502 19
619 2436 752 2523 (Diod),
777 2437 834 2501 nbi
856 2439 889 2501 in
913 2434 1040 2503 Scholio
1063 2458 1101 2503 ex
1124 2437 1216 2519 HQR
1240 2433 1327 2504 edito

137 2563 219 2609 uuus
235 2541 264 2624 Q
282 2543 526 2630 (Ambrosianus
544 2544 630 2610 Puri.
654 2542 730 2629 Sup.
752 2541 809 2627 88)
831 2551 1013 2624 συγχωρεῖ
1031 2544 1057 2608 θ’
1079 2547 1151 2619 ἡμῖν
1177 2546 1326 2610 ύτουοεῖν
1388 2546 1390 2550 ’

138 2649 188 2714 ml
219 2652 264 2714 τὰ
293 2647 416 2728 μεταξὺ
446 2644 496 2715 οἶοι
526 2650 671 2729 γίγνεται
699 2648 723 2730 ¹}
755 2656 839 2716 reete
869 2649 941 2728 dat,
972 2648 1037 2716 HR
1059 2672 1172 2736 preve:
1197 2675 1327 2733 συγχυ-

137 2764 217 2834 perv
240 2757 365 2833 ἡμῶν,
388 2762 426 2822 nt
447 2754 543 2842 poulo
565 2763 638 2843 post
661 2777 691 2842 p.
716 2753 801 2833 225,
827 2755 870 2820 22
894 2776 958 2842 pro,
974 2761 1149 2824 necessario
1174 2763 1325 2835 ἀγνοοῦσι

138 2862 163 2926 δ’
186 2858 232 2927 ὅτι
256 2881 341 2927 unus
362 2862 414 2927 H:
437 2863 620 2940 ύννοοῦσιν
644 2860 689 2927 ὅτι
714 2861 820 2928 hebet.
926 2922 943 2957 Ο

181 2967 234 3034 ltu
261 2977 301 3048 τῇ
332 2968 446 3052 exspes
473 2990 558 3034 nuno
589 2968 719 3035 tandem
749 2988 826 3033 suus
848 2973 972 3034 oonstet
994 2989 1111 3035 seusus.
1161 2969 1331 3038 Diffioilior

138 3095 185 3140 res
216 3079 266 3140 est
296 3074 330 3139 in
361 3075 463 3159 λύσει,
487 3077 580 3141 euius
603 3073 697 3161 poulo
719 3073 868 3139 subtilior
890 3075 1136 3163 argumentandi
1158 3080 1258 3155 rotie,
1287 3115 1328 3127 -

138 3199 234 3265 quem
263 3181 367 3266 ipsius
396 3179 599 3247 Antisthenis
630 3181 737 3247 verbis
765 3185 802 3244 ut
831 3179 1008 3265 plurimum
1042 3185 1229 3267 expressisse
1252 3191 1331 3269 puto

139 3305 194 3351 suo
216 3279 315 3352 ‘more
345 3285 580 3375 Porphyrium,
614 3308 676 3373 qus
706 3286 745 3352 de
776 3307 809 3351 re
831 3286 914 3352 inire
937 3306 1031 3375 egem
1054 3287 1262 3376 exphoatius,
1288 3329 1329 3340 -

141 3389 356 3478 eompluribus
398 3393 477 3459 loeis
512 3395 558 3459 ito
591 3392 747 3479 impedite
782 3391 903 3480 legitur
937 3401 974 3457 ut
1008 3393 1148 3481 intelligi
1184 3413 1331 3480 nequest.

142 3496 305 3578 Quomodo
343 3507 452 3565 sutem
486 3499 690 3566 Antisthenes
720 3505 918 3584 praesentem
953 3499 1174 3565 difficultatem
1210 3501 1333 3569 soluere

143 3604 309 3692 udgressus
343 3601 412 3671 esti
443 3605 534 3671 Λύσιν
565 3599 614 3670 ούν
644 3604 658 3668 θ
691 3602 884 3679 Ἀντισθένης
915 3608 1011 3685 merl·
1044 3607 1089 3670 Τι’
1111 3603 1179 3683 ούν;
1205 3602 1267 3686 spat
1291 3633 1332 3688 γε

144 3709 308 3789 πονιρρθς
342 3710 357 3775 ο*
393 3710 563 3785 Ὀδυσσεὺς
599 3708 644 3777 ύτι
680 3710 868 3788 πολύτροπος
898 3714 1026 3789 ε’κλιίθνρ
1060 3714 1112 3776 κού
1144 3714 1223 3791 posis,
1257 3715 1332 3783 διθτι

146 3815 288 3894 σοφός,
316 3813 409 3888 οὗτοι
432 3818 527 3882 αὐτὸν
550 3818 736 3897 προσείρηκε.
783 3817 911 3882 Etenim
932 3817 1079 3884 vocabuli
1098 3818 1205 3898 τρθπος
1224 3822 1334 3905 duplet

147 3923 221 3986 rutio
251 3926 310 3988 est.
361 3922 539 4010 Usurpstur
564 3924 604 3990 de
626 3924 754 4012 ingenio
777 3931 811 3989 et
831 3923 954 3999 indole,
977 3933 1151 4011 usurpetur
1173 3928 1271 3995 etiem
1294 3927 1333 3994 de

151 4029 374 4094 sermooiunndi
405 4050 492 4096 more
523 4030 689 4117 modoque.
722 4031 843 4106 μήποτε
876 4023 940 4104 οὖν,
971 4033 1093 4116 pergit,
1118 4030 1131 4094 θ
1157 4031 1264 4110 τρόπον
1290 4032 1333 4096 τὸ

153 4179 290 4195 —na

185 4279 206 4336 ll
223 4273 342 4328 Ὗπιιιειῖν
357 4277 412 4327 dedi
428 4294 456 4327 ex
473 4277 619 4328 mnuotiouu
636 4276 719 4326 cobeti
736 4277 763 4326 ll.
775 4277 804 4326 el.
815 4277 840 4327 in
850 4278 967 4328 Mnemon.
980 4277 1105 4326 NornSer.
1117 4277 1170 4326 Vol.
1182 4278 1234 4328 lII.
1243 4294 1267 4345 p.
1279 4281 1334 4330 lle.

159 4361 244 4415 &diues
260 4366 348 4417 hubent
365 4363 471 4417 ύπινοεῖν.
