2978 4950
668 232 712 300 29

99 424 171 491 ricoe
190 423 327 492 interfici
346 448 408 492 non
428 447 536 512 posse,
557 424 720 491 vulnereri
740 446 845 511 posse,
867 426 899 490 id
918 424 1101 512 philosophi
1112 429 1282 517 respuunt,

91 553 128 599 ,so
153 536 222 619 ipso
246 535 329 620 quod
352 535 489 620 simplex
512 532 581 599 est!
596 529 659 599 Sed
682 539 874 599 monuerunt
899 532 1122 620 grammatici,
1149 554 1285 619 quorum

96 662 172 706 nnus
202 642 242 707 sd
270 641 406 707 eundem
438 661 584 706 versum:
610 644 679 705 oret
702 637 794 706 (lires
817 638 966 705 δεδοικυῖα
991 638 1045 712 τὴν
1071 641 1214 716 πληγὴν,
1245 641 1285 706 οὖ

94 751 140 814 τὸν
172 748 318 826 resero,
346 743 370 835 ¹)
403 747 456 836 (Τ)
486 752 523 812 ut
552 749 725 812 rectissime
757 747 893 812 correxit
925 743 1076 812 Oohotus.
1125 745 1284 826 Quoniam

94 856 152 921 hue
172 855 320 942 delepsus
339 876 422 938 snm,
445 855 526 920 dsbo
545 859 577 920 et
596 852 697 918 elium
717 851 825 917 locum
845 850 929 916 unde
947 855 1053 939 mugis
1073 855 1171 918 etiem
1191 873 1287 939 eppo·

94 969 174 1037 rest,
196 968 388 1047 quantopere
406 981 462 1026 nos
482 961 582 1048 signis
602 959 774 1024 diecmticis
794 958 939 1024 adsuetos
959 960 1172 1044 interpunctio
1185 979 1284 1045 preve

94 1072 195 1154 posite
216 1068 325 1134 fellere
349 1075 381 1133 et
402 1067 557 1152 impedire
576 1067 686 1151 possit.
712 1065 769 1130 bist
791 1064 880 1130 locus
902 1063 1120 1132 nobilissimus
1144 1089 1183 1141 ον,
1205 1064 1283 1145 215,

95 1176 147 1240 nbi
170 1174 382 1241 Telemachus
406 1174 550 1240 Montes:

158 1286 259 1361 μήτηρ
283 1283 340 1359 μέν
363 1281 399 1347 τέ
421 1281 462 1359 με’
487 1292 564 1363 φησι
587 1284 641 1346 τοῦ
666 1278 817 1358 ἔμμενοοι,
843 1279 943 1358 αὐτὰρ
968 1276 1073 1358 ἔμοιγε

159 1392 213 1455 οὐκ
235 1385 311 1453 οἷδ’·
337 1390 379 1454 οὐ
403 1387 482 1468 γάρ
506 1390 559 1451 πώ
582 1410 645 1458 τις
669 1387 729 1452 ἑὸν
753 1386 868 1465 γόνον
892 1384 1017 1458 αὐτὸς
1041 1385 1215 1471 siedron,

94 1498 183 1562 cuins
212 1494 362 1561 Scholion
391 1495 648 1581 Porphyrienum
680 1496 746 1558 ism
777 1495 811 1557 in
835 1490 1013 1560 Obserrett.
1038 1514 1070 1578 p.
1096 1491 1137 1558 61
1165 1494 1285 1580 triplici

94 1603 171 1667 vitio
204 1601 350 1668 liberavi.
397 1602 521 1687 Nempe
551 1601 598 1666 its
629 1601 845 1665 ratiocinetur.
895 1597 930 1664 Si
961 1622 1043 1665 νιοοοο
1074 1619 1204 1679 eornm,
1229 1603 1284 1686 qui

94 1710 157 1774 neti
188 1713 282 1792 sunt,
312 1713 436 1793 petrem
466 1727 653 1796 cognoscere
683 1710 801 1792 potest,
829 1744 870 1757 -
896 1707 928 1770 οὐ
964 1705 1028 1785 γάρ
1063 1704 1108 1769 πώ
1145 1731 1193 1779 τις
1230 1741 1250 1754 -
1264 1741 1283 1757 -

95 1814 211 1893 ἀνέγνω
237 1852 278 1863 -
304 1815 387 1879 unde
410 1815 539 1879 tandem
563 1813 656 1879 liberi
677 1816 756 1878 scire
776 1818 919 1898 possent,
941 1815 1012 1896 quis
1031 1813 1173 1897 ipsorum
1195 1817 1285 1898 peter

94 1920 153 1987 sit?
188 1922 300 2007 ltaque
335 1942 415 2007 quee
449 1920 659 1986 Telemachus
694 1919 792 1994 dicit,
825 1918 864 1983 ds
894 1920 963 2003 ipso
995 1917 1101 1984 velere
1132 1926 1284 2005 possunt,

96 2031 209 2114 quippe
244 2032 317 2114 qui,
354 2049 428 2093 cum
464 2034 553 2112 peter
587 2046 718 2113 peregre
751 2023 1018 2111 proficisceretur,
1054 2024 1148 2109 plene
1178 2025 1283 2092 iniens

95 2134 207 2212 luent,
242 2135 281 2200 de
311 2134 460 2199 omnibus
484 2136 518 2198 in
543 2134 729 2198 universum
753 2131 858 2222 velere
880 2150 944 2196 non
965 2138 1108 2216 possunt.
1132 2130 1192 2195 ἔδει
1216 2134 1280 2211 γὰρ

95 2243 209 2325 Φοὶνοοο,
241 2242 303 2317 ἐγὼ
335 2240 398 2318 γὰρ
428 2243 482 2304 οὐκ
512 2234 590 2303 εἶδον
621 2237 673 2302 τὸν
705 2235 935 2315 γεγεννηκότα,
967 2238 1056 2301 ἀλλὰ
1083 2239 1127 2314 μὴ
1152 2238 1282 2304 καθόλου

96 2350 241 2412 ποιεῖσθαι
265 2349 321 2422 οἷον
340 2345 501 2427 intuerer
520 2349 559 2416 ὥς
581 2344 707 2422 μηδενὸς
728 2342 840 2416 εἰδότος
860 2344 910 2408 τὸν
923 2345 1018 2408 αὑτοῦ
1033 2345 1168 2424 ποοτέοοο.
1193 2345 1282 2412 Haeo

95 2460 138 2521 est
167 2450 358 2530 difficultas,
391 2473 487 2538 quem
516 2451 683 2518 rideamus
714 2450 872 2538 quomodo
904 2450 1101 2537 expediverit
1124 2449 1276 2521 Seleucus

98 2657 263 2670 w

125 2799 151 2863 1)
168 2797 287 2848 Similiter
296 2798 342 2865 BQ
355 2800 424 2849 edre.
436 2800 494 2849 bib:
510 2796 644 2862 omnuim
659 2799 690 2856 ὥς
706 2799 880 2862 τροοοηοομονη,
896 2797 957 2863 οὔχ
975 2799 1012 2857 ὥς
1026 2799 1282 2863 ἀποθανουμένη,

97 2891 117 2936 et
138 2887 241 2953 Vulgete
264 2888 293 2936 ed
315 2889 415 2937 eundem
438 2904 532 2938 versum
555 2890 614 2938 3232
640 2886 680 2937 tae
703 2888 733 2937 τὸ
756 2889 884 2952 φοβεῖσθαι
909 2889 1038 2952 τρωθῆναι,
1064 2887 1118 2938 οὒκ
1141 2889 1283 2950 ἀποθανεῖν,

96 2986 151 3034 quse
172 2971 253 3020 omniu
273 2986 301 3019 ex
322 2971 404 3019 eodem
425 2972 491 3021 fonte
508 2972 601 3022 duxisse
618 2977 722 3038 apparet.
742 2973 824 3022 Cobeti
842 2973 957 3022 mmeetio
976 2972 1064 3038 legitur
1083 2974 1199 3024 binemus.
1219 2976 1281 3025 Nor.

97 3054 141 3102 Ser.
158 3054 179 3102 1.
196 3070 221 3119 p.
242 3053 279 3102 lu.
296 3081 331 3090 -
348 3055 475 3105 Oooeeione
493 3056 548 3105 dete
565 3056 609 3105 hoc
627 3057 693 3105 eddo.
712 3057 783 3123 Quod
800 3055 871 3105 eliter
884 3055 978 3104 evenire
992 3071 1040 3105 non
1053 3059 1148 3120 poteret
1160 3057 1186 3106 in
1201 3058 1283 3108 eodem

97 3136 300 3202 hemtigetionum
313 3153 399 3201 genere
413 3139 543 3203 occupatis,
558 3138 703 3204 seepinscule
717 3139 777 3187 mihi
791 3138 900 3187 eccidisse
908 3138 1027 3203 comperi,
1037 3153 1120 3203 nempe
1130 3143 1157 3188 ut
1164 3156 1223 3204 ques
1232 3157 1284 3190 cor·

97 3220 206 3269 rectiones
223 3220 341 3269 iuvenisse
358 3221 418 3269 mihi
435 3219 544 3280 videbor,
563 3237 601 3270 ees
618 3222 666 3271 inm
684 3237 698 3270 u
715 3221 819 3280 (lebete,
839 3222 867 3269 V.
889 3222 926 3271 (tl.
944 3226 1068 3287 occupetis
1085 3222 1285 3288 deprehenderem

97 3306 117 3349 et
136 3301 225 3367 publici
249 3301 309 3350 iun'e
326 3303 400 3351 foetes
416 3303 441 3351 in
459 3304 576 3352 Mnemon.
596 3304 656 3352 Nor.
676 3305 726 3353 Ser.
746 3304 759 3353 1
777 3320 799 3370 p.
821 3305 912 3363 l-bl;
932 3305 975 3354 111
991 3321 1017 3370 p.
1037 3306 1180 3364 los-nm
1200 3304 1241 3354 Ill
1258 3322 1283 3371 p.

99 3382 224 3432 lle-119
230 3406 236 3442 ;
257 3384 293 3433 lv
310 3401 333 3450 p.
352 3385 492 3434 tor-282.
513 3386 583 3450 Quod
600 3390 628 3436 ut
645 3387 743 3449 cognovi
760 3385 841 3436 sedulo
858 3387 960 3452 expunxi
977 3402 1037 3444 mee,
1054 3402 1102 3436 non
1119 3387 1186 3453 potui
1204 3392 1284 3438 eutem

99 3463 119 3514 in
140 3466 169 3515 iis
191 3481 252 3530 quse
274 3483 300 3515 ιιι
323 3468 490 3531 Mnemosyncs
516 3469 596 3518 Nosse
616 3469 670 3518 Vol.
695 3469 745 3518 vn
763 3486 787 3535 p.
804 3469 937 3519 ses-445
955 3473 1114 3529 eecoeserunt,
1132 3485 1219 3534 mugue
1235 3469 1284 3519 ism
1358 3471 1360 3475 ’

99 3545 162 3599 buius
188 3549 297 3614 opusculi
323 3554 392 3616 perte
417 3552 444 3601 in
469 3551 563 3601 obertus
587 3551 675 3601 nitidus
698 3552 860 3617 transscripta.
897 3552 925 3601 In
949 3551 986 3600 hie
1004 3552 1080 3616 igitur
1096 3551 1135 3602 uhi
1154 3568 1209 3601 cum
1225 3551 1284 3601 meis

98 3635 262 3698 σννέμποοοον
278 3639 464 3705 deprehendem,
483 3641 610 3706 diligenter
627 3640 751 3690 uduotebo.
786 3641 854 3690 Idem
872 3641 916 3689 feei
934 3641 959 3690 in
976 3643 1150 3690 Germanorum
1167 3639 1284 3700 inventis,

98 3722 134 3784 qui
157 3721 273 3788 permulti
294 3722 332 3770 his
355 3722 502 3787 temporibus
525 3722 581 3772 hnic
598 3723 724 3773 litersrum
741 3724 887 3772 Greeeerum
905 3723 969 3787 perti
985 3738 1083 3788 opernm
1100 3739 1167 3772 suem
1184 3739 1284 3774 nevere·

98 3808 162 3864 runt,
186 3805 255 3853 euxie
278 3805 396 3864 intentus,
415 3810 441 3855 nt
459 3821 528 3856 sunm
545 3805 630 3870 cuique
647 3822 661 3854 e
678 3821 716 3855 me
732 3805 887 3855 tribueretur.
922 3805 969 3854 Ubi
987 3809 1067 3854 temen
1085 3821 1145 3869 quse
1162 3806 1212 3872 ipse
1229 3823 1284 3872 pro·

99 3888 160 3949 poeni
181 3889 230 3937 ism
248 3886 277 3936 sb
295 3889 349 3937 eliis
365 3892 491 3954 preerepte
508 3892 564 3937 sunt
582 3904 624 3936 uec
642 3904 655 3937 e
672 3904 710 3938 me
727 3890 921 3945 commemorate,
940 3887 1105 3952 ignorentiee,
1122 3904 1170 3937 uon
1186 3889 1283 3954 culpes,

98 3964 138 4017 boe
156 3968 264 4019 tribuent
287 3971 355 4035 aequi
378 3970 489 4029 lectores,
512 3986 554 4019 neo
577 3985 658 4019 recuso
676 3969 802 4033 quominus
816 3968 845 4018 eb
863 3969 892 4017 iis
910 3968 986 4034 priori
1003 3969 1123 4018 inventori
1140 3969 1284 4019 inventionis

99 4062 148 4099 mee
164 4051 226 4111 leue,
245 4080 279 4090 —
296 4054 315 4101 si
333 4069 379 4118 qun
397 4054 448 4102 leus
465 4055 513 4110 est,
533 4080 565 4089 —-
582 4053 635 4101 iure
652 4053 784 4116 meritoque
798 4051 919 4101 bebestur.
954 4052 1047 4100 litemrn
1063 4056 1156 4112 tentus,
1171 4059 1199 4103 ut
1213 4056 1284 4105 modo

100 4130 210 4193 liesbern,
226 4135 342 4200 proximis
355 4136 423 4185 suuis
437 4137 465 4185 de
479 4135 517 4184 bis
531 4135 600 4185 rebus
616 4135 726 4200 provenit
743 4150 855 4185 numerus
872 4134 1028 4200 scriptionum
1045 4151 1114 4185 omne
1131 4153 1218 4200 genum
1229 4154 1283 4203 pro

101 4221 251 4276 mammetem
273 4233 333 4281 qnae
349 4219 474 4275 moiuntur,
493 4218 687 4266 dissertationum
705 4217 912 4275 Aoedemiourum‚
934 4217 1122 4282 disputationum
1139 4219 1211 4269 seriis
1228 4221 1283 4270 bor·

103 4308 190 4349 reorum
208 4299 335 4365 generibus
357 4300 514 4358 insertorum,
540 4303 567 4349 ut
590 4315 665 4363 neque
684 4299 741 4348 beeo
759 4299 839 4349 omnis
856 4298 915 4348 mihi
933 4311 1071 4364 competere
1088 4316 1195 4353 meorum
1212 4319 1284 4369 opum

104 4377 141 4437 eit,
155 4397 231 4448 neque
248 4381 369 4448 perlegere
386 4382 433 4432 mei
450 4382 564 4448 tempon's
