2978 4950
705 164 771 234 395

145 355 210 424 Hic
233 359 436 446 grammatici
459 358 498 423 ad
522 378 623 421 unum
647 378 756 422 omnes
779 354 913 423 Homeri
937 358 1112 425 doctrinam
1132 360 1241 423 mirari
1263 354 1338 442 Elpi-

144 485 240 530 curea
264 464 380 549 placita
404 464 646 549 praedicantem.
670 465 839 539 ἐγκαλοῦσι
861 464 892 528 δὲ
914 467 956 544 τῷ
980 465 1128 530 Ὀδυσσεῖ
1138 467 1337 544 Φιληδονόαν,

145 572 291 649 λέγοντες
315 572 370 644 την
394 570 567 635 ἀπόλαυσιν
591 571 678 640 τέλος
703 572 870 647 ἡγούμενον
893 576 946 635 τοῦ
971 571 1040 647 βιόυ
1060 573 1111 635 διά
1130 572 1255 636 τούτων.
1280 569 1335 655 (Q)

144 677 257 762 ltaque
286 677 430 759 fuerunt,
455 678 510 760 qui
539 675 713 741 Homerica
736 676 813 742 haec
837 678 987 742 audacter
1010 679 1048 743 de
1073 700 1130 744 suo
1155 686 1335 751 mutarent.

142 783 228 869 quod
260 783 501 848 Eratosthenem
533 782 644 847 fecisse
674 781 859 848 Athenaeus
891 786 982 849 nobis
1006 791 1116 850 auctor
1140 793 1198 850 est.
1239 789 1336 848 Ἀπο-

144 890 312 962 >αυστιιιός
335 889 368 953 δι’
391 892 458 953 ἐστι
482 886 557 967 παρ’
582 891 667 969 αύτῷ
693 888 861 973 (Homero)
885 890 936 953 sel
962 891 976 955 ό
1001 898 1058 956 τῶν
1084 893 1228 956 Φαιάιιιιν
1250 891 1335 968 βίος·

148 997 230 1076 „cisi
254 997 317 1074 γάρ
342 997 413 1072 ἡμῖν
438 995 503 1066 δαῖς
529 1020 564 1059 τε
589 995 667 1074 φίλη
692 994 805 1074 αι’όαρός
829 995 881 1059 τε”
905 997 958 1059 καὶ
982 998 1025 1060 τά
1051 995 1129 1072 ἑξῆς.
1157 1001 1240 1082 (post
1260 998 1337 1061 haec

145 1104 261 1170 desunt
284 1106 384 1168 nostri
408 1122 518 1168 versus
542 1102 580 1166 ab
604 1103 757 1167 oscitante
776 1104 984 1186 epitomatore
1004 1103 1130 1178 omissi,
1152 1103 1235 1188 quod
1258 1104 1336 1168 hene

145 1217 373 1296 perspexerunt
403 1210 597 1293 antiquiores
627 1210 826 1295 interpretes)
860 1208 964 1282 ἀέπη
994 1210 1210 1288 Ἐρατοσθένης
1234 1209 1337 1274 οὕτω

147 1317 389 1396 γεγράφθαι
414 1317 540 1396 φησίν

284 1427 317 1489 οὐ
341 1423 405 1501 ράρ
426 1422 532 1499 ἔγωγέ
557 1421 588 1485 τό
611 1431 695 1498 Φημι
720 1422 807 1492 τέλος
833 1422 1029 1503 χαριέστερον
1053 1419 1130 1489 εἶναι

284 1529 399 1604 ἢόταν
422 1526 590 1607 εὐφροσύνη
615 1531 671 1603 μὲν
695 1527 755 1607 ἔχη
781 1526 1004 1601 κακότητος
1031 1530 1229 1606 ἀπούσης,

284 1635 464 1711 δαιτυμόνες
489 1633 514 1698 δ’
538 1635 599 1698 ἀνά
622 1633 742 1709 δώματ’
768 1632 976 1713 ἀκουάζωνται
1002 1637 1120 1700 ἀοιδοῦ·

149 1744 342 1823 ,κακότητος
377 1741 531 1812 ἀπούσης”
563 1740 693 1820 φάσιιωυ
729 1749 784 1814 τῆς
816 1743 1001 1820 ἀφροσύνης.
1034 1743 1237 1808 ἀδύνατον
1263 1746 1340 1823 γάρ
1375 1804 1377 1808 1

148 1853 198 1926 μὴ
233 1850 454 1929 ciroleon<
491 1843 597 1910 εἶναι
635 1847 845 1929 Φαίακας,
880 1840 913 1919 οἳ
949 1848 1066 1923 μάλα
1102 1851 1222 1929 φίλοι
1259 1850 1339 1913 siri

148 1959 319 2038 όιοῖσιν,
357 1957 400 2024 ὦς
436 1954 453 2026 η
495 1953 719 2017 Ναυσικάα
755 1956 863 2030 φησί.
904 1955 992 2039 (Ath.
1031 1953 1063 2038 I,
1101 1977 1128 2019 c.
1155 1955 1198 2020 28
1233 1977 1263 2041 p.
1298 1955 1339 2020 16

147 2064 212 2149 d),
250 2083 313 2148 quo
346 2061 414 2126 loco
447 2062 575 2125 omnino
610 2080 683 2124 oum
720 2061 882 2125 veteribus
917 2060 1111 2126 editionibus
1146 2061 1337 2149 legendum:

148 2169 168 2236 ἀ
207 2171 266 2242 ἔτη
302 2166 514 2246 Ἐρατοσθένης
546 2165 643 2231 οὕτω
675 2168 752 2230 δεῖν
784 2169 1025 2247 γερράφόαι
1056 2170 1169 2247 Φησόν,
1202 2168 1284 2252 quod
1308 2175 1341 2233 et

147 2276 467 2362 Schweighaeuserus
501 2274 596 2338 habet
626 2281 659 2338 et
689 2273 839 2339 Lehrsius
863 2278 940 2341 haec
963 2277 996 2338 in
1023 2276 1204 2340 Aristarcho
1229 2278 1340 2339 citans.

147 2383 251 2449 Fuere
282 2388 442 2466 praeterea
472 2380 546 2455 alii,
573 2383 628 2464 qui
657 2380 716 2445 hoo
740 2378 861 2445 scilicet
885 2379 1034 2458 ἔγκλημα
1060 2382 1253 2452 modestius.
1277 2403 1341 2446 non

147 2487 332 2576 refingendo
362 2487 417 2552 sed
447 2486 697 2570 interpretando,
727 2486 825 2549 -id
860 2493 908 2551 eet
938 2508 1065 2552 sensum
1098 2491 1265 2553 verborum
1289 2488 1342 2553 vel

147 2596 285 2662 minime
317 2595 542 2680 ambiguorum
568 2593 758 2677 torquendo,
785 2631 826 2640 —
851 2593 975 2658 elevare
999 2595 1179 2671 studerent,
1205 2616 1341 2679 quorum

147 2704 313 2788 opiniones
344 2700 475 2787 collegit
499 2703 566 2765 sine
590 2701 688 2765 dubio
712 2700 906 2785 Porphyrius
930 2700 1045 2784 (Praei.
1072 2724 1100 2786 p.
1127 2704 1213 2786 avr),
1239 2705 1300 2767 etsi
1324 2724 1342 2767 e

147 2809 281 2873 scholiis
307 2814 432 2872 tantum
458 2807 662 2871 vehementer
685 2806 858 2870 decurtatis
880 2813 912 2870 et
933 2807 1193 2890 compendifectis
1214 2807 1343 2873 deeius

147 2914 364 2981 solutionibus
387 2920 528 2990 constat,
552 2933 632 2996 quae
656 2914 772 2996 pertim
798 2914 830 2975 in
855 2911 899 2990 Q,
924 2915 1042 2997 partim
1067 2916 1100 2976 in
1120 2913 1201 2996 ΒΗ,
1224 2917 1341 2998 partim

147 3024 184 3087 in
217 3019 244 3084 Τ
267 3018 428 3104 leguntur.
476 3018 564 3083 Haec
587 3039 744 3103 apponam
767 3018 820 3082 hic
844 3017 913 3106 illic
938 3020 1123 3105 corrigenda
1148 3021 1338 3107 adiungens:

146 3130 183 3193 ού
215 3126 338 3196 πάντυς
372 3124 600 3205 ἀποδεχόμενος
631 3125 682 3189 τόν
711 3130 843 3189 τοιοῦτον
875 3124 942 3201 βίον
963 3126 1105 3197 ἐπαινεῖ,
1130 3128 1219 3190 ἀλλά
1244 3127 1341 3204 ἀρμό·

147 3232 239 3314 ζεται
272 3232 379 3297 κατά
410 3234 461 3295 τόν
494 3232 632 3312 παρόντα
665 3231 765 3309 καιρόν
799 3231 872 3304 ὑπὲρ
903 3237 957 3295 τοῦ
987 3240 1096 3310 τυχεῖν
1121 3229 1159 3296 ὧν
1184 3233 1343 3310 ἐβούλετο.

146 3347 360 3418 προσποιεῖται
383 3335 433 3403 οὖν
457 3339 491 3402 τό
515 3337 712 3417 ἁβροδίαιτον
735 3336 931 3417 ἀσπάζεσθαι
957 3346 1014 3402 τῶν
1039 3338 1182 3402 Φαιάκιον
1207 3343 1342 3412 ἀκηκοὼς

145 3446 303 3524 λεγόντοιν
331 3447 411 3527 „cisi
435 3445 460 3509 δ’
488 3447 559 3518 ἡμῖν
583 3445 651 3516 δαῖς
676 3469 712 3508 τε
734 3444 813 3524 φίλη
836 3445 949 3523 κίθαρίς
969 3468 1004 3507 τε
1023 3446 1109 3524 χοροί
1128 3445 1192 3508 τε.”
1206 3447 1233 3530 (ό
1247 3444 1341 3529 248.)

148 3555 303 3622 Σέλευκος
329 3553 360 3614 δὲ
384 3554 439 3624 την
461 3552 647 3630 εὐφροσύνην
667 3547 717 3614 ότε
733 3548 771 3616 εὖ
791 3555 959 3630 Φρονοῦριεν
977 3551 1046 3614 καὶ
1066 3553 1121 3624 την
1143 3551 1341 3630 αύτάρκειαν,

144 3661 202 3730 ἵνα
234 3661 278 3736 μη
310 3659 461 3738 φαίνηται
493 3654 602 3732 κόλαξ.
651 3656 721 3721 Iam
755 3659 895 3742 primum
921 3659 1065 3721 omnium
1089 3678 1270 3741 perversum
1296 3664 1345 3721 est

146 3763 321 3847 ἀρριόζεται
345 3765 431 3828 κατά
455 3763 505 3826 τόν
527 3763 665 3844 παρόντα
685 3763 804 3842 καιρόν,
826 3763 909 3847 quod
932 3784 1025 3828 nemo
1046 3764 1127 3828 dixit
1140 3785 1195 3848 pro
1209 3763 1280 3843 πρὸς
1294 3764 1344 3827 τὸν

146 3872 267 3952 καιρόν.
315 3870 418 3936 lnstar
448 3873 594 3936 omnium
624 3869 841 3954 exemplorum
866 3873 910 3934 sit
933 3872 1138 3934 notissimum
1164 3869 1246 3935 lllud
1269 3869 1345 3935 Phr'·

146 3981 290 4051 lemonis
326 3977 468 4061 (Inoertt.
502 3976 599 4041 Fabb.
630 3976 744 4063 fragm.
778 3993 903 4040 hxmv
926 3997 956 4060 p.
985 3973 1049 4039 422
1073 3976 1247 4059 Meineh.):
1272 3979 1345 4055 πρὸς

144 4092 208 4162 την
233 4089 390 4162 παροῦσαν
415 4081 540 4146 πύντοό
564 4079 695 4160 ἀρμόζου
721 4081 833 4162 τύχην.
883 4080 954 4146 Ηου
975 4084 1077 4169 igitur
1097 4084 1205 4167 ipsum
1225 4085 1258 4146 in
1278 4088 1346 4147 tam

145 4193 311 4278 frequenti
336 4190 516 4255 confusione
541 4189 710 4254 verborum
734 4188 789 4252 καί
796 4238 804 4271 ,
830 4188 933 4265 κατα,
955 4187 1027 4269 πρός
1048 4190 1100 4254 hic
1112 4189 1345 4274 reponendum:

145 4298 246 4370 ἀλλ’
277 4293 444 4398 ἁρμόζεται
474 4297 569 4375 πρός
601 4294 652 4360 τόν
682 4295 822 4376 παρόντα
855 4294 955 4375 καιρόν
990 4297 1063 4377 ὑπὲρ
1097 4301 1150 4361 τοῦ
1176 4305 1284 4377 τυχεῖν
1309 4293 1347 4362 ὦν
