2978 4950
716 206 784 275 260

152 401 346 470 Plutarchus
380 400 452 468 sdv-
487 396 636 478 coloten,
668 420 700 484 p.
734 396 821 465 1107
854 399 898 466 F:
931 401 964 466 οὐ
988 401 1053 481 γὰρ
1075 400 1207 484 ἄγαμαι
1230 401 1266 469 τὸ
1286 405 1331 471 τοῖν

155 511 303 589 Νέστορος
340 506 462 572 ἑλέσθαι
497 506 561 571 δδυν
595 506 629 570 ἐκ
665 512 722 570 τῶν
759 504 845 571 ἐννέα
880 507 930 573 τὸν
962 505 1083 589 ἄριστον
1116 510 1167 576 έιτ1
1199 520 1239 594 τῇ
1262 510 1338 595 rim

154 617 331 694 ποιουμένου
371 616 422 679 καὶ
463 614 712 692 διακληροῦντος,
751 612 938 678 emendatus
977 634 996 679 s
1030 613 1151 683 Cobeto
1186 616 1340 684 Mnemos-

152 722 194 788 N.
229 722 260 788 8.
307 720 349 787 VI
383 743 413 807 p,
453 722 508 796 47,
540 727 573 785 et
607 722 674 805 ipse
718 721 829 785 eodem
871 726 905 783 in
949 720 1061 786 eedem
1103 743 1138 788 re
1178 724 1346 810 partieipio

152 840 256 896 utens.
302 827 390 894 Hnee
420 830 523 915 igitur
553 827 620 891 iem
649 829 684 891 in
715 829 877 914 integrum
907 829 1055 891 restituta
1090 836 1177 896 eunt.
1227 828 1276 895 At
1297 829 1348 895 ul·

153 939 237 1000 time
269 935 368 999 nostri
402 932 516 999 scholii
549 935 648 998 etium
682 953 767 997 nunc
799 934 935 1017 pessime
966 930 1120 998 laborent.
1168 934 1234 1015 Qui
1264 939 1350 1001 enim

152 1042 248 1107 dicit:
284 1041 340 1120 πρὸ
375 1044 478 1120 καιροῦ
503 1039 533 1103 δὲ
558 1039 572 1102 ό
596 1048 721 1119 κλῆρος·
747 1040 787 1104 οὐ
810 1041 874 1120 γὰρ
899 1039 929 1104 όν
952 1063 983 1103 τ.
1005 1040 1128 1119 χρείαις
1153 1038 1281 1107 ἕκαστα
1305 1043 1353 1107 δεῖ

153 1147 318 1232 πράττειν,
349 1147 432 1212 setin
454 1166 549 1211 senne
572 1148 600 1209 ie
623 1166 691 1211 sese
713 1142 895 1211 videbitur?
919 1144 999 1226 Quis
1021 1150 1108 1211 enim
1132 1168 1197 1215 non
1220 1170 1354 1215 eexeen·

154 1258 214 1320 ties
237 1263 269 1320 et
294 1254 375 1321 vidit
398 1263 430 1319 et
452 1255 619 1339 comperit,
644 1252 737 1338 plene
760 1264 870 1318 eontra
893 1249 980 1318 esee?
1004 1251 1084 1333 Quis
1105 1258 1209 1320 neseit
1234 1256 1353 1323 deusu-

154 1369 222 1427 tutu
245 1361 319 1426 illa:
344 1361 435 1441 Χρειύ
460 1361 553 1424 πάντ’
578 1360 714 1437 ἐδίδαξε,
737 1361 769 1423 σι’
792 1361 819 1424 δ’
844 1361 876 1424 οὐ
900 1360 992 1442 χρειώ
1017 1384 1068 1424 κεν
1088 1362 1226 1441 οὶνεύροι;
1245 1362 1352 1448 (Stob.

95 1539 103 1553 ,
153 1467 264 1533 Floril.
299 1466 361 1532 un
399 1465 472 1543 LX,
507 1467 525 1550 ξ
556 1465 623 1551 10.)
653 1474 685 1531 et
716 1465 944 1552 Euripideum:
976 1468 1069 1547 Χρεία
1101 1468 1261 1554 διδάσκει,
1292 1469 1354 1535 κᾶν

153 1573 271 1654 βραδύς
306 1598 352 1647 τις
389 1570 422 1658 ᾖ,
458 1571 562 1652 σοφόν.
598 1574 662 1656 (ep.
695 1570 783 1637 Stob.
815 1571 923 1637 Florii
956 1571 1020 1638 Tit.
1056 1573 1170 1639 XXIX
1203 1576 1223 1661 §
1256 1576 1354 1662 5511

152 1681 214 1746 Hie
248 1685 351 1769 igitur
385 1680 520 1745 dueibus
554 1699 667 1746 verum
698 1699 866 1744 eruemus:
899 1681 953 1760 σρδ
982 1686 1086 1762 καιροῦ
1114 1682 1148 1747 δὲ
1176 1682 1192 1745 ό
1221 1689 1353 1763 κλῆρος·

152 1785 252 1853 οὕτω
284 1787 347 1868 γόιρ
379 1787 409 1850 ἕν
440 1794 510 1858 σαῖς
534 1788 655 1867 χρείαις
679 1783 855 1859 ἕκαστος
878 1782 900 1851 ἃ
925 1787 988 1850 δεῖ
1010 1787 1198 1869 τρόττει.
1226 1786 1356 1876 Oppor-

151 1894 299 1958 tunitutie
333 1896 453 1965 vicem,
486 1893 608 1977 inquit,
640 1912 707 1979 sere
730 1893 869 1958 obtinet:
893 1894 940 1957 ite
962 1895 1068 1976 enirn,
1093 1893 1150 1959 ubi
1172 1913 1261 1980 opus
1284 1906 1354 1975 ent,

150 2002 367 2086 unusquisque
397 2001 466 2086 egit
488 1998 571 2084 quod
594 1992 754 2085 egendum
778 2005 836 2063 est.

196 2213 248 2278 ed
275 2218 425 2297 quartum
453 2209 573 2275 librum
605 2209 734 2275 reduces
766 2210 906 2293 primum
936 2209 1104 2276 videamus
1131 2209 1149 2275 δ
1172 2208 1265 2298 387,
1295 2216 1355 2281 ubi

151 2319 285 2384 Idothea
308 2318 481 2382 Homerico
504 2335 592 2381 more
616 2317 662 2380 111
683 2322 808 2401 petrem
830 2336 924 2380 enum
945 2316 1081 2382 indicet:
1104 2315 1156 2381 τδν
1174 2317 1210 2383 δέ
1230 2321 1355 2399 σ’ὲμόν

149 2433 247 2508 φασιν
282 2423 392 2504 πατέρ’
428 2423 561 2499 ἔμμεναι
605 2422 655 2495 set
698 2421 850 2486 τεκέσύαι.
903 2420 1068 2500 Moretur,
1105 2423 1160 2488 sed
1196 2424 1351 2505 brevius,

148 2535 259 2599 eudem
290 2531 501 2596 controversie
533 2539 627 2614 utque
657 2531 690 2593 in
725 2531 829 2613 primo
864 2525 946 2593 libro
981 2529 1124 2593 vidimus
1156 2531 1197 2596 de
1236 2534 1353 2601 eodem

147 2639 330 2706 Telemachi
360 2659 514 2722 responso.
548 2639 593 2700 Τὸ
623 2640 685 2713 γὰρ
720 2636 856 2714 „werin”
888 2636 1161 2716 οὶμφιβαλλούσης
1196 2640 1267 2705 έστδ
1295 2643 1351 2708 καὶ

149 2746 437 2823 διαιρουμένης
475 2743 540 2823 περὶ
571 2749 624 2807 τσῦ
650 2745 776 2822 πατρός.
804 2743 864 2826 (M)
889 2744 1062 2827 Aliquanto
1085 2748 1207 2811 rectius
1240 2749 1353 2829 διχο-

149 2856 315 2927 νοούσης
351 2853 491 2934 dieetur,
525 2860 561 2914 ut
592 2849 630 2914 ad
655 2874 677 2928 ρ
705 2849 1252 2934 117ισῠτε--1ιχᾋβσιζσμενι
1278 2860 1351 2922 ἀντὶ

151 2966 221 3038 τοῦ,
250 2961 303 3024 οὐκ
327 2961 546 3038 ε’διχονοοῦμεν.

197 3174 230 3251 δ,
264 3173 339 3237 404.
370 3175 472 3252 Ἀμφὶ
498 3172 530 3236 δέ
553 3195 606 3248 μιν
628 3175 731 3250 Φῶκαι
755 3169 875 3243 νέποδες
901 3181 1000 3247 καλῆς
1024 3175 1350 3265 ιὲλοσύδνηςΗόόρόαι

149 3279 292 3345 εὕδουσιν.
319 3277 500 3358 Quaeritur,
526 3297 588 3362 qno
612 3286 704 3361 paeto
728 3277 892 3361 epitheton
917 3287 1015 3352 καλῆς
1036 3284 1083 3344 sit
1100 3285 1351 3368 accipiendum:

149 3389 212 3463 ἤτοι
237 3396 292 3461 τῆς
317 3386 491 3465 εὐμόρφου,
517 3392 571 3456 τῆς
594 3384 759 3463 χρησίμου·
785 3418 804 3431 ·
820 3419 839 3433 ·
863 3386 952 3449 &Mi
981 3387 1015 3450 ’ἵό
1039 3388 1096 3464 μὲν
1119 3391 1352 3472 ἕῦμέρφθυιέἶ

149 3495 287 3575 Νηρηΐδα
321 3486 428 3563 εἶπες
461 3493 515 3565 τὴν
541 3491 743 3566 Ἀλοσύδνηι,
770 3494 823 3566 τὴν
848 3494 1057 3572 Ἀμφιτρίτην
1080 3498 1300 3574 καλουμένην·
1324 3501 1351 3565 εἰ

147 3604 179 3667 δὲ
210 3603 260 3665 ἐπὶ
294 3600 471 3676 όαλιὶσσης,
501 3599 536 3662 τὸ
562 3606 660 3673 καλῆς
686 3600 774 3673 ἦτοι
797 3600 960 3677 χρησίμου.
985 3600 1038 3684 (Ε)
1087 3600 1170 3667 Sunt
1195 3605 1279 3673 haee
1305 3609 1351 3672 iu

148 3707 385 3783 constituenda,
424 3743 463 3753 -
500 3704 582 3768 nihil
618 3705 703 3769 enim
734 3725 812 3789 opus
845 3713 892 3770 eet
928 3707 1159 3787 demonstrare,
1197 3713 1281 3796 quid
1317 3716 1351 3779 in

146 3819 187 3880 iis
221 3818 374 3881 vitiosum
405 3815 464 3888 sit,
492 3851 532 3859 -
567 3810 629 3885 ἦτοι
662 3820 715 3883 τῆς
747 3811 899 3891 εὐμόρφου
927 3810 970 3876 Ἢ
1003 3823 1057 3888 τῆς
1088 3819 1258 3895 χρησίμου.
1296 3855 1350 3870 --

147 3922 235 3986 οὶλλοὶ
266 3922 299 3985 τὸ
325 3922 381 3992 μὲν
405 3919 576 3998 εὐμόρφου,
602 3919 627 3982 εἰ
655 3918 792 3994 Νηρηΐδει
816 3913 899 3981 εἷπε
922 3919 975 3992 ‘rin
1000 3921 1185 3995 ’Λλοσύδνην
1215 3948 1298 3976 --·
1324 3927 1349 3992 εἰ

145 4028 177 4093 δὲ
208 4029 257 4091 έτὶ
291 4028 470 4109 ὐαλιὲσσης,
502 4025 536 4088 τὸ
569 4033 669 4098 καλῆς
701 4025 818 4089 ἔσται
843 4027 1010 4105 χρησίμου.
1057 4027 1206 4095 Breviter
1229 4031 1289 4097 sed
1315 4035 1348 4099 in

144 4135 275 4200 eandem
308 4135 497 4198 sententiam
522 4131 712 4217 Apollonius
736 4152 759 4194 s.
787 4152 837 4195 v.:
863 4133 1123 4208 Ἀλοσύδνηνε
1148 4138 1205 4210 τὴν
1230 4138 1263 4202 έν
1291 4126 1367 4204 οδλδ

143 4240 322 4325 σευιμένην,
352 4235 407 4304 οἷον
445 4237 579 4302 ἑνόλιον·
614 4237 753 4316 ,νέποδες
787 4246 886 4311 καλῆς
911 4240 1128 4315 Ἀλοσύδνης.”
1151 4245 1177 4307 σι’
1203 4244 1263 4321 μὲν
1289 4254 1347 4320 τῆς

143 4348 316 4424 όοιλοὶσσης,
350 4346 416 4410 ἔνιοι
448 4346 490 4410 δδ.
515 4354 569 4420 τῆς
594 4346 816 4428 Ἀμφιτρίτης,
840 4346 873 4408 in
896 4346 960 4411 aliu
985 4350 1094 4414 omnis
1116 4351 1237 4417 abeunt
1269 4351 1348 4441 Epi-
