2978 4950
691 162 757 238 898

128 358 399 438 subaudiendum,
415 382 475 427 non
489 361 664 437 Phaeaces,
680 398 722 409 -
736 365 772 424 ut
783 358 962 425 Prellerum
976 357 1123 424 ridemus
1135 353 1318 440 docentem,

128 504 169 517 -
183 468 239 533 sed
264 471 289 532 οἱ
313 468 367 532 στί
366 492 431 549 χοι.
469 467 637 532 Praeterea
648 470 757 551 quaeri
770 474 874 552 potest
886 515 895 548 ,
908 465 964 530 ubi
976 463 1194 530 Aristoniceae
1208 469 1317 539 notae,

128 592 225 659 quam
261 596 344 640 unus
375 574 402 639 Τ
434 577 593 661 integram
625 573 689 638 fere
721 573 811 637 nohis
844 573 1003 646 servavit,
1028 572 1133 637 exitus
1156 570 1319 655 ponendus

128 700 195 746 esse
219 679 376 746 videatur.
423 678 548 746 Collatc
570 680 713 745 eiusdem
743 678 862 744 scholio
886 676 925 743 ad
951 703 965 740 ν
992 675 1074 760 172,
1102 675 1165 743 173
1190 680 1320 762 apparet

128 786 257 852 desiisse
287 790 538 875 grammaticum
570 790 603 850 iu
636 787 704 850 his:
733 788 758 850 εί
783 785 814 849 δέ
838 783 934 862 ἔμαθε
958 783 1125 854 Ὀδυσσεὺς
1151 783 1203 847 τὸν
1223 806 1319 863 χρησ-

127 891 202 970 μίν,
227 895 281 957 οὐκ
305 891 344 957 ἂν
368 896 472 964 αὐτοῖς
495 891 685 969 imitareris
707 893 780 971 ιἰτέρ
801 891 994 966 atrebatii
1007 889 1161 962 ’Λλκίνοος
1175 887 1317 969 ἔπεμψεν

127 999 223 1063 αὐτὸν
256 1000 411 1081 ὑπερβολῇ
436 997 625 1079 φιλοξενίας.
662 994 894 1085 Corrigendum
918 999 951 1061 in
974 995 1044 1063 his:
1068 997 1094 1060 εί
1117 996 1143 1058 δ’
1167 993 1320 1071 έμαίεν

127 1111 159 1170 ct
182 1105 227 1169 τοῖ
252 1106 343 1186 περί
369 1107 475 1170 αὐτοῦ.
521 1104 664 1170 Tandem
697 1125 777 1189 quae
809 1104 922 1169 abhinc
952 1108 1144 1187 sequuntur,
1168 1102 1233 1167 iam
1256 1123 1319 1167 non

127 1210 167 1277 sd
202 1211 421 1277 Aristonicum
456 1214 631 1297 pertinent,
657 1211 710 1276 scd
736 1212 852 1275 misera
875 1216 950 1274 sunt
974 1209 1151 1296 fragmenta
1176 1208 1319 1293 disputa·

127 1319 225 1384 tionis
249 1318 486 1405 Porphyrianae
507 1317 689 1383 Aristarcho
709 1317 872 1382 subtiliter
891 1315 1108 1400 obloquentis,
1131 1317 1222 1380 caius
1244 1319 1322 1380 satis

127 1424 242 1490 uberes
271 1424 422 1509 reliquias
452 1431 659 1491 servaverunt
690 1423 730 1489 ad
754 1445 800 1489 vs.
827 1422 892 1489 567
917 1422 997 1505 HQ,
1021 1422 1059 1486 de
1083 1424 1199 1506 quibus
1224 1443 1320 1508 supra

127 1551 158 1616 p.
183 1529 249 1596 321
276 1534 415 1617 egimus.

173 1745 208 1822 t,
234 1742 310 1809 567.
356 1741 432 1808 Ὀτι
467 1744 481 1807 ί
520 1743 665 1809 Ποσειδῶν
695 1739 764 1809 εἶπέ
796 1767 872 1808 ποτε
905 1740 951 1808 ὅτι
983 1746 1081 1823 φίερῶ
1113 1748 1169 1819 την
1193 1749 1321 1827 εὐεργέα

127 1852 187 1917 τῶν
213 1853 354 1925 Φαιήκων
380 1858 437 1924 νῆα
462 1849 654 1931 ὀργιζόμενος
680 1851 729 1916 διὰ
753 1850 788 1914 τί
812 1860 903 1915 πλεῖν
926 1852 1039 1915 τούτων
1063 1853 1122 1924 τοὶς
1147 1863 1217 1927 νηας
1242 1857 1322 1931 rimi·
1381 1899 1389 1912 .

126 1980 245 2035 μονας,
281 1957 381 2036 φίίνῳ
416 1955 539 2028 πάντας
563 1957 844 2034 βαλλομένας.
868 1957 956 2042 (HQ)
1002 1956 1079 2038 Quis
1103 1980 1241 2044 unquam
1265 1969 1322 2026 aut

126 2064 257 2129 audivit
289 2070 345 2128 aut
375 2064 458 2128 vidit
490 2084 604 2129 navem
630 2060 728 2143 φίίνιρ
753 2061 972 2140 βαλλομένηνί
996 2063 1076 2130 Vera
1100 2064 1195 2131 lectio
1218 2075 1266 2132 est
1290 2069 1322 2132 in

126 2170 160 2235 H
191 2170 253 2234 sub
286 2174 411 2234 textum
441 2168 600 2256 relegata:
626 2170 725 2250 φίίνῳ
748 2170 871 2244 πάντως
895 2170 1181 2248 βαλλόμενος,
1206 2176 1323 2238 invidia

126 2283 243 2354 ίυοίοιο,
262 2287 424 2359 permotus.

173 2490 209 2572 ί,
235 2486 313 2554 579.
346 2488 432 2554 Πείνυ
459 2488 489 2553 δὲ
513 2488 745 2569 φιλάνθρωπος
770 2491 784 2554 ί
809 2490 964 2562 ’Λλκίνοος
989 2491 1131 2572 τοπάζων
1155 2494 1247 2557 αὑτὸν
1272 2508 1323 2559 λυ·

126 2594 277 2669 πιίοειν
313 2595 362 2658 ἐπὶ
399 2605 438 2676 τῇ
474 2595 587 2659 οἶλιίσει
622 2605 676 2670 τῆς
708 2595 801 2660 Ἰλίου
837 2601 981 2674 πειροῖται
1016 2599 1109 2663 αὐτὸν
1141 2609 1322 2679 παρηγορεῖν

126 2701 298 2780 ἡγούμενος
331 2701 425 2766 αὑτὸν
457 2703 520 2767 sixt
552 2704 643 2766 Ἰλίου
667 2709 792 2780 φυγεῖν.
818 2701 871 2787 (Τ)
896 2703 1104 2770 Adiectivum
1128 2708 1192 2771 ism
1218 2709 1325 2773 minus

126 2813 243 2894 aptum
276 2813 339 2884 est,
372 2807 427 2874 sed
459 2809 606 2872 futurum
639 2811 781 2874 activum
814 2811 962 2882 λυπήσειν
989 2831 1117 2895 prorsus
1140 2812 1323 2878 ridiculum.

126 2912 290 2998 interpres
319 2921 413 2978 retus
446 2916 631 2998 scripserat:
664 2913 745 2979 ποίνυ
778 2915 809 2979 δέ
841 2917 1105 2995 φιλανθρώπως
1131 2919 1145 2981 ί
1170 2917 1325 2989 ’Λλκίνοος

125 3008 273 3100 τοπάζων
306 3018 399 3083 αὐτὸν
431 3020 652 3085 λυπεῖοίαι
687 3021 736 3085 leri
769 3031 807 3102 τῇ
839 3019 953 3086 οίλιίσει
981 3030 1036 3096 τῆς
1063 3025 1156 3088 Ἰλίου
1180 3029 1324 3104 πειρᾶται

125 3127 225 3193 αὐτὸν
251 3134 449 3206 παρηγορεῖν.

172 3341 209 3410 ί,
236 3335 314 3401 585.
500 3337 588 3401 Ἐπεί
613 3338 646 3402 οὔ
670 3336 727 3413 μέν
751 3361 780 3401 τι
805 3342 999 3416 κασιγνήτοιο
1022 3342 1148 3422 χερείων

345 3441 512 3521 γίγνεται,
538 3438 569 3515 ίς
595 3467 644 3507 κεν
670 3444 788 3524 ἑταῖρος
813 3445 867 3509 έων
891 3449 1072 3523 πεπνυμένα
1096 3448 1168 3530 είδῇ.

125 3550 304 3617 {insuetur
326 3548 552 3634 philosophum
578 3569 691 3636 agens:
717 3549 878 3627 δαιμονίως
900 3552 1043 3628 ἐνέστητε
1064 3555 1106 3618 τοὶ
1126 3562 1182 3628 τῆς
1203 3554 1328 3633 φιλίοις.

125 3657 252 3736 ἀγαθὸς
286 3654 349 3734 γὰρ
382 3656 474 3734 φίλος
506 3653 633 3733 εὑρεθείς
658 3657 741 3720 οὐδέν
766 3657 907 3736 οίδελφοῦ
931 3659 1000 3724 οὔτε
1027 3661 1056 3724 έν
1080 3670 1119 3740 τῇ
1143 3663 1235 3744 χρείᾳ
1258 3661 1329 3725 οὔτε

125 3766 224 3840 ieri
250 3763 340 3840 ἡδονῇ
364 3759 514 3840 διαφέρει.
540 3759 593 3845 (Τ)
627 3760 770 3827 Solemni
794 3766 875 3828 vitio
898 3771 1064 3849 peccatum
1092 3773 1140 3831 est
1163 3787 1236 3851 pro:
1261 3769 1329 3832 δαι·

125 3870 240 3942 μονίως
273 3865 501 3940 συνέστησε
531 3867 572 3929 τὰ
597 3875 652 3940 τῆς
678 3872 800 3944 φιλίας.
849 3869 970 3936 Eodem
996 3871 1136 3937 remedio
1159 3876 1192 3936 in
1218 3874 1329 3939 eodem

124 3977 242 4045 morbo
277 3977 397 4038 iterum
435 3971 590 4036 utendum
621 3973 660 4036 ad
690 3997 699 4036 ι
734 3973 820 4059 348,
854 3977 910 4041 ubi
942 3976 1054 4045 Ulixes
1080 3981 1193 4043 vicum
1219 3979 1330 4045 laudat

124 4080 269 4172 'chlcpi
300 4078 461 4144 oblatum:
495 4077 680 4154 ἀξιοπίστως
713 4082 864 4156 ένίστηοιν
898 4085 1024 4170 ἑαυτόν,
1058 4085 1108 4149 ε’πί
1141 4095 1180 4164 τῇ
1204 4087 1329 4165 πρίοίεν

124 4187 311 4269 ιῦέαιραονίρι
343 4183 599 4266 προσποιούμενος
632 4186 809 4269 έπελπίζειν
835 4194 985 4271 σωτηρίας
1009 4191 1081 4268 παρ’
1104 4192 1200 4255 αὐτοῦ
1225 4192 1330 4270 τεύξε·

124 4301 214 4375 σίας,
256 4289 330 4374 ὅπερ
365 4293 479 4375 οίφςίρει
516 4295 622 4355 πᾶσαν
659 4292 818 4367 ε’πιίέσεως
856 4295 1007 4363 ὑπόνοιαν.
1057 4297 1099 4362 lit
1131 4296 1208 4364 hsec
1239 4299 1330 4368 sx'I'
