2978 4950
637 244 700 311 145

116 462 156 522 γ,
181 432 257 502 332.
288 432 425 522 Magnas
456 439 742 522 grammaticorum
776 444 808 501 et
830 442 976 503 veterum
1000 441 1032 501 et
1055 441 1264 504 recentiorum

64 546 287 613 contentiones
314 543 469 609 excitarit
498 541 581 626 quod
605 541 722 608 Nestor
743 543 836 608 dicit:
862 544 938 608 ἀλλ’
963 541 1025 621 σ’θγε
1049 543 1185 621 τέμνετε
1209 546 1266 620 μέν

68 654 240 732 γλώσσας,
273 647 424 728 κερέασθι
448 647 479 712 δέ
504 643 586 711 οἶνον.
634 647 696 727 Qui
721 670 791 718 rnos
813 652 860 714 ita
884 649 1051 734 exponitur
1074 652 1107 714 in
1132 648 1178 714 V:
1204 649 1265 721 ἔθος

68 756 106 833 ἦν
146 758 333 838 τρεπομένοις
365 754 437 832 πρὸς
470 753 504 817 τθ
536 754 691 819 καθεύδειν
714 763 771 821 τῶν
795 757 906 834 ἱερείων
930 757 988 825 τοὶς
1012 756 1159 833 γλώσσας
1184 759 1264 822 οθπο-

69 863 195 941 πέμιειν
230 861 282 927 καθ
320 864 416 926 καίειν
447 868 510 931 τοῖς
541 862 615 931 θεοῖς
646 871 730 934 τοῖς
759 861 884 939 λθγου
916 862 976 947 (ita
1006 884 1044 927 ex
1074 861 1262 928 Buttmauni

69 971 274 1055 donecdone)
308 967 637 1046 ἐπιμελομένοις.
671 967 713 1034 διὸ
746 970 797 1033 καθ
830 970 880 1035 ἐπὶ
909 971 1001 1045 μένοις
1033 977 1088 1043 τῆς
1112 971 1262 1049 Νέστορος

70 1078 181 1148 θυσίας
204 1077 320 1156 εἴρηται
341 1075 376 1140 πθ
398 1075 470 1147 έθος.
493 1076 595 1149 εὔηθες
616 1075 678 1157 γοθρ
699 1075 733 1140 τέ
754 1078 874 1153 λέγειν,
896 1076 1029 1152 σύντεμε
1050 1077 1119 1148 τοὺς
1142 1073 1263 1154 λθγους.

72 1183 129 1248 Ad
161 1188 232 1249 haec
260 1183 359 1248 rerba
390 1181 606 1247 Buttmannus
630 1189 663 1248 et
685 1182 868 1271 Dindorfius
893 1182 1074 1248 Heinrichii
1098 1183 1266 1248 cniusdam

71 1287 222 1356 adserunt
240 1294 349 1355 notam
362 1288 495 1354 hancce:
512 1289 628 1364 „verba
640 1299 701 1359 τοῖς
716 1290 810 1368 λόγου
824 1289 1052 1366 ἐπιμελομένοις
1066 1309 1128 1354 non
1141 1290 1179 1355 ud
1192 1289 1277 1355 deos·

69 1399 248 1481 pertinere,
281 1395 336 1462 sed
366 1395 531 1461 cohaerere
557 1397 648 1467 Ἔθις
677 1393 710 1470 ἦν
733 1406 796 1467 τοῖς
820 1398 916 1474 λθγου
940 1396 1173 1473 ἐπιμελομένοις
1198 1417 1286 1467 οοο-,

68 1500 235 1593 tissimum
269 1507 318 1568 ast
348 1507 420 1566 tum
452 1522 491 1567 ex
515 1506 687 1581 sententis,
711 1510 781 1569 tum
807 1525 845 1569 ex
868 1523 904 1568 eo
929 1503 1011 1587 quod
1035 1505 1198 1588 sequitur,
1223 1502 1264 1571 tet

65 1606 128 1671 nat
158 1616 232 1677 etc:
263 1615 301 1675 ut
333 1630 406 1675 sana
437 1607 570 1686 melius,
602 1612 749 1694 quamv-is
774 1609 826 1676 vel
849 1613 894 1675 sic
917 1630 979 1675 non
1003 1612 1141 1694 optime,
1166 1617 1266 1676 strue·

63 1720 185 1782 rentur
205 1716 249 1783 eie
273 1716 387 1783 verba:
409 1716 500 1786 Ἔθος
524 1713 557 1790 ἦν
578 1724 640 1787 τοῖς
662 1733 693 1782 λ.
717 1717 967 1794 ἐπιμελομένοις,
989 1717 1182 1794 τρεπομένοις
1194 1716 1265 1780 -''.

62 1812 262 1895 Verberon
288 1821 383 1900 λόγου
407 1821 635 1899 ἐπιμελομένοις
658 1844 720 1888 non
745 1824 784 1888 ad
809 1824 882 1889 deos
900 1825 1055 1909 pertinere
1073 1826 1100 1886 si
1121 1843 1176 1907 pro
1196 1827 1265 1887 uni-

61 1942 168 1995 Versa
196 1933 406 2015 interpretum
430 1931 590 1995 sententia
612 1930 726 1995 habuit
747 1929 972 2005 Heinrichius‚
997 1928 1129 1994 fallitur.
1155 1928 1266 1994 Fuisse

61 2034 181 2120 enim,
215 2038 271 2122 qni
305 2036 449 2102 Nestoris
482 2038 581 2100 ritum
612 2036 670 2101 hoc
693 2039 762 2122 ipso
785 2037 880 2101 modo
904 2041 1111 2121 exponerent,
1136 2042 1266 2120 apparet

60 2141 99 2198 0t
143 2163 178 2208 ex
199 2141 326 2208 Scholia
349 2143 384 2206 in
406 2141 451 2215 Ε,
477 2163 494 2206 e
514 2141 685 2228 Porphyrii
709 2143 923 2227 disputatione
947 2141 1137 2226 quibusdam
1161 2146 1267 2206 tamen

60 2251 271 2315 extrinsecus
293 2248 422 2313 adscitis
439 2257 603 2332 excerpto,
625 2249 708 2332 quod
728 2250 751 2313 i.
769 2269 796 2313 a.
818 2254 849 2313 et
869 2248 927 2313 hoc
945 2247 1057 2312 habet:
1082 2248 1140 2315 πέος
1165 2246 1267 2323 γλώσ-

61 2368 138 2423 Μς
161 2355 220 2435 γθιρ
241 2355 286 2436 τῷ
305 2357 403 2435 Ἐρμῇ
424 2355 575 2419 οθνετθθουν
599 2357 637 2424 dc
663 2357 760 2434 ἕΦθρῳ
784 2359 836 2419 τοῦ
859 2354 973 2438 λόγου,
999 2360 1031 2419 et
1055 2375 1093 2418 ex
1117 2356 1268 2437 interpre-

62 2454 167 2527 tibus
196 2463 236 2528 ad
268 2461 489 2548 Aristophanis
520 2460 653 2526 Plutum
686 2482 733 2526 vs.
768 2461 869 2528 1110:
895 2462 912 2535 ἡ
937 2462 1070 2538 γλῶττα
1095 2461 1135 2540 τῷ
1160 2459 1264 2538 κήρυκι

64 2564 190 2634 τούτου
216 2568 383 2645 τέμνεται,
414 2568 469 2633 ubi
492 2569 514 2632 i.
538 2587 566 2632 a.
592 2567 749 2655 legimns:
774 2568 1010 2647 Καλλίστρατος
1037 2573 1094 2631 τῶν
1118 2566 1265 2643 θυομένων

65 2670 158 2743 Φησὶ
188 2676 248 2750 τοὶς
284 2672 431 2752 γλώσσας
467 2683 529 2746 τοῖς
566 2672 687 2754 κήρυξιν
724 2676 949 2752 οέπονὲμεσθοοι·
986 2672 1045 2738 διὸ
1088 2673 1157 2737 καὶ
1200 2673 1265 2735 τὸν

67 2784 246 2856 1Ιίοιιρτθιι
289 2783 339 2862 τῷ
382 2784 501 2860 Ἐρμῇ
539 2791 670 2846 ποιεῖν
705 2782 964 2858 πεμνομένας
1001 2779 1150 2861 αὐτοές,
1186 2798 1265 2862 quae

70 2893 219 2953 nostrum
244 2887 405 2974 Odysseae
427 2886 533 2952 locum
559 2891 712 2972 respicere
735 2891 800 2953 iam
826 2888 991 2953 adnotavit
1014 2885 1189 2961 Kiisterus‚
1215 2891 1264 2960 et,

72 2993 165 3068 qnod
196 3015 264 3059 rem
295 2991 434 3070 coniicit,
466 3015 505 3058 ax
531 2993 632 3079 ipsius
656 2993 775 3059 Scholii
798 2993 930 3081 Vulgati
954 2991 1007 3075 (V)
1033 2990 1109 3067 line,
1134 2991 1264 3068 λέγεται

76 3089 107 3157 dl
141 3098 277 3165 ’λτπικθν
302 3095 433 3165 εἶναιτὸ
455 3100 516 3168 ἔθος
537 3101 639 3177 λαβὸν
659 3103 713 3172 πῖον
737 3102 837 3180 ἀρχὴν
859 3101 1005 3174 ἐντεῦθεν,
1026 3097 1108 3183 quod
1131 3097 1180 3162 vel
1200 3100 1266 3162 sina

80 3195 257 3273 Heinriohii
288 3205 498 3294 explicatione
529 3206 707 3294 significare
739 3214 886 3293 apparet:
923 3206 1031 3288 „hinc,
1058 3226 1096 3267 ex
1121 3203 1179 3268 hoo
1203 3207 1268 3268 ritu

82 3302 249 3392 deenen&
274 3336 310 3381 ao
333 3313 450 3378 melius
470 3314 594 3379 fecisset
613 3313 818 3379 Heinrichius
838 3316 864 3378 si
876 3313 928 3377 his
941 3313 1045 3377 verbis
1059 3331 1077 3375 a
1089 3306 1268 3374 Scholiasta

84 3424 187 3486 nostro
206 3442 327 3488 morem
343 3419 495 3492 in,Pluto
513 3421 690 3486 indicatum
711 3423 823 3507 respici
845 3418 1062 3506 significasset.
1087 3415 1146 3481 Sed
1160 3418 1268 3483 missis

10 3552 15 3569 ι
67 3513 157 3617 lis,
182 3529 237 3593 hoc
267 3548 382 3592 verum
413 3533 475 3603 est,
510 3529 543 3591 in
574 3530 677 3611 priore
709 3549 744 3592 ac
773 3529 896 3613 potiore
920 3523 1040 3589 Scholii
1065 3544 1102 3588 ex
1126 3521 1157 3583 V
1181 3528 1269 3606 parte

10 3652 20 3689 ι
90 3643 154 3693 non
173 3632 206 3699 de
227 3634 287 3700 diis
310 3653 487 3699 sermonem
512 3654 577 3697 esse
602 3633 655 3697 sed
678 3634 716 3699 de
739 3633 923 3699 hominibus
943 3631 1104 3705 facundis,
1123 3634 1269 3712 recteque

93 3743 238 3807 nonnoso
261 3740 502 3823 Heinrichium,
529 3739 562 3803 id
586 3739 639 3804 vel
659 3740 763 3805 uerbis
783 3740 826 3804 tet
847 3763 873 3802 κ.
898 3739 947 3800 έπθ
961 3736 1052 3813 μένος
1066 3760 1095 3798 π.
1118 3733 1269 3812 Νέστορος

97 3837 190 3917 θυσίαι
218 3849 333 3929 εθριιται
364 3851 398 3910 τὸ
429 3847 491 3917 scos
523 3849 600 3911 satis
632 3846 793 3911 declarari
842 3843 932 3924 Quod
964 3844 992 3907 si
1022 3846 1068 3907 ita
1103 3850 1168 3920 est,
1204 3846 1268 3914 τοῖς

10 3968 33 4012 ³
102 3941 166 4020 θεοῖο
184 3965 240 4028 τοῖς
266 3953 360 4033 λθγου
384 3954 628 4031 ἐπιμελομένοις,
656 3973 735 4037 qnae
759 3953 855 4019 verba
875 3950 980 4035 quivis
996 3950 1080 4014 inter
1096 3949 1269 4037 legendum

10 4063 36 4119 le
105 4058 253 4149 coniugii
283 4082 357 4127 cnm
390 4060 609 4147 coniungenda
641 4079 703 4123 non
735 4061 818 4141 sint,
849 4060 894 4122 aio
925 4077 964 4121 ne
997 4055 1035 4119 ab
1057 4055 1270 4121 infantissimo
1320 4129 1323 4136 ¹

10 4180 39 4225 rx
82 4137 215 4235 'laidem
242 4168 393 4253 scriptore
424 4188 460 4232 ac
489 4166 582 4251 plane
615 4164 732 4231 Graece
761 4164 958 4230 balbutiente
989 4163 1064 4246 poni
1087 4167 1270 4246 potuerunt.

10 4285 41 4330 αι
111 4255 256 4340 Videamus
278 4296 363 4339 nunc
386 4274 462 4358 quid
484 4273 606 4338 codices
629 4273 809 4356 praebeant.
842 4268 1033 4335 Bodleianns
1057 4266 1271 4357 Vulgatorum
1299 4261 1301 4265 ’

115 4361 200 4442 Codex
226 4379 276 4465 (Ο)
308 4381 362 4446 dat
396 4380 464 4454 τοὺς
495 4379 606 4457 λέγον,
632 4378 748 4445 Aldina
771 4377 868 4445 editio
897 4375 967 4448 τοὺς
990 4374 1119 4452 λθγους,
1139 4382 1272 4460 uterque
