2978 4950
648 249 714 321 273

84 455 139 520 riti
170 457 202 519 et
232 447 308 528 filii,
338 451 393 514 τοῦ
417 446 452 523 tt,
475 445 536 526 ἐγὼ
561 443 614 509 καί
638 445 762 521 μᾶλλον
785 441 929 524 ὀδύρομαι
953 440 1027 521 ἤπερ
1051 439 1173 507 ἐκείνου.
1219 444 1270 511 Ad

84 581 164 645 quae
196 561 230 624 in
264 555 320 638 PQ
354 555 432 620 haec
465 552 621 618 habemus
644 550 825 616 observata:
850 550 1029 628 γυναικείως
1054 549 1096 628 τῷ
1121 546 1193 624 ἤθει.
1218 549 1271 614 καί

84 669 148 745 γοὶρ
183 667 208 730 εί
244 664 286 729 τοὶ
322 663 467 739 μοίνιιστα
497 656 657 736 στέργουσι
688 656 758 728 τοὺς
790 653 922 735 ἄνδρας,
956 655 985 718 έν
1017 661 1079 727 τοῖς
1114 653 1187 736 ὑτέρ
1215 655 1276 720 τῶν

84 775 195 853 ψυχῶν
220 768 361 842 κινδύνοις
385 771 510 846 μᾶλλον
534 763 608 841 ὑπὲρ
630 767 689 826 τῶν
713 760 822 827 τέκνων
846 762 1023 839 οίγοινιῶσιν.
1057 760 1275 828 Levissimum

84 885 132 945 est
162 881 197 944 in
225 878 276 943 his
307 879 493 962 peccatum,
524 891 583 936 nec
614 875 722 935 tamen
754 871 822 934 sine
845 867 1117 934 animadversione
1140 873 1277 954 praeter·

84 984 291 1051 mittendum.
338 981 433 1046 Edita
468 978 555 1042 enim
590 974 673 1041 illud
709 975 836 1053 dicunt,
873 974 957 1059 qnod
987 995 1061 1041 sane
1091 996 1277 1060 perversum

85 1099 149 1167 est,
175 1092 325 1167 feminas,
351 1089 378 1152 si
402 1085 536 1151 maritos
561 1103 657 1168 quam
680 1083 820 1147 maxime
840 1079 982 1168 diligunt
1001 1101 1091 1158 suos,
1111 1082 1145 1146 in
1164 1082 1278 1167 capitis

84 1197 225 1286 periculo
259 1197 378 1261 maiore
412 1194 445 1256 in
480 1190 596 1256 liberos
627 1191 758 1254 caritate
789 1186 900 1252 teneri.
946 1187 990 1252 At
1022 1207 1085 1253 non
1115 1187 1175 1254 hoc
1206 1188 1279 1256 vult

85 1307 236 1390 scriptor,
270 1301 325 1367 sed
363 1297 502 1383 „etiamsi
532 1297 665 1362 maritos
696 1315 793 1379 quam
824 1295 966 1359 maxime
993 1293 1171 1382 diligant,''
1195 1297 1280 1381 quod

87 1409 208 1478 Graece
238 1405 461 1474 tantummodo
493 1405 538 1468 sic
566 1402 708 1468 dicetur:
732 1399 785 1465 καί
809 1400 873 1480 γὰρ
896 1400 921 1465 εί
948 1399 1042 1487 (καί)
1067 1400 1110 1467 τοὶ
1132 1400 1279 1480 μάλιστα

88 1518 248 1599 στέργουσι
273 1515 343 1586 τοὺς
367 1510 497 1592 ἄνδρας,
523 1545 564 1558 --
590 1511 715 1586 μᾶλλον
740 1507 812 1588 ὑιιέρ
836 1508 895 1575 τῶν
917 1506 1028 1572 τέκνοιν
1053 1509 1233 1587 οίγοινιῶσιν.

128 1728 160 1807 δ,
187 1726 264 1794 841.
300 1728 350 1794 Ad
377 1725 483 1800 νυκτὸς
509 1725 641 1803 ἀμολγῷ
665 1722 783 1808 duplex
806 1724 1025 1807 interpretatio
1047 1743 1114 1789 ease
1134 1725 1278 1806 videtur,

84 1835 185 1903 altera
208 1835 301 1901 alteri
324 1837 371 1901 ita
394 1852 594 1920 repugnans,
619 1834 657 1895 ut
680 1831 710 1894 ei
728 1849 855 1915 prorsus
875 1828 1079 1895 contradicat.
1103 1828 1139 1895 ln
1158 1831 1279 1914 uHQD

84 1945 146 2007 cst:
174 1942 204 2005 ἐν
228 1951 267 2023 τῇ
291 1945 345 2005 τοῦ
372 1939 568 2019 μεσονυκτίου
592 1934 670 2018 cipp,
696 1935 765 1999 καθ’
790 1924 823 2007 ἣν
843 1932 920 2014 ιὀρα
937 1934 1162 2013 συμβέβηκεν
1179 1938 1280 2017 οίμέλ·

84 2048 198 2125 γεσθαι
224 2047 268 2112 τοὶ
292 2046 364 2127 ζῷα.
412 2045 536 2111 Mirum
561 2050 705 2128 tempus,
732 2041 833 2118 dices,
858 2039 1026 2129 mulgendi
1045 2063 1168 2127 pecora.
1217 2043 1280 2112 Sed

85 2154 273 2232 videamus,
300 2173 430 2238 ecquam
455 2150 553 2217 aliam
578 2147 822 2234 explicationem
846 2145 925 2212 alibi
947 2150 1151 2233 reperiamus.
1197 2151 1280 2219 Ecce

85 2263 196 2326 statim
220 2260 302 2325 infra
326 2281 364 2325 ax
388 2257 477 2323 HPV
502 2257 579 2322 haec
603 2253 772 2343 leguntur:
798 2254 828 2318 ἐν
851 2262 890 2336 τῇ
914 2258 968 2318 τοῦ
992 2256 1190 2331 μεσονυκτίου
1207 2255 1278 2343 ὥρα.

87 2367 139 2432 καί
172 2365 238 2431 ἔστι
270 2366 357 2432 κατοὶ
380 2366 415 2430 τὸ
439 2362 549 2441 ἔτυμον
574 2361 639 2438 ἤτοι
663 2362 816 2445 οίμολγῷ,
840 2361 909 2425 καθ’
932 2358 967 2436 ἣν
991 2358 1068 2439 ὥραν
1091 2361 1279 2441 συμβέβιικε

86 2476 136 2550 μίι
161 2472 358 2551 ἀμέλγεσθαι
383 2472 426 2537 τίν
451 2469 513 2551 ζῷα
537 2485 608 2535 κτλ.
634 2467 746 2554 Itaque
768 2470 802 2533 in
824 2467 936 2534 eodem
958 2466 994 2533 H
1018 2469 1123 2542 νυκτὸς
1146 2472 1306 2559 οίμολγῷ·

79 2586 217 2664 tsmpus
252 2585 315 2654 est,
352 2599 414 2664 quo
449 2597 562 2663 pecora
599 2574 788 2663 mulgentur
821 2581 853 2639 et
887 2594 949 2659 qno
983 2594 1045 2640 non
1079 2575 1277 2665 mulgentur.

87 2685 177 2768 Quae
208 2684 343 2751 mirifica
365 2688 399 2750 in
421 2683 532 2750 eodem
559 2680 710 2749 vocabulo
733 2681 967 2768 interpretando
990 2683 1196 2751 contradictio
1219 2690 1279 2754 etsi

86 2813 142 2878 per
174 2812 207 2856 se
236 2790 320 2856 nihil
350 2791 446 2856 habet
477 2811 533 2855 cur
556 2791 747 2875 scripturam
771 2789 920 2854 vitiatam
944 2788 1129 2865 credamus,
1155 2797 1192 2857 ut
1214 2798 1280 2861 sta·

86 2901 149 2963 tim
180 2897 378 2974 videbimus,
412 2897 466 2962 hic
497 2903 605 2962 tamen
636 2894 716 2960 aliae
743 2895 896 2961 accedunt
918 2915 1049 2974 causae,
1073 2897 1189 2982 quibus
1212 2921 1280 2986 per·

86 3025 291 3081 moveamur,
321 3025 384 3071 non
419 3003 524 3069 solnm
560 3009 597 3068 ut
627 2998 686 3081 ἄρα
721 3008 885 3069 mutemus
907 3004 941 3067 in
964 2999 1041 3082 οίροιν
1063 3004 1148 3088 quod
1170 3004 1200 3070 D
1223 3007 1281 3074 ob·

86 3111 179 3188 tulit,
204 3110 381 3176 sedetiam
409 3111 527 3194 absque
551 3107 610 3174 tali
633 3108 753 3174 auxilio
777 3108 1006 3175 rescribamus:
1032 3111 1101 3175 καθ’
1125 3101 1158 3183 ἣν
1181 3108 1283 3192 ίίραν

86 3214 279 3294 συμβέβηκε
314 3219 365 3294 μὴ
400 3216 598 3294 οίμέλγεσθαι
631 3216 675 3279 τοὶ
699 3213 772 3294 ζῷα.
819 3214 947 3280 Etenim
972 3217 1060 3300 prius
1083 3222 1228 3284 nostrum
1252 3227 1286 3288 et

88 3321 226 3388 alterum
250 3321 409 3387 scholium
433 3342 543 3388 revera
566 3344 656 3385 ιιιιιιιο
679 3323 810 3401 uaeque
833 3328 926 3397 sunt,
951 3323 985 3384 in
1004 3320 1123 3404 IlHQD
1144 3330 1285 3394 contrae-

88 3429 153 3494 tius
188 3435 369 3507 servatum,
404 3429 520 3494 melius
544 3428 737 3512 uberiusque
759 3430 793 3492 in
815 3426 919 3493 HPV.
968 3427 1059 3508 Quod
1082 3450 1145 3514 quo
1169 3432 1285 3500 clarius

89 3540 256 3621 appareat,
298 3541 471 3621 utrumque
512 3541 617 3600 totum
653 3534 858 3621 subiungam.
905 3532 1020 3600 Melior
1053 3556 1134 3621 qnae
1168 3537 1287 3606 dicitur

88 3642 227 3706 recensio
260 3641 337 3706 haec
369 3648 435 3707 cst:
461 3642 491 3706 ἐν
514 3651 553 3723 τῇ
576 3645 631 3705 τοῦ
655 3641 853 3717 μεσονυκτίου
877 3638 948 3723 ίίρρο.
973 3640 1025 3706 καί
1051 3638 1118 3706 έστι
1141 3644 1227 3708 κατὰ
1250 3646 1286 3712 τὸ

89 3743 201 3824 ἔτυμον
226 3744 291 3822 ἤτοι
315 3747 464 3827 οίμολγῷ,
492 3746 561 3812 καθ’
586 3744 620 3819 ἣν
644 3744 719 3826 ὥραν
742 3745 928 3825 συμβέβηκε
953 3749 996 3824 μίι
1021 3748 1218 3826 ἀμέλγεσθαι
1242 3752 1285 3819 τοὶ

89 3851 169 3934 ζῷα·
196 3851 213 3927 ἢ
239 3852 325 3916 κατὰ
352 3851 386 3936 (l.
413 3854 498 3937 κατ’)
524 3853 689 3934 οἱφαίρεσιν
713 3856 810 3929 τοῦγ
837 3854 963 3937 οὶμολῷ,
988 3854 1058 3918 καθ’
1082 3844 1115 3926 ἣν
1138 3853 1216 3934 ὥραν
1239 3861 1287 3924 οὐ·

89 3959 149 4030 aa
182 3959 342 4036 μολίσκει,
377 3954 394 4022 ί
422 3959 488 4023 ἐστι
512 3958 652 4040 βαδίζει·
677 3958 694 4033 ἢ
719 3959 805 4023 κατὰ
831 3958 865 4046 (l.
891 3961 975 4044 κατ’)
1001 3960 1167 4041 οίφαίρεσιν
1187 3968 1286 4030 τοῦλ

89 4066 220 4146 οίμογῷ,
258 4065 326 4130 καθ’
359 4054 392 4137 ἣν
426 4063 503 4147 ὥραν
535 4065 629 4138 οὐδεὶς
662 4073 773 4145 μογεί,
808 4061 880 4144 imp
904 4067 969 4130 ε’στί
995 4056 1188 4145 κακοπαθεῖ,
1212 4071 1288 4137 ἀλλ’

90 4171 301 4237 ἀναπαύεται.
332 4175 469 4235 ταῦτα
502 4172 542 4237 δέ
572 4171 709 4237 τοίντα
742 4173 800 4243 είς
825 4174 895 4248 τίρν
919 4178 989 4238 τοῦ
1014 4177 1290 4251 μεσονυκτίου

92 4276 191 4359 θροιν
215 4278 518 4359 καταστρέφει.
544 4278 719 4345 Videamus
742 4301 825 4344 nunc
849 4279 1035 4346 deteriorem
1054 4284 1286 4350 recensionem:

94 4385 123 4448 έν
148 4394 187 4466 τῇ
211 4389 266 4449 τοῦ
292 4384 490 4463 μεσονυκτίου
514 4384 594 4469 ὥρα,
619 4386 687 4450 καθ’
711 4377 744 4459 ἣν
769 4383 830 4466 ἄρα
856 4388 889 4473 (i.
903 4407 930 4453 e.
955 4383 1065 4474 ἱίραν)
1087 4389 1290 4469 συμβέβηκεν
