2978 4950
701 153 767 227 487

138 347 180 424 (σι’
212 350 432 425 πολεμοῦντες)
464 349 582 413 maiore
604 346 819 414 sollieitudine
840 349 977 415 fuissent
1001 345 1156 416 districti?
1189 348 1325 417 Difficile

137 461 192 520 eet
226 455 370 530 eredere,
406 460 438 519 et
468 456 618 520 vitiosam
645 474 713 520 esee
743 443 933 522 sententiam
964 455 1017 521 rel
1040 455 1097 531 μέν
1121 459 1246 544 arguit,
1273 461 1326 523 oui

137 560 223 626 nihil
255 560 432 646 respondet.
478 558 728 647 Corrigendum:
759 561 897 639 οὐρανίας
921 562 948 627 δ’
971 561 1010 626 θον
1034 564 1058 627 οί
1082 565 1135 641 μη
1159 570 1326 639 πολεμοῦν-

137 691 193 741 τες
225 666 410 746 μείζονος
435 663 462 746 1)
494 665 706 742 ἐπλήσθησαν,
737 673 769 732 et
798 671 845 733 eia
868 666 984 733 melius
1005 671 1181 734 sententiae
1204 669 1327 734 oonsul-
1407 752 1410 760 .

137 781 213 840 tum
245 774 317 841 erit.
362 772 410 839 At
431 775 499 839 iam
520 772 603 840 nihil
624 773 684 839 hoe
708 775 826 839 vitium
849 773 888 839 ad
911 776 1085 858 sequentia.
1133 775 1192 840 Καὶ
1218 777 1327 841 καθεύ·

136 882 223 947 δουσι
247 885 370 959 μῖολλον
393 880 444 943 καὶ
469 880 525 952 σίην
548 881 583 944 ἐκ
605 885 658 945 τοῦ
688 878 780 944 ὕπνου
804 879 908 960 ἔχουσι
933 881 1039 959 τέρψιν
1059 885 1076 956 ἦ
1098 881 1164 959 περὶ
1185 881 1229 946 τοὶ
1248 881 1326 960 ἔργα

136 987 378 1067 ἀσχολουμένοις
415 985 562 1065 ἐξαίΦνης
598 987 748 1065 δηλῶσαι,
784 986 938 1051 οὐκίνύυνον
973 987 1007 1051 τό
1043 986 1211 1067 εὐτύχημα
1245 989 1260 1062 ἢ
1292 992 1326 1054 τό

136 1094 322 1176 εὐΦρόσυνου
345 1093 380 1158 τὸ
404 1095 440 1157 ε’νι
462 1103 517 1167 τῆς
541 1095 710 1172 παρουσίας
736 1094 787 1158 aa
810 1093 861 1159 τόν
884 1093 984 1172 Φόβον
1008 1094 1178 1183 οίπολέσθαι
1198 1103 1252 1168 της
1268 1102 1326 1160 ,τοῦ

136 1201 276 1279 πολέμου
313 1198 482 1279 εἰιβοίσεαο.
530 1200 605 1266 Ιύτοο
640 1200 717 1266 haee
748 1220 914 1287 aegrorum
943 1203 1066 1267 somnia
1096 1198 1327 1287 tententiasquc

137 1309 262 1372 exitum
290 1328 352 1371 non
383 1306 579 1372 invenientes
605 1307 764 1372 nemiuem
791 1305 842 1371 vel
866 1307 968 1371 obiter
991 1306 1206 1393 perlegentem
1230 1308 1327 1374 latere

135 1420 251 1499 poteet.
300 1413 416 1479 Sensus
447 1434 618 1497 nexaeque
638 1420 670 1478 et
701 1413 873 1499 indagandi
904 1424 936 1479 et
961 1413 1146 1479 restituendi
1172 1417 1324 1480 rationem

135 1520 214 1585 hine
249 1523 370 1606 optime
405 1525 603 1604 repetemus,
639 1527 677 1583 ut
712 1520 939 1603 perspiciamus
973 1521 1051 1594 ieta,
1088 1509 1264 1586 ιἰιιθεύὐονσι
1296 1531 1327 1588 et

137 1623 264 1710 ἔχουσι,
293 1648 355 1692 non
380 1627 476 1691 verba
499 1646 565 1690 ease
588 1625 643 1690 ead
667 1625 851 1709 partieipia,
878 1624 1148 1708 quemadmodum
1172 1634 1204 1692 et
1228 1629 1326 1709 ἀσχο-

135 1729 293 1810 λουμένοις
326 1732 531 1817 participium
555 1738 617 1805 est,
644 1752 742 1816 eaque
765 1752 839 1795 eum
865 1732 1069 1815 sequentibus
1092 1754 1159 1797 esee
1182 1739 1324 1801 coutinu-

136 1839 232 1905 onda.
280 1837 341 1903 Sed
372 1840 418 1902 aio
447 1858 497 1903 ree
516 1837 658 1903 ,nondum
683 1836 828 1922 expedita
849 1839 937 1902 erit·
967 1836 1050 1902 itam
1076 1860 1177 1923 neque
1200 1841 1234 1904 τό
1259 1843 1328 1907 ἑαν-

135 1948 190 2010 τύν
226 1946 382 2019 δηλῶσαι,
419 1964 604 2029 quocunque
640 1943 765 2009 taudem
804 1942 898 2008 modo
929 1950 961 2007 et
992 1964 1053 2028 quo
1086 1951 1227 2029 tempore
1250 1946 1323 2026 fiat,

133 2058 221 2117 reete
256 2050 426 2132 εὐτύχημα
462 2049 524 2115 diei
556 2056 675 2135 potest,
710 2056 743 2114 et
773 2050 805 2113 in
838 2047 936 2114 altero
961 2051 1105 2115 membro
1128 2057 1324 2137 comparatio

132 2157 343 2239 desideratur,
377 2177 472 2243 quam
497 2163 606 2222 tomen
627 2157 730 2222 ineeee
753 2156 865 2222 debere
888 2157 1103 2240 comparativa
1126 2158 1282 2241 particula
1306 2162 1323 2236 ἥ

132 2270 210 2331 ente
242 2264 277 2327 τὸ
311 2265 491 2342 εὐΦρθσννον
518 2265 596 2329 eatis
626 2260 782 2332 declarat.
807 2267 844 2325 et·
861 2281 923 2326 non
947 2263 1067 2346 optime
1090 2272 1324 2348 oomponuntur

132 2370 170 2434 τό
208 2370 384 2435 καθεύδουσι
420 2375 542 2446 μᾶλλον
577 2368 709 2443 δηλῶσαι
746 2367 763 2442 ἢ
797 2366 832 2430 τό
863 2365 1043 2448 εὐΦρόσυνον
1075 2368 1126 2433 θοόν
1150 2368 1200 2433 τόν
1224 2370 1324 2450 Φόβον

132 2475 317 2542 ὐπολὲσθαι.
365 2476 480 2541 Verbis
512 2495 604 2559 saepe
640 2481 820 2559 attenteque
854 2475 980 2539 rimatis
1015 2473 1075 2538 hoo
1106 2474 1186 2540 mihi
1217 2477 1324 2545 videre

132 2583 260 2660 videor,
304 2585 378 2646 dam
413 2586 514 2648 inesse
548 2583 776 2666 oppositiones,
813 2599 947 2665 quarum
984 2581 1122 2664 priorem
1157 2581 1322 2670 designare

130 2698 243 2755 υίαθανα
269 2713 481 2773 pesonarum,
513 2688 627 2773 quibus
657 2685 770 2752 Ulixes
801 2689 873 2771 quia
896 2688 939 2752 sit
961 2684 1163 2771 profiteatur,
1188 2689 1323 2787 alteram

131 2797 382 2880 opportunitatem
416 2796 571 2877 temporie,
607 2812 670 2878 quo
702 2792 763 2858 hoe
798 2793 904 2858 faeiat.
952 2791 1044 2859 Prior
1077 2797 1233 2880 oppositio
1272 2797 1324 2864 hie

133 2905 315 2969 continetur
346 2903 469 2967 verbis:
502 2898 678 2965 καθεύδουσι
709 2913 778 2963 κτλ.
803 2904 836 2964 et
858 2898 1110 2978 οὐσχολουμίνοις.
1158 2899 1202 2966 Ut
1224 2901 1324 2969 altera

133 3015 276 3090 constet,
308 3008 569 3073 considerandum
601 3004 678 3090 quid
703 3004 832 3070 tandem
855 3009 967 3089 suapte
990 3009 1104 3071 natura
1128 3011 1322 3074 eontrarium

133 3119 179 3181 ait
210 3116 274 3180 hia:
308 3117 342 3180 τό
373 3114 552 3193 εὐΦρόσυνον
576 3113 746 3176 οίπολόσθαι
770 3111 820 3176 aa
844 3109 895 3174 τόν
918 3108 1017 3191 Φόβον
1041 3120 1096 3185 της
1121 3136 1150 3177 τ.
1174 3127 1246 3180 πολ.
1270 3116 1322 3181 ἐκ.

133 3223 271 3302 βοίσεως.
295 3220 419 3306 Nempe
442 3226 592 3302 reportata
614 3222 740 3282 victoria
763 3216 801 3282 de
826 3214 903 3282 belli
926 3223 1043 3282 eventu
1065 3217 1156 3284 nulla
1179 3223 1321 3288 anxietas

133 3332 259 3399 animos
283 3327 453 3393 sollicitare
479 3324 617 3410 amplius
638 3329 770 3410 poterat.
817 3321 904 3388 Inest
927 3322 1004 3389 haee
1028 3327 1115 3391 notio
1138 3329 1208 3392 voei
1233 3328 1321 3393 εὐτύ·

133 3459 248 3519 χημα,
284 3443 322 3500 ut
349 3436 432 3498 ineat
463 3454 494 3496 v.
519 3453 546 3496 ο.
578 3431 645 3496 loeo
676 3428 903 3515 Xenophonteo
935 3427 1050 3516 (Anah.
1077 3430 1131 3516 vi,
1155 3430 1244 3517 1115
1269 3434 1317 3519 6):

134 3544 161 3608 οί
188 3542 363 3624 ereptam
387 3530 453 3603 ἐπεὶ
479 3539 660 3618 ηὐτύχησαν
683 3540 771 3601 τοῦτο
795 3535 830 3601 τό
855 3534 1034 3617 εὐτύχημα.
1080 3537 1194 3622 Itaque
1213 3538 1320 3606 looum

133 3648 283 3714 lacunam
314 3666 443 3731 passum
475 3666 542 3710 esee
564 3645 730 3708 statuerim
753 3643 799 3707 eie
820 3641 884 3707 fero
907 3641 1107 3727 explendam:
1133 3646 1185 3710 καὶ
1210 3646 1318 3712 καθεύ·

134 3755 226 3818 δουσι-
241 3758 365 3828 μᾶλλον
388 3751 438 3815 καί
464 3752 519 3821 τίην
541 3751 575 3814 ix
598 3753 652 3813 τοῦ
677 3746 770 3813 ὕπνου
793 3747 898 3828 ἔχουσι
922 3747 1028 3828 τέρψιν
1052 3748 1069 3824 ἢ
1090 3751 1157 3831 περὶ
1178 3753 1220 3818 τόν
1239 3751 1321 3832 ἔργα

134 3858 375 3942 ἀσχολουμένοις
408 3858 554 3937 ίξαίΦνης
585 3856 718 3929 δηλῶσαι
753 3853 961 3939 (ζηλωτόν
996 3856 1075 3941 καί)
1107 3859 1316 3926 οίαννύυνό-

135 3991 248 4047 τερον
267 3967 401 4051 (μετόν)
421 3965 454 4028 τό
474 3963 644 4042 εὐτύχημα
667 3961 684 4036 ἢ
708 3962 743 4025 τό
763 3958 944 4042 εὐΦρόσυνον
965 3962 999 4025 τό
1021 3962 1054 4027 ἐκ
1074 3971 1129 4037 τῆς
1150 3966 1320 4044 παρουσίας

135 4074 186 4139 tra
210 4075 261 4138 τὸν
284 4072 385 4151 Φόβον
407 4071 577 4136 ὐπολίσθαι
599 4078 654 4143 τῆς
679 4072 733 4133 πού
755 4065 891 4146 πολέμου
914 4067 1085 4146 ίαβοίσεοος.
1109 4068 1189 4137 'Pota
1213 4071 1320 4158 diopu-

135 4209 298 4220 ...ῳ-ο·-

170 4302 197 4367 l)
216 4301 302 4361 Margo
320 4295 502 4361 Pl'uygersianue
519 4288 613 4354 μείζονα
630 4290 733 4359 praebet.
