2978 4950
717 155 781 225 381

155 356 237 423 tom,
270 348 472 415 scribendum
503 368 709 434 proposuero:
744 353 893 413 λοιτῶν
924 347 954 412 δὲ
986 345 1076 412 ὄντων
1099 345 1144 411 έτι
1168 344 1206 412 ὧν
1229 346 1345 426 dany-

151 458 284 533 χεέλατο
319 456 353 519 τὸ
384 463 440 529 τῆς
470 455 545 536 ᾠδῆς
579 454 631 518 καὶ
667 456 702 519 τὸ
735 462 789 527 τῆς
821 455 945 527 ἐσθῆτος
976 469 1048 519 κτλ.
1096 455 1342 533 ’Λταγχεέλατο

152 583 320 647 operarum
350 564 468 627 vitium
499 561 664 636 haberem,
693 563 756 625 nisi
785 563 817 624 in
842 560 1034 626 Buttmanni
1056 560 1194 626 editione
1217 581 1345 646 prorsus

150 668 238 736 idem
268 667 429 755 legeretur
460 669 485 753 ¹)
516 665 658 733 Tandem
686 670 769 732 eirea
800 667 1024 752 disputationis
1053 665 1169 732 finem:
1202 663 1265 732 ὅθεν
1288 667 1342 731 καὶ

149 774 311 846 τούτοις
335 774 430 838 τάλιν
453 781 604 852 μαρτυρεῖ
624 775 638 836 ὃ
663 773 849 846 Ὀδυσσεύς·
874 774 1058 851 »ἀσπασίως
1081 774 1139 849 μέν
1160 773 1226 839 iter
1243 774 1341 852 θερμοὶ

151 879 282 961 λοετρά”
314 881 374 965 (vs.
399 878 493 965 450)·
518 881 570 944 καὶ
596 880 661 959 περὶ
686 884 739 945 τοῦ
764 880 837 961 ᾠδοῦ
861 881 961 958 λέγων
986 881 1025 952 ἀς
1051 880 1168 957 »καλὸν
1192 879 1343 956 ἀκουέμεν

151 988 236 1052 ἐστὶν
266 986 382 1053 dailei?
411 989 434 1071 (ι
468 985 502 1070 3)
534 1002 603 1052 κτλ.
629 985 676 1050 At
702 986 830 1052 dativus
851 987 941 1052 verbi
966 995 1130 1066 μαρτυρεῖν
1155 988 1194 1052 de
1216 986 1345 1053 homine

149 1095 300 1180 ponitur,
324 1114 387 1158 non
412 1091 451 1158 de
475 1115 527 1168 re,
552 1099 590 1156 ut
614 1112 709 1175 supra
731 1092 782 1156 τὸν
807 1092 1048 1171 μαρτυρήσαντα
1072 1094 1219 1168 ἀλήθειαν
1244 1097 1343 1176 αὐτῷ,

148 1202 261 1285 itaque
295 1199 515 1264 scribendum:
552 1194 615 1262 ὅθεν
651 1197 703 1262 καὶ
741 1197 835 1285 (ἔτι)
871 1200 987 1270 τούτοις
1024 1198 1118 1263 τάλιν
1151 1209 1301 1280 μαρτυρεῖ
1330 1201 1344 1264 i

152 1304 326 1377 Ὀδυσσεύς
349 1319 419 1370 κτλ.
1090 1302 1092 1308 ’

200 1488 234 1562 θ,
260 1481 333 1549 393.
371 1484 416 1550 Τὸ
447 1483 478 1548 δέ
508 1483 662 1549 τάλαντον
688 1490 818 1565 χρυσοῦς
843 1480 913 1564 εἷχε
936 1493 1035 1565 τρεῖς,
1060 1488 1099 1558 ὥς
1124 1488 1176 1553 καὶ
1202 1488 1347 1564 Φιλήμων

151 1594 166 1658 ὃ
192 1589 344 1669 ιιωμιιιάς·
371 1589 439 1668 υδύ’
462 1591 488 1655 εἷ
512 1590 607 1668 λάβιι
632 1591 799 1676 τάλαντα,
822 1597 954 1672 χρυσοῦς
981 1584 1015 1670 ἓξ
1038 1590 1120 1675 έχων
1144 1595 1345 1660 ἀτοίσεται.”

151 1696 208 1784 (Τ)
240 1696 289 1762 Ite
320 1703 352 1762 et
382 1695 646 1784 Iltymologieum
678 1697 837 1785 Magnum
863 1721 894 1784 p.
920 1698 997 1777 744,
1022 1697 1078 1782 38,
1101 1702 1165 1765 nisi
1188 1702 1272 1787 qnod
1296 1705 1345 1765 in·

150 1825 246 1872 verso
277 1804 385 1871 ordine
416 1824 513 1888 prave
543 1800 623 1884 έχων
654 1801 689 1880 ἓξ
720 1806 863 1890 praebet,
888 1806 972 1891 quod
996 1814 1198 1871 correxerunt
1221 1807 1347 1872 Potitus

151 1920 186 1979 at
210 1910 385 1976 Bentleius.
408 1907 435 1996 Ω)
458 1908 526 1976 Vox
550 1913 716 1976 ἀποίσεται
741 1932 815 1976 vero
838 1912 1018 1997 hueusque,
1053 1920 1209 1997 quantum
1234 1917 1346 1997 seiam,

151 2020 223 2085 sine
246 2020 422 2103 suspicione
446 2021 566 2100 evasit,
591 2019 788 2103 quinetiam
807 2016 954 2085 Bentleio
972 2038 1079 2083 ansam
1102 2019 1190 2084 dedit
1209 2019 1346 2104 duriter,

150 2132 191 2191 ut
225 2124 364 2208 adsolet,
401 2123 518 2189 Clerici
549 2126 708 2189 inscitiam
739 2125 932 2210 increpandi.
965 2124 1100 2210 „Specta
1128 2126 1198 2204 hie,
1230 2124 1347 2209 lector,

150 2231 366 2298 eruditionem
389 2228 460 2295 Viri
484 2227 567 2296 Olor.
593 2230 735 2316 (Clerici)
755 2237 788 2295 ot
811 2232 938 2295 Crimine
961 2234 997 2294 ab
1017 2254 1075 2295 αιιο
1095 2231 1346 2296 Diaaehominem.

150 2340 335 2423 Principio,
366 2358 428 2403 nou
452 2339 550 2402 sensit
574 2338 606 2401 in
631 2357 667 2402 eo
690 2337 821 2402 Senario
845 2339 935 2403 binos
959 2339 1053 2423 pedes
1077 2338 1160 2404 male
1184 2339 1347 2423 incedere3

150 2444 268 2512 deinde
302 2444 466 2508 ἀποίσεται
499 2447 597 2509 vertit
628 2445 738 2522 abilin
773 2447 864 2529 qnasi
894 2445 1041 2508 futurum
1075 2452 1202 2530 tempus
1224 2458 1349 2509 esseta

149 2552 297 2617 themate
320 2551 509 2630 ἀτοίχοριαι,
534 2551 615 2615 abeo.
663 2547 746 2614 (lum
771 2548 823 2615 vel
848 2549 997 2635 discipuli
1020 2551 1054 2614 in
1079 2548 1155 2616 ludo
1180 2547 1349 2616 Gramma·

151 2659 218 2722 tioo
253 2658 354 2722 soient
384 2655 561 2735 ἀτοίχομαι
593 2658 626 2720 in
660 2656 767 2721 futuro
799 2655 873 2721 dare
906 2656 1140 2738 ἀτοιχιὶσοροαι;
1176 2657 1347 2730 ἀτοέσοριαι

150 2783 229 2831 vero
259 2763 332 2828 duci
365 2785 383 2828 a
413 2768 576 2849 praesente
606 2762 825 2842 ἀτοφέρομαι·
858 2797 876 2809 -
892 2799 910 2809 -
935 2760 985 2826 Tu
1010 2782 1101 2833 vero,
1124 2761 1240 2840 lector,
1263 2763 1348 2827 hune

150 2890 229 2936 suas
258 2889 308 2934 res
339 2871 401 2933 sibi
431 2869 546 2934 habere
565 2871 662 2955 jube,
688 2876 719 2934 et
742 2871 788 2933 sie
811 2888 937 2934 menum
962 2868 1052 2955 lege,
1074 2868 1250 2947 Τάιαντα,
1275 2892 1349 2948 χρυ

151 2981 226 3049 σοιἰς
257 2967 291 3051 έξ
313 2974 392 3054 έχων
415 2974 610 3039 ἀτοίσεσαι.”
633 2978 678 3060 (p.
706 2973 789 3059 1333
814 2974 866 3040 vel
889 2996 919 3060 p.
946 2974 1011 3040 558
1034 2973 1191 3061 Meinok.)
1215 2978 1279 3051 At,
1307 3014 1347 3024 -

149 3083 240 3170 quod
258 3102 332 3146 eum
352 3102 480 3146 summa
496 3084 579 3146 tanti
598 3084 660 3147 viri
680 3084 856 3146 reverentia
877 3082 999 3146 dietum
1020 3087 1101 3158 esto,
1123 3120 1162 3131 -
1176 3082 1348 3170 intellego:

150 3188 350 3270 ἀποφέρεται
382 3193 512 3267 χρυσοῦς
540 3184 592 3266 ἕξ,
624 3189 677 3253 sed
711 3188 903 3270 ἀποφέρεται
927 3194 1058 3268 χρυσοῦς
1082 3184 1117 3264 ἓξ
1141 3188 1221 3270 έχων
1244 3180 1349 3254 infan-

149 3299 285 3364 tissime
318 3295 400 3358 mihi
436 3293 613 3382 tautologia
649 3295 785 3361 videtur.
835 3295 932 3380 quue
968 3298 1073 3381 ipsum
1110 3297 1242 3362 sensisse
1271 3305 1350 3382 puto

149 3402 336 3478 Glorisum,
371 3404 434 3466 nisi
465 3402 548 3486 qnod
581 3421 683 3466 errore
716 3401 862 3487 pudendo
893 3401 1043 3486 quidem,
1075 3403 1129 3467 sed
1160 3402 1217 3468 illa
1248 3410 1351 3469 aetate

150 3531 219 3577 non
243 3511 401 3584 iterare,
426 3508 459 3571 in
483 3511 698 3595 grammatica
721 3509 824 3573 forma
846 3511 1000 3593 pensavit.
1048 3508 1140 3573 Nihil
1164 3516 1291 3586 antem,
1313 3532 1351 3575 ne

148 3618 194 3685 ab
224 3615 286 3680 hae
316 3613 445 3699 quidem
476 3620 583 3699 parte,
608 3614 785 3680 offensionis
819 3614 981 3679 habebunt
1005 3618 1051 3679 ita
1076 3617 1214 3701 scripta:
1242 3617 1298 3681 Δυ”
1325 3617 1350 3680 εἱ

147 3721 253 3802 λάβοι
278 3718 453 3794 Τάλαντα,
479 3724 609 3799 χρυσοῦς
634 3711 668 3796 ἓξ
694 3717 774 3800 έχων
796 3721 1036 3801 ἀποίχεται.

197 3909 236 3980 ἀ,
269 3899 347 3966 462.
388 3900 546 3967 Nausicaa
580 3898 710 3965 Ulixem
745 3920 763 3964 a
798 3899 884 3965 ludis
918 3899 1101 3985 balneisque
1139 3908 1350 3967 revertentem

143 4034 230 4084 cum
256 4009 463 4075 admiratione
488 4007 683 4091 conspicata:

184 4244 214 4308 1)
236 4238 291 4289 Cir.
310 4237 387 4285 Praei.
405 4252 427 4299 p.
447 4235 533 4283 Litlll
550 4235 579 4282 ad
598 4251 620 4299 p.
639 4234 696 4291 611,
716 4234 755 4282 13.

183 4329 211 4387 1)
232 4322 287 4371 Cir.
306 4321 335 4368 Δ.
355 4317 478 4368 Mainake:
500 4316 628 4366 Menandri
647 4319 672 4364 et
688 4315 836 4366 Philemonis
856 4315 991 4381 Reliquiae,
1009 4332 1032 4383 p.
1050 4316 1107 4366 424.
