2978 4950
714 165 778 244 lec

310 362 348 438 ὣς
372 363 467 453 ίξμέν
490 362 560 430 ἔνθα
584 364 680 430 τολὺν
702 366 806 443 βίοτον
831 367 883 431 acl
907 368 1020 448 χρυσὸν
1043 366 1176 449 ἀγείρων

309 475 408 548 ήλάτο
431 470 485 546 ξὺν
508 472 591 546 νηυσί
616 472 687 535 κατ’
710 473 889 552 ἀλλοθρόους
914 473 1094 552 ἀνθρώπους.

195 578 249 645 Ad
277 582 382 664 prima
412 577 510 642 verba
539 577 708 642 adnotatur
735 582 768 642 iu
798 578 869 659 QT:
894 581 980 645 ιιιιτά
1004 583 1039 644 τδ
1068 581 1148 653 είκδς
1172 585 1243 646 τοῦ
1266 588 1319 646 Me

152 685 297 751 νελάου
330 685 492 761 ήκοντος
526 683 696 759 διηγγέλθη
728 685 794 762 περί
828 691 881 749 τοῦ
911 688 1042 760 πλήθους
1078 693 1137 751 τῶν
1172 687 1319 767 χρημάτιι

153 788 232 871 ἀπερ
263 791 319 855 ἀπ’
352 793 516 866 Αἰγύπτου
546 791 680 866 ήγωγεν.
709 790 854 855 Absurde
885 801 960 857 eunt
982 794 1079 859 verba
1103 799 1157 857 τοῦ
1181 793 1319 861 Μενελάι

153 898 292 975 ήκουτος,
325 896 400 961 licet
429 900 464 959 in
493 902 627 980 utroque
656 895 763 961 codice
794 895 861 983 legi
896 898 1073 964 videantur.
1121 898 1208 979 Quid
1239 904 1319 967 enim

152 1007 204 1069 An
227 1006 296 1068 iure
320 1006 413 1087 poeta
435 1001 603 1067 Nestorem
626 1000 766 1066 Menelai
789 1020 864 1087 opes
887 1025 926 1068 ex
946 1007 1095 1092 Aegypto
1107 1005 1225 1071 relatae
1246 1008 1319 1074 extu

152 1114 269 1175 lentem
302 1109 393 1186 lacit,
417 1115 517 1192 utpote
540 1108 678 1172 Menelao
702 1109 859 1173 υιιιίσιοίοί
883 1109 986 1175 Verba
1009 1112 1145 1177 absurda
1168 1132 1239 1178 esee
1265 1113 1319 1179 du

154 1223 231 1281 nent
254 1219 300 1280 eic
328 1222 482 1281 correcta:
508 1216 593 1279 κοιτίι
615 1217 650 1278 τδ
674 1216 751 1283 rixae
775 1215 837 1300 (cic
860 1217 967 1302 πρὸς)
999 1218 1214 1283 Μενέλαον
1244 1217 1319 1295 ήιιοι

153 1346 218 1393 τος
238 1322 366 1407 (nempe
385 1321 596 1405 Τηλεμάχου)
615 1319 782 1397 διηγγέλθη
797 1322 984 1407 (συοίὶυσΤτ
1005 1323 1319 1402 διοιγγίλλετιι

157 1433 239 1516 App.
262 1450 291 1513 p.
319 1427 399 1505 750)
426 1430 492 1506 περί
513 1433 565 1491 τοῦ
586 1427 717 1500 πλήθους
739 1433 796 1490 τῶν
815 1428 987 1509 χρημάτων
1007 1424 1086 1510 ἀπερ
1106 1432 1164 1495 ἀπ’
1178 1432 1319 1508 aloem

157 1537 291 1615 ήγριγεν.
321 1533 448 1620 Pergit:
480 1535 514 1596 οὐ
544 1532 614 1596 κατ’
646 1532 835 1614 ἀδολεσχίοιν
865 1537 897 1598 δὲ
932 1536 982 1600 ἐπὶ
1016 1541 1121 1601 τωῡτω
1152 1533 1224 1610 ήκεν
1246 1537 1262 1601 ὅ
1285 1544 1319 1605 Ν.

158 1667 253 1722 στωρ,
277 1642 352 1705 ἀλλ’
376 1643 560 1718 ἀποπληρῶν
584 1643 638 1714 τήν
663 1637 788 1718 ζήτησιν
812 1647 865 1706 τοῦ
889 1645 1061 1720 νεανίσκου,
1087 1645 1133 1714 ὦς
1158 1645 1213 1707 οὐκ
1237 1638 1319 1715 ire

158 1758 214 1823 τῆς
250 1748 347 1818 οίκίως
382 1747 396 1810 θ
426 1747 607 1823 Μενέλαος,
641 1745 707 1809 οὐδὲ
740 1748 832 1819 ωὐτδς
867 1749 1076 1828 ἐτιμωρήσατο
1105 1750 1158 1814 τδυ
1190 1749 1319 1828 Αίγισίν

158 1854 339 1922 Etiam'his
361 1853 444 1917 inest
468 1855 585 1917 vitium
606 1873 624 1916 e
645 1851 819 1918 tralaticiis.
847 1852 1319 1933 Quaesiveratiuvenie,nond

156 1963 211 2029 sed
235 1968 312 2032 πῶς
336 1961 390 2024 οὐκ
415 1956 449 2033 ήν
474 1959 524 2022 ἐπὶ
548 1967 602 2032 τής
627 1959 724 2031 οίιιίοος
751 1961 763 2022 ί
787 1963 959 2032 Μενέλαος.
995 1960 1178 2047 Sequuntur
1200 1965 1268 2028 ium
1291 1982 1319 2029 α

157 2089 292 2155 quorum
318 2087 412 2132 causa
435 2067 510 2130 haec
534 2064 721 2141 attulimus,
745 2065 844 2130 simul
867 2076 900 2132 et
921 2071 1052 2133 caeteris
1075 2071 1231 2153 corruptis
1253 2088 1319 2154 ομι

157 2175 306 2241 terentes:
345 2173 422 2237 αὐτὸ
458 2172 489 2236 δὲ
524 2176 558 2237 τί
594 2175 767 2253 κεφάλωιον
801 2172 912 2254 φράζει
946 2175 1096 2259 (Nestor).
1131 2175 1165 2239 τδ
1198 2177 1229 2241 δὲ
1261 2198 1319 2240 m

156 2282 246 2362 μέρος
271 2282 337 2360 περί
358 2278 501 2351 electior
525 2278 577 2343 κοιί
603 2279 745 2360 Πρωτέως
766 2281 817 2345 aa)
844 2290 898 2355 τής
919 2283 1050 2346 ἕντιιῡθοι
1071 2281 1232 2361 διατριβῆς
1252 2284 1319 2347 adul

158 2388 302 2452 ὃποιθὼν
331 2387 523 2465 διηγήσεται.
553 2388 729 2457 τιθοινῶς
762 2386 801 2449 δὲ
831 2389 1168 2468 συμμεμὲριστιιι
1199 2388 1247 2453 τά
1276 2396 1319 2464 τῆ

159 2478 398 2573 διηγήσεως.

204 2733 248 2793 γ,
274 2707 348 2773 195.
374 2707 603 2784 ἕτισμυγερωςτ
628 2705 755 2784 περισσή
781 2707 798 2780 ή
822 2705 893 2790 ε’τί,
917 2708 955 2778 ὡς
980 2708 1009 2770 ἐν
1034 2711 1074 2788 τᾷ·
1100 2707 1200 2785 »βοῶν
1223 2711 1319 2790 ἔπιβοι

159 2815 274 2886 ιιθλος”.
306 2817 342 2899 (γ
368 2815 459 2897 422.)
492 2812 677 2900 (Hucusque
707 2819 754 2876 est
778 2813 919 2878 doctrina
942 2814 1161 2892 Aristarchea;
1187 2817 1244 2882 cfr.
1268 2821 1293 2884 i.
1315 2843 1319 2881 ι

159 2922 330 2989 Herodian.
362 2922 402 2986 ad
434 2920 461 2984 E
492 2917 581 3003 178.)
613 2921 790 2998 σμύχεσθοιι
814 2920 847 2984 δέ
870 2919 936 2983 ἐστι
961 2912 995 2982 τδ
1022 2921 1079 2984 ὑπὸ
1104 2923 1194 3002 πυρὸς
1219 2927 1319 2990 ἀνωλίι

161 3034 275 3093 κεσθωι.
289 3036 442 3105 μετήκτοοι
460 3027 490 3090 δὲ
506 3027 560 3110 (τὸ
573 3026 644 3091 add.
659 3047 732 3091 cum
747 3032 787 3111 H)
802 3027 953 3106 ἐπίρρημα
967 3028 1159 3111 (ἐγχείρημα
1172 3030 1319 3097 bellissim

160 3137 298 3219 codices,
334 3135 417 3220 quod
451 3143 558 3198 tamen
592 3134 704 3217 probat
735 3131 935 3209 Dindorfiue‚
967 3133 1071 3200 Praef.
1103 3157 1134 3221 p.
1159 3147 1253 3218 nix)
1284 3139 1319 3204 ἀι

160 3251 216 3308 τῶν
252 3240 523 3320 ἐπισμυχομένων·
573 3241 639 3303 καί
678 3238 930 3322 ,ἐτισμύξοιι
968 3241 1038 3320 πυρί
1070 3242 1174 3314 νήιις”.
1206 3243 1236 3329 (l
1268 3243 1319 3310 652

159 3353 248 3426 δηλοῖ
275 3351 305 3414 δὲ
335 3350 369 3413 τὸ
402 3350 612 3426 ἐπισμυγερῶς
640 3349 674 3412 τὸ
700 3348 867 3424 ἐπιπόνως,
893 3349 1023 3426 ἀξίως.
1049 3348 1319 3436 (DBEHQT.)P1

160 3459 273 3524 ultimo
305 3456 459 3522 vocabulo
489 3454 746 3539 corruptissime,
777 3455 860 3540 quod
892 3463 923 3519 et
954 3454 1189 3520 Buttmannum
1215 3465 1248 3523 et
1269 3457 1319 3524 Du

159 3564 295 3632 dorfium
329 3562 414 3628 male
447 3563 619 3638 habuerat,
657 3563 722 3626 iam
754 3564 788 3625 in
821 3560 999 3626 Observatt.
1032 3564 1249 3646 reponendum
1281 3565 1319 3630 din

159 3673 316 3741 ἀθλίως.
354 3671 522 3734 Praeterea
552 3669 720 3743 observatu
751 3669 904 3753 dignum,
936 3675 968 3733 et
996 3669 1046 3731 κοιί
1071 3670 1180 3736 abesse
1204 3673 1244 3736 ab
1267 3671 1319 3737 Ha

158 3780 262 3845 leiano
286 3785 317 3843 et
347 3780 382 3841 in
405 3797 497 3841 versu
523 3797 561 3840 er
585 3776 683 3841 iliade
707 3777 805 3840 citato
828 3797 889 3841 non
914 3775 1084 3851 ἐτισμίξωι
1108 3775 1189 3865 legi,
1218 3779 1319 3845 sedcl

159 3892 303 3953 servante
326 3888 392 3950 iam
415 3881 577 3948 Dindorfio
597 3883 683 3946 κοιτά
702 3908 737 3946 τε
759 3883 887 3958 σμῦξαι.
913 3882 1003 3946 Unde
1023 3884 1104 3946 mihi
1125 3887 1319 3971 natasuspici

158 4003 222 4071 est,
243 4015 282 4059 an
301 4001 332 4058 et
352 3991 414 4057 alia
433 3989 600 4056 Homerici
620 4000 734 4056 versus·
746 3989 839 4055 lectio
852 3990 929 4056 olim
943 3989 1056 4054 fuerit:
1071 3992 1319 4071 ἐπισμυχομίυιιν

159 4105 217 4190 (ὡς
240 4099 393 4189 ina.)xcci
419 4096 643 4172 ε’τισμῦξοιι
665 4098 732 4178 πυρί
754 4106 839 4171 νήοις.
865 4098 928 4162 Sed
948 4099 1006 4161 hoc
1025 4098 1136 4164 obiter.
1150 4088 1247 4166 Peius
1258 4098 1319 4165 mul

156 4218 227 4276 cata
245 4217 292 4274 est
313 4209 415 4273 brevis
434 4204 634 4271 Scholiorum
655 4204 872 4293 Vulgatorum
884 4204 938 4290 (V)
951 4206 989 4270 de
1009 4204 1068 4269 hac
1080 4226 1156 4272 voce
1168 4206 1319 4273 adnotetis

155 4319 311 4386 saniorem
325 4313 565 4401 Etymologiam
578 4314 739 4389 exhibens,
754 4319 934 4393 σμυγερῶςε
955 4313 969 4375 ε’
978 4336 1000 4374 τ
1011 4336 1019 4374 ι
1030 4337 1052 4374 τ
1064 4311 1164 4385 θνως.
1184 4316 1219 4378 τὸ
1237 4313 1319 4397 μίτρι
