2978 4950
664 166 729 231 425

120 362 282 445 isputaos:
316 360 467 434 „fortasse
499 359 663 424 adnotavit
686 358 890 424 Aristarchus
916 358 1049 423 verbum
1077 355 1291 424 καθάπτεσθαι

120 467 224 532 radiae
253 487 320 532 esse
349 465 607 554 significationis,
643 474 679 533 nt
711 471 744 533 in
769 467 882 532 multis
905 466 977 532 aliis
1001 467 1076 532 iecit
1099 467 1292 534 vocabulis.'’

120 574 279 660 decripsit
310 574 394 639 idem
426 572 498 640 fidei
530 574 690 640 faciendae
721 597 816 641 causa
852 575 929 640 haec
961 597 1000 640 ex
1024 573 1069 648 Β,
1093 575 1197 640 verbis
1220 573 1291 640 Ho-

120 684 228 746 rericis
260 702 354 766 supra
385 702 423 746 ex
446 682 470 758 β
496 679 538 744 39
563 680 678 746 adlatis
701 681 867 765 adiuncta,
891 684 963 759 πρὸς
989 682 1096 746 ἐκεῖνον
1120 681 1172 745 τὸν
1197 681 1290 758 λόγον

120 784 342 863 ποτεινθμενος.
366 788 401 850 τὸ
425 788 488 866 γθορ
512 787 715 864 καθαπτομαι
741 789 790 851 ἐπὶ
811 790 862 854 δύο
882 787 1103 872 λαμβάνεται,
1123 787 1173 852 ἕπθ
1195 789 1291 852 καλοῦ

120 918 129 958 ε
164 893 219 958 ιιοοθ
252 899 365 970 κακοῦ,
395 894 444 958 ἔτι
470 900 566 959 καλοῦ
591 895 648 971 μὲν
671 895 739 959 ἀντὶ
763 900 815 959 τοῦ
841 895 912 971 πρὸς
938 898 969 960 τὲ
996 900 1143 971 ποιοῦμαι
1166 896 1217 960 τὸν
1241 891 1293 958 λθ-

120 1022 172 1064 ον·
206 1001 255 1063 ε’πι
287 1004 382 1063 κακοῦ
415 1000 445 1065 δὲ
470 1001 538 1065 cirri
564 1005 617 1065 τοῦ
643 1001 822 1078 ὑβριστικῶς
848 1002 1040 1088 διατίθεμαι,
1065 999 1137 1082 ὅπερ
1161 1003 1213 1067 καὶ
1237 1026 1291 1081 γε·

121 1117 163 1187 κῇ
198 1106 417 1171 συντάσσεται.
466 1107 528 1173 Vix
557 1129 636 1193 opus
669 1114 717 1174 est
748 1129 891 1186 monere,
927 1109 1003 1175 haec
1033 1131 1095 1175 non
1118 1110 1290 1198 genuinam
1379 1197 1382 1203 y

120 1214 276 1299 :primore
298 1214 514 1280 Aristoniceae
537 1223 630 1280 notae
653 1216 807 1298 formam,
827 1216 881 1280 sed
902 1237 968 1280 esse
989 1236 1007 1280 a
1026 1218 1196 1281 recentiore
1217 1236 1292 1301 quo·

120 1341 174 1386 am
204 1323 416 1407 grammatico
447 1342 484 1385 er
516 1342 552 1386 ea
583 1321 724 1386 dilatata.
773 1321 907 1387 Brevios
939 1320 1035 1388 simul
1068 1329 1099 1386 et
1123 1321 1291 1407 aliquando

120 1427 230 1492 berius
249 1424 334 1490 aliud
355 1426 393 1491 ad
414 1428 548 1492 eundem
570 1449 696 1493 versum
721 1427 862 1492 scholion
886 1449 924 1492 ex
945 1425 1003 1492 HS
1024 1427 1290 1515 vulgatumzircr

120 1534 148 1596 ιν
175 1531 268 1608 λθγον
291 1535 362 1612 πρὸς
389 1535 480 1597 αὐτὸν
501 1536 674 1608 ποιούμενος
696 1534 712 1607 ἢ
735 1535 959 1611 καταπραῧναι
982 1533 1034 1598 uxi
1048 1533 1290 1612 προσαγθμενος.

120 1639 159 1705 sd
194 1642 317 1723 ipsum,
352 1642 386 1704 ni
422 1639 532 1716 fallor,
568 1642 602 1704 in
634 1640 742 1705 eadem
776 1662 810 1705 re
842 1641 1060 1706 Aristonicum
1086 1641 1234 1706 audimus
1258 1643 1292 1706 in

120 1731 220 1812 :holio
251 1766 290 1810 ax
321 1744 347 1809 Τ
380 1746 419 1812 ad
442 1765 586 1811 nostrum
610 1748 716 1811 lorum
741 1749 773 1828 (ιο
799 1747 854 1831 70)
879 1746 1017 1832 prolato,
1043 1748 1098 1812 nbi
1121 1747 1291 1833 paululum

120 1851 392 1918 mandaverimus:
418 1855 492 1932 οὐχ
517 1848 535 1915 ὅ
541 1878 576 1917 τι
602 1855 616 1916 ε’
625 1853 872 1928 πιπλθπτει,
893 1855 981 1919 οὶλλθο
1002 1853 1292 1930 ιοαταπραΰνοινιοαὶ

120 1960 284 2035 τοπείθυν,
294 1981 373 2044 quae
385 1968 460 2024 nota
472 1956 638 2025 Carnuthii
652 1959 853 2047 diligentiam
868 1960 1014 2048 effugisse
1027 1961 1163 2026 videtur.
1175 1961 1291 2026 Eman-

120 2066 241 2132 andum
266 2067 383 2151 absque
409 2067 517 2131 dubio:
543 2065 814 2152 (καθαπτόμενοςι
830 2063 891 2130 ὅτι
915 2069 982 2132 οὐκ
1014 2067 1293 2152 ἐπιπλήττων,

120 2173 189 2237 λλοι
214 2173 514 2251 καταπραΰνονται
541 2173 723 2250 ὑποπείθυν,
746 2194 820 2238 nam
847 2178 882 2238 nt
904 2180 1030 2258 propter
1051 2174 1100 2237 bis
1120 2176 1293 2259 repetitum

120 2302 162 2344 τοι
199 2274 243 2342 ὅτι
280 2298 335 2363 pro
371 2276 414 2342 ὅτι
450 2280 514 2355 ἤτοι
544 2281 780 2344 in·Aristonioi
809 2281 892 2344 notis
916 2278 1019 2344 Iliacis
1044 2279 1095 2365 (ad
1120 2290 1141 2344 Β
1168 2279 1234 2344 488
1258 2288 1290 2346 et

120 2441 122 2450 ,
154 2385 235 2467 176)
267 2387 319 2475 hic
352 2407 475 2472 quoqne
507 2387 623 2452 codicis
653 2387 796 2452 ordinem
821 2388 882 2468 οὐχ
906 2383 950 2453 ὅτι
978 2394 1085 2472 aperte
1108 2410 1292 2473 perversum

120 2515 276 2571 rrvarem,
302 2514 321 2558 a
344 2514 396 2558 me
421 2496 589 2578 impetrare
611 2514 673 2559 non
698 2496 798 2578 potui.
834 2494 945 2580 Itaque
968 2515 1052 2559 nnnc
1072 2498 1149 2560 satis
1169 2502 1293 2560 certum

120 2604 173 2678 rit,
209 2603 243 2664 in
274 2584 515 2688 {lemburgensi
547 2600 666 2666 scholio
690 2601 728 2665 ad
752 2605 898 2665 nostrum
921 2622 1049 2667 versum
1075 2602 1293 2667 Aristonicum

120 2729 154 2774 os
174 2713 298 2781 tenere,
320 2708 353 2771 in
373 2706 546 2772 Harleiano
560 2707 755 2793 Didymum‚
775 2712 946 2792 utrumque
958 2707 1133 2774 Aristarchi
1147 2708 1184 2774 de
1196 2709 1293 2774 uerbo

120 2814 333 2890 sacerdotare
357 2817 547 2879 sententiam
571 2813 774 2890 referentem,
799 2813 852 2878 sed
876 2820 1025 2879 neutrum
1046 2813 1176 2900 plenum
1199 2822 1293 2900 atqua

120 2929 273 3009 [tagram.
321 2919 428 2984 Etiam
453 2919 545 2985 exilis
568 2919 674 3007 glossa
697 2919 815 2985 Veneti
839 2920 877 2986 ad
902 2932 929 2985 Α
956 2918 1020 2985 582
1045 2920 1289 3005 (ναθοὶπτεσθαιι

120 3027 345 3104 τταπραΰνειν,
381 3025 520 3110 ἐπέχειν)
553 3048 590 3091 ex
615 3025 814 3092 Aristonicea
838 3039 911 3091 nota
934 3026 1028 3091 fluxit
1051 3028 1292 3112 Aristarchiqua

120 3137 394 3221 iterpretationem
420 3135 523 3199 refert.

142 3371 181 3422 κ,
213 3343 287 3410 103.
335 3345 491 3410 Ἐναντθον
518 3344 583 3408 ἐστὶ
616 3344 658 3408 τὸ
683 3346 838 3422 ταριστοῖν
859 3345 929 3414 τοὺς
952 3342 1189 3424 Λαιστρυγόνας
1215 3346 1290 3420 ὠμο-

120 3456 225 3529 σὶγους
257 3453 305 3531 τῷ
334 3453 524 3530 παραφέρειν
549 3451 667 3521 ἑαυτοῖς
690 3447 775 3524 ὕλην.
801 3448 853 3535 (Τ)
899 3449 936 3514 In
960 3449 1066 3515 codice
1090 3456 1137 3516 est
1161 3450 1202 3514 τὸ
1226 3475 1290 3515 πα-

119 3559 255 3639 ιφέρεινε
284 3561 423 3623 mutavit
447 3556 625 3633 Prollorns,
649 3577 811 3642 perperam
836 3562 872 3620 ut
895 3557 1026 3622 adsolet.
1064 3557 1135 3622 Non
1155 3557 1291 3623 alterum

120 3669 126 3724 ι
153 3665 213 3731 sed
236 3667 324 3749 prius
347 3664 581 3728 sollicitandum
603 3669 686 3739 erat,
707 3684 780 3728 nam
801 3663 955 3728 naturalis
974 3662 1049 3729 ordo
1070 3669 1133 3729 est:
1155 3664 1290 3729 ἐναντίον

120 3772 161 3837 τι
199 3771 249 3850 τῷ
282 3775 435 3848 παρισταν
467 3771 537 3840 τοὺς
561 3772 796 3848 Λαιστρυγόνας
822 3769 1010 3849 ὠμοφάγους
1035 3770 1076 3835 πθ
1101 3769 1290 3852 παραφέρειν

120 3885 218 3949 :orric
246 3873 337 3953 ὕλην,
362 3884 398 3941 ut
424 3899 453 3941 v.
481 3901 506 3942 c.
531 3877 564 3941 in
588 3876 720 3962 Didymi
744 3883 819 3942 nota
842 3876 881 3941 ad
905 3900 924 3940 ιι
950 3875 1033 3942 178:
1060 3877 1143 3942 δοκεῖ
1160 3876 1291 3943 ἐναντίον

120 4010 171 4052 ναι
210 3993 294 4055 τοῖς
332 3981 496 4060 θθυμιρκθσι
528 3984 569 4046 τὸ
600 3980 679 4048 ὦκα·
711 3981 753 4046 διὸ
779 3979 808 4046 ἕν
833 4007 895 4047 τισι
923 3983 958 4046 τὸ
983 3982 1057 4048 οὕτω
1082 3982 1232 4064 φέρεται,
1259 3990 1292 4050 et

120 4095 217 4178 rique
234 4089 386 4156 locorum.
423 4089 563 4165 Solutio,
585 4089 612 4154 si
632 4109 725 4174 quem
747 4091 837 4155 iuvat
857 4089 937 4154 hanc
949 4110 1072 4175 quoque
1085 4110 1288 4178 cognoscere,

120 4219 173 4265 aec
207 4203 270 4262 est:
304 4197 404 4260 λθοιτο
436 4195 463 4260 δ’
498 4195 534 4260 θον
567 4197 600 4259 ἐκ
624 4200 675 4259 τοῦ
701 4195 800 4266 ἔθους·
824 4196 981 4272 εἰθίσμεθα
1005 4198 1067 4276 γοιρ
1092 4207 1130 4278 τῇ
1155 4195 1213 4278 ῧλρ
1237 4200 1288 4263 καὶ

120 4334 131 4381 ;
161 4302 245 4369 ἄλλο
269 4304 419 4386 χρῆσθαι,
441 4302 511 4380 πρός
537 4326 572 4366 τε
596 4301 694 4366 satan
720 4303 771 4366 nai
797 4304 838 4374 εἷς
863 4307 929 4382 φῶς
954 4306 1005 4368 καὶ
1032 4304 1239 4379 κατασκευήν.
