2978 4950
630 173 696 237 513

62 367 96 433 id
132 373 164 433 et
196 365 287 432 ahter
318 364 496 450 explicatur
525 368 557 429 et
580 366 642 428 sic:
667 364 693 426 oi
716 363 765 441 δέ,
790 366 859 436 τιὺς
885 366 1087 449 πολεμικούς,
1113 367 1176 432 απὸ
1200 374 1253 434 τοῦ

63 475 156 540 σεθιιν
189 476 247 545 τὰς
279 472 390 555 τρίχας
423 480 478 546 τῆς
509 471 704 552 κεφαλαίοις.
728 469 783 556 (Β)
813 472 921 538 Donec
944 471 1037 559 galea
1059 472 1183 539 dicatur
1206 500 1254 541 νιε-

62 580 214 661 φσλιιέα,
236 581 391 645 usitatum
414 588 469 653 eric
491 576 857 663 (περι)ιιεφαλαθας
877 598 1075 663 reponemus.
1098 577 1254 666 Dasump·

62 694 132 753 tam
156 708 223 752 esse
248 686 492 772 explicationem
516 705 555 749 ex
571 683 742 770 ‘Apollonii
765 685 930 770 Sophiatae
950 685 1065 752 Lexico
1083 686 1254 755 Homerico

61 793 182 859 diserta
217 799 353 858 testatur
386 793 513 857 uberius
547 790 762 878 Vuigetornm
794 792 952 858 scholion:
986 793 1188 866 Ἀπολλώνιος
1222 795 1253 860 δὲ

61 900 133 972 τοὺς
170 900 354 976 πολεμικοὺς
391 897 498 976 λέγει,
530 901 593 962 civi
628 903 681 963 τσῦ
712 899 877 970 αὶΐσσοντας
903 900 955 963 καὶ
980 900 1170 972 έπισιίιντας
1193 903 1253 974 τας

60 1011 164 1087 κθμας
188 1009 218 1073 έν
243 1017 281 1090 τῇ
306 1008 542 1089 περικεφαλαίαν
566 1012 732 1082 πολεμεῖν,
757 1005 818 1069 ἴσον
842 1009 884 1086 τῷ
911 1005 1112 1090 „totototo”

107 1248 146 1300 τ,
173 1216 249 1290 599.
592 1223 637 1288 Σὺ
662 1222 692 1288 δέ
716 1222 802 1298 λέξεο
825 1224 894 1304 τῷδ’
918 1224 959 1289 ἐνὶ
984 1226 1069 1303 einp,

244 1331 261 1404 ἣ
285 1329 429 1409 χαμάδις
452 1327 598 1409 στορέσας
621 1329 685 1402 ἤτοι
709 1330 795 1394 κατὰ
819 1329 926 1406 δέμνια
951 1328 1068 1396 θέντων.

59 1438 113 1503 ad
144 1438 299 1503 ultimum
329 1435 521 1503 vocabulum
553 1434 605 1500 H:
638 1435 655 1509 ἦ
680 1436 896 1515 θεραπαινίδων
921 1437 1027 1502 θέντων
1052 1439 1124 1501 κατ’
1151 1444 1255 1503 Ἀττι-

58 1548 137 1620 κήν,
174 1546 191 1620 ἢ
229 1544 319 1609 θέτων
350 1543 418 1608 ἀντὶ
450 1547 504 1606 τοῦ
537 1542 681 1606 θέτωσαν.
715 1541 887 1608 Verissime
910 1542 1093 1610 Diudorfius
1117 1544 1156 1610 ad
1181 1546 1254 1610 κατ’

58 1652 227 1724 ’Λττικιὶνε
264 1651 411 1735 „videtur
441 1650 595 1715 excidisse
626 1649 781 1724 συνήθειαν
792 1648 819 1726 ,”
845 1651 928 1734 quod
951 1650 1056 1717 multo
1079 1651 1254 1736 praeferen-

59 1759 140 1823 dum
168 1759 258 1829 duco
293 1756 385 1824 alteri
420 1759 489 1822 cius
520 1758 738 1821 coniecturae:
770 1755 862 1839 „vel,
895 1766 1028 1841 σχῆμα,
1060 1762 1087 1822 si
1111 1759 1254 1824 Ἀττικὸν

59 1864 248 1933 scribetur.''
294 1863 400 1928 Simul
436 1863 657 1950 corrigendum
694 1863 710 1936 ἢ
747 1864 887 1926 θέντων
920 1864 988 1926 ἀντὶ
1020 1870 1073 1927 τοῦ
1106 1865 1252 1932 θέτωσαν.

58 1973 207 2039 Absurde
231 1976 280 2036 ost
303 1972 520 2055 interpretatio
545 1989 600 2054 per
623 1972 808 2055 genetivum
835 1969 1017 2034 absolutum
1042 1971 1096 2055 qui
1120 1972 1250 2048 dicitur,

59 2081 267 2144 coniunctum
299 2075 393 2140 illum
426 2097 500 2140 cum
526 2074 670 2162 enailage
693 2078 836 2162 generis,
862 2078 914 2140 cui
938 2083 1045 2141 tamen
1069 2079 1255 2162 interprete·

60 2186 144 2250 tioni
178 2187 282 2249 nescio
313 2203 375 2269 quo
408 2182 502 2247 modo
533 2184 749 2267 patrocinatur
772 2181 999 2246 Buttmannus.
1048 2185 1090 2247 At
1114 2190 1198 2249 recte
1221 2193 1253 2250 et

59 2291 120 2358 alii
144 2297 176 2356 at
199 2290 328 2355 Faenius
350 2290 391 2354 ad
415 2288 430 2352 δ
450 2287 517 2352 214
539 2295 801 2374 provocaverunt,
818 2289 875 2351 ubi
892 2289 1000 2354 eadem
1021 2293 1254 2357 constructione

61 2398 200 2463 dicitur:
225 2396 332 2474 δι’ρπσν
356 2395 383 2459 θ’
409 2393 533 2470 ἐξαῦτις
557 2394 762 2470 μνησώμεθα,
785 2396 875 2475 χερσὶ
897 2393 926 2459 θ’
947 2395 1001 2472 ἐφ’
1021 2393 1094 2474 ὕδωρ
1108 2399 1126 2483 ΙΙ
1139 2397 1254 2478 χευάν-

60 2527 141 2578 των,
173 2523 235 2588 quo
263 2500 331 2568 loco
362 2522 474 2574 nemo,
508 2501 591 2586 quod
621 2503 739 2567 sciam.
765 2500 804 2564 de
828 2504 978 2587 genetivo
1002 2502 1147 2569 absoluto
1169 2526 1253 2570 aom-

59 2612 185 2685 mavit,
218 2609 272 2674 sed
295 2618 379 2673 recte
403 2621 435 2671 et
458 2604 566 2672 ordine
589 2609 770 2690 expositum
794 2615 858 2671 eat:
882 2607 1058 2686 χευάντων·
1082 2610 1253 2689 ἕπιχιὲτω-

60 2739 143 2792 σαν,
171 2714 330 2785 Ἀττικῶς.
356 2713 408 2797 (Ε)

111 2954 146 3004 ιι,
171 2926 227 2992 85.
276 2926 414 2992 Somnus
436 2923 586 3000 ε’πέλνρσεν
612 2924 759 2989 ἁπάντων
768 2971 776 3002 ,
802 2923 821 3012 ΙΙ
845 2924 958 2988 ἐσθλῶν
983 2926 1032 3000 ἠδέ
1057 2933 1168 3011 κακῶν,
1186 2928 1252 2992 ἐπεὶ

61 3034 102 3113 ιἰρ
137 3034 278 3115 βλέφαρ’
315 3033 543 3115 ἀμφικαλύψῃ.
576 3031 754 3117 Exponitur
784 3028 933 3103 ἐπέλασεν
964 3035 997 3097 in
1021 3032 1072 3098 H:
1098 3033 1254 3098 έπιλαθεῖν

63 3140 215 3214 incincta.
256 3140 395 3206 Additur
428 3137 584 3205 Dindorfii
616 3138 793 3204 monitum:
832 3138 1011 3213 „duracinis
1045 3142 1165 3205 correxi
1198 3161 1254 3226 pro

64 3247 278 3322 έπιλαθῆναι.”
325 3247 491 3311 Libentius
534 3245 593 3311 hoo
633 3242 814 3309 refinxcrim
849 3246 900 3308 in:
944 3246 1254 3314 ἐπιλαθέσθαι

63 3355 215 3430 ἒπσένρσιν.

111 3594 144 3645 υ,
170 3567 245 3636 276.
295 3573 426 3649 Κήρυκες
450 3569 477 3634 δ’
502 3569 564 3632 θνα
589 3566 670 3631 ἄστυ
694 3566 766 3629 θεῶν
789 3567 867 3645 ἱερὴν
893 3566 1074 3644 ἑκατόμβην

292 3669 383 3754 ἦγον·
409 3676 453 3739 τι)
478 3675 504 3738 δ’
529 3674 674 3753 θγὲρσντσ
698 3671 944 3751 ιιαρνκιιμθωντες
970 3675 1106 3751 Ἀχαιοί.

63 3781 261 3848 Adnotatur:
298 3784 359 3863 οὐχ
392 3784 416 3846 αἱ
452 3788 510 3846 τῶν
541 3780 728 3859 μνηστήρων,
762 3780 836 3842 αλλ’
879 3780 904 3842 oi
937 3787 994 3843 τῶν
1018 3781 1204 3859 Ἰθαιινρσθων,
1228 3785 1254 3847 σι’

63 3887 213 3963 δημόσιοι.
249 3888 401 3966 βούλεται
439 3888 469 3953 δὲ
501 3885 599 3960 δεῖξαι
632 3884 677 3950 ἔτι
710 3884 905 3955 ’Λπόλλωνος
937 3888 952 3957 ἡ
979 3887 1073 3962 ἑορτή.
1099 3887 1134 3950 τὸ
1160 3889 1205 3970 „oi
1231 3889 1257 3952 θ’

63 3996 131 4061 dxci
158 3995 320 4070 ὥπτνρσαν”
344 3996 404 4079 (vo.
430 3993 496 4062 279
522 3996 620 4079 seqq.)
645 3990 766 4070 μετέβη
792 3989 890 4054 πάλιν
914 3992 964 4054 ἐπὶ
989 3997 1048 4054 τῶν
1071 3994 1255 4074 μνηστήρων·

63 4101 119 4187 (Β)
150 4101 188 4166 In
221 4103 326 4167 codice
358 4110 443 4168 erat:
476 4104 500 4166 ci
534 4101 668 4177 θνρμθσιιι
692 4099 871 4177 βουλευταί.
897 4098 1047 4175 βούλεται
1073 4100 1104 4165 δέ
1127 4136 1179 4176 -,
1207 4122 1259 4167 ox-

63 4210 181 4292 punxit
202 4209 452 4296 dittographiam
468 4229 647 4293 perversam
660 4209 789 4290 insuper
803 4203 1029 4270 Buttmaunus.
1056 4206 1159 4272 Locus
1171 4211 1258 4273 omni

64 4315 182 4381 mendo
209 4316 355 4392 vacabit,
387 4316 442 4379 ubi
471 4314 571 4379 simul
601 4322 743 4379 extremo
766 4311 1057 4377 emendaverimus:
1085 4316 1135 4394 τῷ
1163 4316 1208 4397 „ci
1233 4316 1259 4379 δ’

1081 4433 1114 4482 88
