2978 4950
664 292 727 360 159

114 482 283 568 lisputatur
313 485 399 548 enim
430 484 468 548 de
499 482 621 568 duplici
652 487 735 568 opud
762 485 921 550 Homerum
944 484 1176 572 significatione
1198 507 1290 553 voca·

114 589 162 654 uli
194 588 316 662 ἁλιεύς,
348 590 432 675 quod
461 590 545 675 apud
569 612 641 654 eum
667 599 699 656 et
723 594 848 676 proprie
868 593 1001 674 piscator
1025 592 1110 657 valet
1134 600 1167 657 et
1190 592 1289 658 latius

115 702 195 759 acra.
220 695 296 761 Mox
318 698 352 760 in
377 694 437 761 fine
461 696 487 775 Q
511 697 608 760 habet
632 697 663 760 δὲ
687 696 775 760 κατ’
802 698 942 776 ἑκάτερον
969 699 1058 781 (sic),
1084 699 1168 783 quod
1191 719 1289 765 manu

114 802 244 866 united
268 807 317 865 νῦν
342 802 373 866 δὲ
397 803 505 866 και
492 825 632 882 εκατιρον
655 811 807 884 ἐγχωρεῖ,
835 826 919 869 nunc
940 826 961 868 u
963 813 1073 888 traque
1097 802 1288 891 significatio

114 927 198 972 ocum
222 908 416 973 haberet
361 914 416 993 pot
417 916 475 972 est.
500 909 709 974 —Tandem
734 909 820 974 κατοι
844 911 938 1003 aliter
962 910 1169 994 depravatum
1194 910 1288 976 redu·

114 1014 261 1080 endum
252 1037 286 1079 ιιι
310 1013 436 1080 Scholic
460 1037 499 1080 ex
524 1015 562 1080 M
584 1018 666 1081 adi
692 1016 751 1081 46:

320 1118 398 1185 ὥστε
422 1121 485 1199 γὰρ
510 1123 611 1197 ἠελίου
637 1124 735 1200 αἴγλη
760 1124 855 1188 πέλεν
880 1124 911 1197 ἠὲ
936 1124 1065 1197 σελήνης

322 1228 411 1306 δῶμα
435 1229 503 1292 καθ’
528 1230 680 1310 ὑψερεφὲς
705 1230 870 1296 Μενελάου
894 1231 1082 1306 κυδαλίμοιο.

114 1333 149 1398 ld
179 1335 267 1408 δῶμα
300 1338 367 1399 καθ’
398 1335 550 1417 ὑψερεφές
582 1337 764 1401 adnotatur:
799 1337 834 1401 τι
864 1336 979 1412 cinaeo
1001 1336 1036 1400 τι
1062 1335 1287 1414 ὑψηλόστενον,

114 1442 133 1504 ’ὸ
161 1441 192 1506 δὲ
227 1466 245 1505 κ
278 1442 342 1506 διὰ
373 1443 415 1506 τὸ
448 1442 472 1508 οἱ
505 1446 625 1514 Αἰολεῖς
650 1449 704 1517 τὴν
730 1446 866 1522 πρόθεσιν
890 1443 959 1508 olori
985 1443 1089 1524 ἄρθρου
1114 1459 1288 1523 παραλαμ-

114 1546 251 1613 ιοινουσιν.
287 1549 334 1614 De
357 1549 484 1614 ultimis
509 1553 556 1634 (τὸ
581 1552 612 1615 δὲ
638 1575 655 1614 κ
681 1590 722 1599 -
745 1551 1063 1633 παραλαμβάνουσιν)
1088 1550 1288 1616 Dindorfius:

113 1655 195 1730 ,hacc
213 1676 276 1720 non
297 1655 473 1743 intelligo.”
497 1655 643 1722 Oorreota
663 1661 696 1721 in
717 1659 800 1723 hunc
821 1658 969 1724 modum:
983 1660 1017 1723 τι
1030 1658 1060 1722 δὲ
1083 1657 1211 1734 nerei,
1230 1656 1290 1722 ὅτι

116 1770 212 1826 ΚΔιΑ
245 1769 350 1827 orium
382 1784 420 1828 ex
451 1762 580 1846 ΚΑΤΑ)
613 1765 638 1827 oi
670 1765 792 1836 Αἰολεῖς
823 1767 878 1836 aaa
910 1765 1046 1843 πρόθεσιν
1082 1765 1150 1827 cirri
1186 1763 1290 1842 ἄρθρου

114 1867 417 1947 παραλαμβάνουσιν,
453 1872 520 1934 sine
552 1872 680 1957 negotio
707 1869 943 1957 intellegentur.
977 1870 1152 1935 Credebant
1177 1890 1292 1954 nempe

114 1976 316 2060 grammatici,
343 2013 384 2023 -
410 1997 449 2041 an
480 1974 696 2041 Aristarchei?
731 1980 837 2062 ipsum
862 1977 1079 2042 Aristarchum
1104 1981 1150 2042 ite
1174 1997 1292 2041 errasse

114 2101 158 2147 mn
181 2082 326 2157 credam,
353 2120 392 2130 —
419 2085 683 2168 praepositionem
707 2083 759 2148 hic
780 2083 939 2148 abundare
960 2103 1079 2168 proque
1099 2104 1152 2159 aa,
1182 2088 1218 2147 ut
1238 2083 1291 2147 hic

114 2195 200 2254 roster
220 2188 373 2273 loquitur,
399 2189 570 2254 desiderari
594 2189 777 2253 articulum.
802 2187 1012 2255 Conseruntur
1035 2191 1129 2255 modo
1152 2210 1232 2274 quae
1252 2190 1291 2254 ad

114 2323 120 2368 ι
138 2293 192 2376 85,
218 2295 273 2360 ubi
298 2296 407 2359 eadem
431 2297 527 2361 verba
551 2302 715 2386 recurrunt
736 2296 774 2360 dc
794 2295 923 2361 Alcinoi
936 2297 1029 2361 domo
1042 2296 1138 2370 dicta,
1153 2296 1293 2362 breviter

115 2410 251 2490 aguntur
273 2404 307 2465 in
332 2401 477 2466 Palatino
502 2403 576 2488 (sz
603 2406 731 2482 esperod
757 2405 774 2479 ἧ
799 2403 894 2467 aerei.

144 2616 206 2682 Sed
227 2624 263 2681 ut
287 2617 452 2682 redeamus
473 2618 512 2683 ad
532 2640 605 2683 eum
623 2619 746 2704 locum,
765 2619 848 2684 unde
868 2619 1002 2706 digressi
1023 2641 1134 2683 sumus
1147 2625 1183 2696 (γ
1198 2618 1290 2703 453),

114 2726 208 2789 >aucis
243 2725 402 2811 agendum
438 2730 486 2789 est
516 2725 554 2789 de
584 2724 744 2790 locutione
776 2727 847 2789 κατ’
883 2727 1039 2802 ἐπίθετον,
1072 2746 1134 2809 qua
1157 2743 1219 2789 non
1246 2732 1295 2790 est

114 2829 162 2896 ilia
194 2830 278 2915 apud
310 2832 525 2896 Aristonicum
551 2839 582 2895 et
606 2831 690 2917 apud
714 2831 934 2896 Aristarchum
959 2835 1066 2917 ipsum
1090 2832 1293 2915 frequentior.

114 2935 311 3002 lonferantur
341 2937 435 3002 modo
466 2938 542 3002 haec
575 2940 782 3002 Aristonicea.
816 2949 843 3001 Λ
868 2935 946 3001 186:
976 2936 1021 2999 ὅτι
1045 2938 1077 3000 οὐ
1102 2939 1188 3000 κατ’
1213 2938 1295 3000 ἐπί-

114 3045 212 3107 ιετον
244 3044 279 3106 τὸ
314 3043 483 3124 ῃταχεῖαᾞ
517 3045 593 3108 ἀλλ’
618 3043 686 3107 cieri
711 3049 764 3108 τοῦ
789 3044 933 3126 ταχέως,
959 3039 1016 3108 οἷον
1041 3046 1094 3108 και
1125 3044 1217 3127 »τότε
1242 3068 1292 3121 μοι

114 3149 190 3231 edaci
227 3151 328 3228 εὐρεῖα
363 3149 472 3230 χθών.”
517 3151 621 3234 Atque
656 3150 695 3215 ad
726 3150 803 3214 haec
835 3150 932 3215 verba
963 3151 1005 3235 (Δ
1035 3149 1129 3226 182):
1161 3146 1206 3213 ὅτι
1242 3152 1295 3213 οὐκ

114 3255 165 3320 ἔστι
199 3257 419 3321 καθολικὸν
448 3256 633 3320 ἐπίθετον
656 3256 690 3319 τὸ
717 3255 867 3339 ,,εὐρεῖα,”
892 3258 966 3320 ἀλλ’
991 3258 1020 3319 ἔν
1046 3254 1099 3337 ἴσῳ
1125 3258 1166 3336 τῷ
1192 3259 1294 3334 εὐρεῖα

114 3362 271 3441 νενομένη,
297 3357 353 3426 οἷον
377 3361 446 3440 εὐρύ
471 3387 521 3439 μοι
546 3362 664 3444 χοὶυμα
689 3369 747 3439 γῆς
774 3363 900 3438 γένοιτο.
934 3363 980 3427 De
1003 3364 1112 3429 eadem
1138 3384 1172 3428 re
1196 3383 1232 3428 ac
1257 3364 1295 3428 de

114 3469 213 3535 eodem
239 3467 392 3533 vocabulo
424 3478 450 3532 Θ
478 3469 559 3534 15οι
582 3465 628 3532 ὅτι
652 3471 704 3533 οὐκ
728 3469 764 3531 ἐν
788 3471 837 3550 τῷ
862 3470 1034 3533 καθθλου
1057 3471 1175 3548 εὐρεῖαν
1207 3471 1295 3546 λέγει

114 3589 186 3654 mn,
223 3581 317 3658 atque
347 3577 394 3639 ita
424 3575 462 3639 de
490 3585 610 3654 ταχεῖα
644 3584 670 3638 Θ
695 3573 778 3639 3993
812 3572 858 3639 ὅτι
890 3576 943 3639 οὐκ
975 3576 1039 3639 ἔστι
1077 3577 1207 3641 κοινὸν
1232 3583 1296 3641 νῦν

114 3683 172 3746 ixi
180 3686 293 3746 θετον
314 3682 348 3746 τι
369 3682 544 3760 „roxem”
564 3682 652 3746 ἄλλοι
672 3683 796 3760 πορεύου
808 3681 944 3763 ταχέως.
970 3681 1157 3766 Simplicius
1170 3692 1197 3746 Ο
1214 3683 1295 3749 158:

114 3783 149 3853 ire
180 3791 234 3853 oria
266 3786 349 3851 ἔστιν
382 3788 569 3853 ἐπίθετον
602 3789 636 3852 τι
671 3789 853 3868 ,,ταχεῑα,”
883 3791 956 3852 ἀλλ’
986 3788 1055 3853 ἀντι
1080 3795 1133 3854 τοῦ
1157 3792 1296 3871 ταχέως.

114 3898 185 3961 Κατ’
209 3895 345 3959 ἐπίθετον
367 3897 470 3982 igitur
493 3902 540 3960 cst
564 3897 698 3980 epitheti
721 3916 808 3961 mere
831 3898 971 3961 omentis
996 3895 1106 3979 ιιιοιιο,
1131 3898 1178 3962 ιιι
1197 3905 1235 3962 ut
1258 3899 1297 3964 ad

114 4024 232 4070 sensum
266 4001 347 4065 nihil
372 4002 481 4066 afferat
505 4002 558 4066 det
560 4002 650 4067 rahat
638 4009 710 4075 ιιι
737 4008 833 4087 atque
857 4009 946 4066 ιυιι
900 4002 1085 4067 titadicit
1072 4009 1140 4079 tur,
1164 4008 1221 4070 aut
1244 4030 1298 4069 κα-

114 4109 221 4175 Ιολικὸν
258 4107 411 4190 ἐπίθετον,
446 4108 476 4171 ἐν
462 4110 553 4188 ντῷ
589 4108 734 4184 καθθλυυ,
771 4107 863 4171 κοινὸν
899 4107 967 4170 eald
954 4109 1035 4171 θετυν
1076 4115 1154 4175 caet.
1211 4110 1298 4177 Hinc

114 4218 222 4283 uensim
248 4218 387 4299 suspicio
410 4215 492 4279 mihi
516 4216 650 4279 subnata
618 4222 721 4280 test
740 4235 842 4280 annon
860 4228 890 4279 ct
910 4221 1017 4279 nostro
1034 4213 1102 4279 loco
1123 4214 1297 4282 Aristonici

114 4323 249 4390 chelion
279 4321 394 4399 lateat,
426 4325 516 4385 cuiue
547 4325 697 4386 concinna
730 4322 869 4386 brevitas
900 4321 1138 4404 esequicrihus
1162 4322 1297 4388 dilatata

114 4433 150 4496 ιιι
182 4437 215 4505 et
247 4431 280 4493 in
305 4431 497 4514 quaestionis
519 4435 552 4494 et
574 4431 715 4514 responsi
738 4427 874 4494 formam
898 4428 1033 4493 redacta.
1081 4426 1215 4522 Saepius
1237 4431 1298 4498 hcc
