2978 4950
712 164 777 241 457

144 371 300 454 tnnqnem
319 365 457 454 caligine
477 366 662 449 obscurant,
683 367 799 450 quibus
819 364 956 430 sublatis
967 369 1037 428 tum
1052 362 1182 427 demum
1193 361 1340 426 homines

144 474 185 539 ed
218 473 333 538 altiore
364 473 422 539 illc
452 472 573 557 templo
602 479 724 537 mentes
751 471 975 556 praeiudicctis
999 469 1201 556 opinionibus
1225 468 1341 532 liberes

145 581 270 667 erigere
304 578 462 647 velebant.
516 577 770 663 Gomprobentnr
803 577 880 643 hoec
916 583 949 642 et
982 577 1040 661 iis,
1077 597 1156 661 quoe
1191 574 1340 641 continuo

144 691 340 770 sequuntur:
366 687 420 758 riv
444 685 574 751 έκοίστοο
598 693 656 750 τῶν
681 683 838 764 ἀνθρώπων
862 685 1001 762 οίμαθίαν
1019 693 1153 755 πολλαῖς
1175 685 1338 756 νουθεσίαις

145 797 370 877 κατατρώσας,
402 798 435 858 et
464 813 544 880 qnae
576 792 670 877 paulo
703 799 775 858 ante
798 798 872 857 sunt
897 792 940 878 (p.
966 791 1041 877 3l):
1067 794 1084 868 ἡ
1109 791 1138 855 δὲ
1161 789 1243 870 Ἥρα
1268 793 1340 868 μετ’

145 899 244 964 αὐτόν
276 899 413 984 (Iovem)
447 901 527 963 ἔστιν
560 901 635 983 οίήρ,
659 895 879 978 μαλακώτερον
902 907 1072 981 στοιχεῖον,
1097 897 1147 961 διθι
1171 902 1261 962 τοῦτο
1285 897 1338 961 καί

146 1007 237 1081 θῆλυ.
272 1007 322 1070 τοὶ
358 1007 384 1070 δ’
415 1005 565 1084 οίκριβιῑ
598 1005 687 1086 περί
719 1007 864 1071 τούτου
896 1004 1175 1083 διαλεξόμεθα
1199 1004 1341 1083 μικρὸν

147 1109 328 1193 ὕστερον,
365 1116 416 1176 νῦν
452 1113 477 1177 δ’
512 1113 637 1193 οίπθχιθ
674 1119 813 1177 τοσοῦτον
849 1113 966 1189 είπεῖν,
1003 1107 1065 1176 θτι
1100 1116 1169 1175 τοῦ
1205 1111 1340 1178 ποίλαι

147 1221 314 1300 θολεροῦ
340 1218 608 1298 διαχυθέντος
632 1219 761 1299 οὶέρος,
784 1219 941 1299 αἰφνιδίως
963 1218 1089 1298 διεκρίθη
1111 1217 1145 1282 τδ
1165 1218 1341 1297 σύμβαμα.

195 1473 234 1544 (ί.
269 1476 400 1543 XXXIV
435 1479 479 1563 (p.
512 1476 586 1562 70):
618 1475 785 1562 Sequitur:
817 1481 881 1549 τοῖς
912 1481 974 1556 γαρ
1006 1477 1079 1557 οὶνὶιρ
1110 1476 1282 1557 φιλόσοφος
1312 1477 1343 1541 ε’ν

147 1584 245 1664 θνητῷ
270 1584 321 1648 καί
347 1585 472 1664 ἐπινείῳ
497 1585 539 1662 τῷ
564 1586 685 1660 σώματι
711 1585 820 1655 πτανὸν
846 1580 944 1661 ὥσπερ
968 1606 997 1646 τι
1021 1581 1113 1660 βέλος
1138 1584 1189 1648 τὸν
1214 1587 1280 1661 νοῦν
1300 1583 1343 1653 είς

147 1692 192 1755 τὰ
217 1690 371 1769 μετοίρσια
397 1690 620 1765 διαπέμπεται.
669 1690 804 1756 Faciunt
831 1693 930 1755 etium
953 1690 1030 1755 haec
1055 1690 1095 1755 ad
1117 1689 1343 1755 stabiliendum

146 1801 346 1883 superiorem
378 1804 410 1862 et
440 1797 694 1862 emendationem
726 1806 759 1862 et
782 1798 1083 1881 interpretationem.
1133 1795 1194 1860 Sed
1218 1798 1287 1860 iure
1310 1797 1345 1860 in

146 1903 201 1969 hie
225 1903 364 1970 advertit
387 1902 567 1969 Mehlerum
591 1903 765 1989 singularis
788 1924 865 1968 usus
887 1903 978 1968 verbi
1002 1901 1227 1980 διαπέμπεται.
1261 1902 1344 1980 „lir-

147 2016 307 2097 spectares
338 2011 458 2074 οὶνίεται
490 2009 542 2075 vel
574 2009 679 2075 simile
710 2010 805 2095 quid3
837 2030 938 2094 neque
957 2008 1182 2105 ,διαπέμπεται
1212 2009 1345 2095 abipso

147 2115 316 2182 Heraclito
344 2119 498 2202 scriptum
531 2137 598 2181 esse
630 2115 774 2182 censeo.‘'
820 2115 953 2202 Scripsit
979 2116 1128 2182 fortasse:
1162 2114 1345 2192 οὶναπέμ·

97 2238 117 2267 ·’
148 2233 292 2290 πἐπαι.

197 2469 233 2538 O.
266 2467 402 2535 XXXVI
431 2470 475 2554 (p
502 2465 574 2551 74):
601 2467 647 2531 Ti
671 2468 832 2548 σφαιρικὸν
856 2468 929 2544 ἡμῖν
953 2472 1006 2532 τοῦ
1030 2468 1144 2545 κθσμον
1168 2476 1283 2548 σχῆμα
1308 2466 1346 2533 δι’

148 2578 214 2649 ἑνὸς
237 2577 385 2655 ε’μέτρνσε
409 2577 531 2653 στίχον.
578 2573 732 2660 Figurato
756 2594 849 2639 sensu
873 2574 976 2639 dIcere
1000 2573 1081 2640 solet
1105 2574 1345 2655 διεμέτρησε,

146 2693 187 2751 ut
220 2687 332 2749 stetim
363 2682 460 2748 infra:
495 2690 686 2761 γεωμετρικῇ
719 2680 824 2763 θεωρία
856 2681 889 2744 τὸ
922 2681 1084 2760 σφαιρικθν
1107 2690 1223 2762 σχῆμα
1245 2681 1346 2760 διεμέ-

146 2815 278 2873 τριρσεν,
303 2795 334 2855 ei
358 2790 478 2874 pasSIm
504 2787 593 2853 olibi.

197 3034 235 3100 Ο.
260 3031 417 3099 XXXVII
440 3035 484 3118 (p.
510 3031 586 3114 75):
615 3030 710 3094 Ἔνιοι
741 3031 767 3093 δ’
799 3031 873 3094 είσίν
906 3027 998 3101 οὕτως
1023 3032 1176 3116 ἀμαθεῖς,
1200 3028 1272 3096 ὥστ’
1297 3033 1346 3097 cl·

148 3143 278 3208 τιοὶσθαι
304 3118 353 3204 riv
374 3137 511 3217 Ὀμιρρον
535 3137 587 3200 καὶ
612 3137 678 3216 περὶ
702 3144 761 3200 τῶν
781 3141 898 3214 Λιτὼν,
920 3140 945 3201 εί
967 3138 1026 3209 τοὶς
1051 3138 1122 3211 Διὸς
1144 3138 1239 3216 ρονοὶς
1254 3135 1347 3210 οὕτως

149 3248 279 3330 ὕβρισε,
303 3247 484 3326 διοίστροφον
511 3246 623 3313 αὐταῖς
643 3244 770 3321 περιθείς
794 3246 953 3324 οίμορφίαο
973 3255 1171 3325 χαρακτῆρα.
1196 3245 1346 3310 Primum

148 3355 352 3441 repriendus
383 3351 577 3417 scholiorum
608 3353 753 3415 inversus
783 3350 875 3415 ordo:
902 3348 969 3414 ἔνιοι
995 3351 1020 3414 δ’
1046 3348 1139 3422 οὕτως
1163 3352 1238 3417 eicio
1261 3353 1347 3429 οὶμα-

149 3464 223 3533 θεῖς.
260 3459 343 3524 Tum
368 3460 450 3523 miro
474 3451 593 3522 iudicio
617 3455 782 3521 Mehleruo
805 3456 920 3521 edidit:
943 3458 968 3520 εί
990 3481 1019 3520 τ.
1041 3466 1080 3521 Δ.
1102 3458 1197 3535 γονὰς
1218 3456 1345 3538 ὕβρισε,

148 3590 226 3637 cum
259 3573 382 3633 veteres
414 3564 567 3629 editiones
600 3562 737 3628 hebecnt
760 3563 802 3632 εἰς
828 3586 857 3627 τ.
883 3574 921 3627 Δ.
950 3563 1054 3640 ρονοίς.
1103 3563 1188 3629 Nam
1212 3569 1347 3650 utroque

149 3663 249 3764 opus:
281 3675 315 3738 εί
353 3674 412 3742 είς
444 3671 502 3741 τὰς
536 3673 608 3741 Διὸς
641 3670 736 3748 γονὰς
761 3669 850 3741 οὕτως
877 3667 994 3749 ὕβρισε.
1042 3669 1132 3734 Licet
1155 3673 1240 3735 enim
1263 3669 1348 3755 quod

150 3784 323 3850 dlscrimen
349 3779 508 3844 Lucienus
532 3778 645 3841 statuit
669 3778 802 3859 (Σολοικ.
828 3778 846 3861 §
873 3775 932 3841 10:
958 3776 993 3840 τδ
1019 3776 1075 3851 μέν
1099 3779 1132 3840 σὲ
1159 3776 1291 3858 ὑβρίζειν
1312 3776 1347 3840 τὸ

150 3887 246 3968 σῶμα
270 3887 335 3951 έστι
358 3886 393 3950 τί
419 3885 483 3961 σόν,
509 3919 528 3934 -
542 3920 562 3934 -
580 3882 615 3946 ri
641 3882 671 3946 δὲ
695 3883 726 3953 ές
750 3884 802 3967 σέ,
828 3879 902 3946 θταν
925 3882 968 3954 είς
991 3907 1020 3948 τι
1042 3890 1100 3947 τῶν
1120 3890 1178 3949 σῶν
1197 3884 1347 3960 γίγνηται

152 3999 170 4071 ἦ
195 3995 297 4079 ὕβρις)
320 3994 419 4057 nimis
442 3996 566 4056 erctum
590 4010 647 4055 neo
671 4010 783 4054 verum
806 3990 964 4066 rideatur,
986 3996 1092 4054 tomen
1111 3989 1232 4054 talibus
1251 3989 1344 4067 locis,

151 4101 259 4189 qnolis
288 4099 341 4164 hic
374 4105 438 4176 est,
472 4097 524 4162 ubi
549 4117 611 4161 non
635 4096 673 4160 de
697 4097 814 4160 iniuria
837 4095 929 4161 illota
953 4099 1071 4184 egitur,
1098 4096 1152 4160 sed
1176 4096 1214 4161 de
1238 4102 1348 4162 contn-

152 4207 297 4276 meliosis
332 4206 428 4272 dictis
461 4206 494 4269 in
529 4204 670 4288 aliquem
705 4202 758 4268 vel
792 4202 932 4288 aliquem
965 4205 1150 4288 praesertim
1183 4203 1347 4268 absentem

153 4316 307 4404 ingestis,
339 4334 433 4379 nemo
465 4311 558 4378 facile
590 4311 682 4376 aliter
714 4310 831 4375 dixerit
853 4330 949 4394 quom
974 4309 1017 4382 εἷς
1041 4334 1110 4375 τινα
1136 4307 1285 4394 ὑβρίζειν,
1310 4317 1347 4379 ut
1410 4324 1413 4330 ’
