2978 4950
733 212 798 285 221

126 408 279 470 κῦτονι.
325 403 414 473 Idem
449 407 513 474 iare
547 406 644 493 paulo
676 406 759 471 inira
795 404 849 492 (ad
870 424 919 471 vs.
944 401 1024 489 697)
1057 404 1095 481 ἰα,
1123 400 1238 466 iisdem
1269 394 1360 464 eodd.

126 510 454 581 fflmmemeratur:
488 514 585 591 οἱμὲν
609 512 671 592 γὰρ
699 509 881 598 (Penelope)
904 510 956 576 καί
981 509 1032 575 ἐπί
1057 516 1119 581 τοῖς
1143 507 1274 586 μετρίοις
1298 528 1363 587 χα·

126 610 333 698 λ*Ἰτοιίνεῃ
364 620 379 684 θ
410 621 441 686 δὲ
474 619 619 705 (Medon)
643 618 774 699 εῦχεται
798 619 842 695 μῦ
867 617 1012 697 δέχεσθαι
1038 615 1139 690 θλλνρν
1161 615 1304 680 ἐπίτασιν
1325 611 1361 675 τὸ

126 702 324 804 ῐόλανμα
348 732 408 793 τῶν
430 726 617 807 μννρστνίρων.

213 934 254 1013 ὃ,
279 937 356 1007 701.
388 939 437 1006 De
466 937 567 1005 οίναῦε
600 938 790 1017 νισσίμενον,
816 938 1002 1004 -lemma
1031 937 1199 1018 νειοίμενον
1222 937 1294 1017 dat,
1320 972 1362 985 -

126 1022 227 1105 εἰει
256 1045 323 1133 agn
357 1045 403 1124 n,
434 1067 492 1112 nec
523 1044 664 1111 murrum
696 1043 790 1110 anter
820 1043 1022 1132 atymorogr:
1055 1049 1109 1109 ,ιο
1139 1045 1175 1110 ιο
1199 1043 1363 1125 stretona

126 1145 370 1218 Γβιντθτυπον
393 1151 487 1231 θίμα,
511 1153 525 1216 θ
549 1152 672 1229 μέλλων
697 1152 787 1231 νίσω,
813 1152 865 1215 καί
891 1152 1042 1217 ἐπενθίτει
1066 1156 1119 1217 τοῦ
1140 1175 1149 1215 ι
1170 1150 1273 1228 νείσω,
1296 1149 1363 1215 καί

127 1232 290 1343 θξίίολῇ
326 1265 380 1325 τοῦ
415 1283 430 1322 ε
464 1259 516 1324 καί
547 1257 701 1338 προσθέσει
733 1262 788 1323 τοῦ
812 1284 821 1325 ν
846 1259 928 1324 νίσω.
953 1256 1221 1347 Legendamz*1r
1247 1258 1363 1339 ἐκβολῇ

136 1364 231 1431 ²⁸03)
252 1392 267 1432 ε
291 1365 344 1430 καί
368 1366 521 1446 προσθέσει
546 1371 599 1430 τοῦ
622 1391 631 1430 ι
657 1365 737 1431 νίσω.

222 1575 256 1654 δ,
281 1574 357 1643 722.
381 1575 547 1642 Flebiliter
564 1574 723 1660 Penelope
744 1574 927 1661 adloquitur
946 1574 1096 1642 aneillas:
1117 1581 1233 1660 κλῦτε,
1250 1577 1364 1657 φίλαι·

172 1679 244 1761 *tar
269 1679 333 1761 γιίρ
357 1704 409 1760 μοι
433 1682 609 1760 Ὀλύμπιος
633 1680 729 1759 ἄλγε’
748 1676 866 1746 ἔδωκεν.
893 1681 951 1746 Eat
968 1681 1009 1746 ad
1030 1683 1108 1747 haee
1124 1684 1264 1749 verbnin
1278 1680 1367 1763 HPQ

181 1783 419 1876 elegantissima
453 1788 651 1871 observatio,
674 1807 755 1873 qnae
777 1787 830 1853 val
852 1786 919 1851 sola
941 1786 1155 1866 demonstrat,
1180 1809 1276 1874 quam
1300 1790 1369 1854 ine-

183 1894 242 1960 n'nt
272 1891 389 1962 Graeei
418 1900 452 1960 et
474 1897 600 1981 antiqui
622 1901 654 1960 et
678 1896 865 1960 recentiores
889 1896 1037 1959 aoerrimi
1058 1902 1190 1960 naturae
1211 1896 1369 1961 hnmanae

182 2003 311 2087 eiusque
345 2003 536 2078 παθημάτων
572 2001 783 2088 indagatores.
829 1999 891 2065 aad
926 2001 1022 2065 verba
1054 1999 1158 2067 labem
1189 2005 1224 2067 in
1254 2003 1369 2067 dosori-

182 2105 282 2173 bando
312 2113 535 2173 eontraxerunt
566 2113 598 2171 et
627 2127 711 2172 nnne
733 2109 781 2171 ita
803 2112 879 2171 sunt
901 2115 1083 2192 comparata
1105 2114 1143 2172 nt
1165 2111 1371 2174 aontiseimus

179 2215 332 2300 eariptor,
356 2216 536 2299 quicunqne
559 2213 687 2279 tandem
712 2213 825 2286 inerit,
850 2212 932 2277 nihil
956 2213 1059 2279 dicare
1081 2214 1243 2280 rideatur:
1269 2218 1369 2295 φίλας

178 2327 278 2386 καλοῖ
309 2319 369 2392 τθις
404 2320 592 2399 θεραπαίνας
627 2319 740 2393 οίαείως
776 2329 814 2400 τῇ
851 2318 987 2400 παροθσρ
1020 2320 1208 2400 περιστιίσει.
1245 2327 1371 2388 τοιοῦτον

177 2427 246 2508 γὰρ
280 2427 307 2491 οί
343 2426 566 2508 δυστυχοῦντες
603 2426 850 2504 καταβαίνοντες
884 2428 928 2498 είς
970 2428 1168 2507 ταπείνωσιν,
1211 2429 1275 2493 aab
1318 2434 1371 2495 τοῦ

176 2533 258 2602 ίῦίου
292 2533 468 2611 θξιώματοο
505 2532 690 2611 ἐπαγόμενοι
728 2534 785 2605 είς
829 2530 919 2598 ἔλεον.
968 2532 1093 2601 Ultima
1129 2537 1204 2620 (θπθ
1238 2541 1291 2602 τοῦ
1319 2572 1339 2587 ·
1353 2572 1373 2587 -

178 2641 279 2721 θλιον)
325 2660 387 2706 om.
424 2638 462 2721 Q.
516 2639 553 2705 In
596 2639 648 2705 bis
691 2639 768 2725 quid
810 2641 855 2713 sit
895 2640 957 2704 απὸ
999 2646 1053 2706 τοῦ
1088 2642 1161 2708 ίδίου
1197 2641 1372 2720 ιίξνοθματορ

180 2744 378 2830 ἐπάγεσθαι,
412 2744 538 2812 facilins
573 2753 621 2810 ast
656 2745 805 2811 admirari
841 2766 937 2830 quam
972 2746 1175 2834 intellegam
1213 2750 1289 2834 quid
1313 2751 1376 2816 sibi

179 2851 266 2919 velit
289 2851 463 2930 θποίγεσθαι
487 2852 530 2924 είς
553 2848 636 2916 ἔλεον
654 2852 693 2916 ad
711 2851 965 2940 intellegendum
983 2855 1113 2937 quidam
1133 2857 1210 2919 satis
1228 2862 1376 2941 apertum

181 2972 233 3027 ast
264 2959 320 3025 sed
350 2959 403 3024 hia
424 2957 566 3024 locorum
591 2957 684 3044 plane
707 2958 871 3023 absonum.
919 2958 990 3024 Non
1012 2961 1120 3046 agitur
1142 2982 1226 3026 nuno
1251 2962 1290 3028 de
1313 2962 1375 3028 Pe·

179 3064 297 3151 nelopa
331 3065 371 3130 ad
405 3067 711 3131 commiserationem
748 3065 964 3150 perducenda,
1001 3067 1103 3130 immo
1143 3069 1213 3152 ipsa
1246 3090 1378 3155 persona

181 3170 380 3238 minorabilis
410 3179 467 3236 ast.
515 3171 747 3237 Nee‘multum
770 3171 898 3249 dubito,
925 3173 1003 3256 quin
1026 3175 1072 3238 aio
1094 3174 1256 3259 aoriptoris
1277 3181 1378 3243 nostri

183 3279 345 3345 sententia
366 3279 493 3343 restitui
516 3279 632 3363 possit:
656 3282 783 3343 τοιοῦτον
810 3278 873 3358 γαρ
897 3279 922 3343 σί
946 3279 1189 3358 δυστυχοῦντες,
1221 3284 1379 3361 καταβαί-

184 3407 286 3454 νοντες
311 3383 355 3455 είς
378 3387 562 3450 ταπείνωσιν
589 3385 684 3471 (καί)
712 3385 774 3449 οίπθ
799 3387 852 3448 τοῦ
877 3384 950 3449 ίδίου
974 3385 1149 3462 ἀξιώματος
1172 3388 1378 3467 ΑΠαγθμενοι

186 3491 247 3556 Δί’
269 3488 363 3554 ἔλεον.
410 3493 495 3556 Haeo
517 3496 584 3574 est,
608 3490 704 3566 dioit,
728 3491 917 3555 miserorum
941 3498 1072 3570 natura,
1097 3498 1135 3557 nt
1157 3495 1338 3578 snperbiam
1363 3518 1380 3563 e

185 3597 350 3684 dignitate
379 3602 489 3662 natam
520 3596 678 3682 deponant
709 3615 745 3661 ao
768 3595 972 3663 familiariter
995 3618 1069 3663 eum
1093 3598 1252 3665 inferioris
1274 3603 1381 3668 eondi-

185 3704 288 3770 tionis
309 3702 493 3779 hominibus
516 3709 698 3780 versentur,
720 3722 855 3786 qnorum
879 3705 1188 3772 commiserationem
1207 3707 1378 3774 obtineant.

185 3808 354 3877 Sententia
383 3807 531 3873 similiter
562 3808 756 3874 conformata
787 3811 821 3873 in
852 3811 1056 3894 aequantibus
1085 3809 1206 3900 legitur
1228 3815 1259 3895 (δ
1281 3812 1377 3901 830);

185 3922 318 3984 τωοῦτοι
339 3915 370 3982 et
395 3918 420 3982 οί
444 3913 607 3996 ἄνθρωποι,
632 3917 717 3994 μετὰ
737 3915 779 3982 τὰ
799 3917 1029 3997 κατεπείγοντα
1051 3925 1380 4001 πολυπραγμονοῦντες

185 4023 243 4093 καί
269 4024 421 4104 περὶτῶν
445 4029 567 4090 λοιπῶν.

234 4246 270 4324 δ,
306 4243 384 4311 792.
415 4242 465 4308 Ad
498 4241 594 4309 ῦθλιον
624 4243 690 4322 περ)
716 4245 826 4310 νθνλον
849 4242 950 4321 ἄγωσι
972 4244 1032 4310 bae
1055 4245 1179 4333 glossae
1203 4251 1296 4322 sunt,
1320 4247 1382 4332 pri·

186 4373 285 4421 mam
308 4354 342 4417 in
366 4349 417 4416 H:
442 4349 553 4425 νθκλον
574 4349 614 4416 θν
637 4350 714 4416 νίποι
734 4350 770 4416 τὸ
790 4349 920 4429 δίκτυον,
938 4351 996 4416 nbi
1016 4356 1072 4418 ant
1091 4374 1138 4426 ers
1162 4352 1382 4419 inserendum:
