2978 4950
610 141 676 230 ait

126 396 136 426 ,
157 345 230 415 187.
254 347 360 435 Turpe
383 354 431 415 est
454 350 642 417 brevissima
666 373 715 438 ea,
741 373 821 437 qnae
844 347 1011 417 Palatinus
1031 348 1178 417 observat
1199 328 1239 415 ad

126 454 268 521 erfectam
298 455 473 523 Nausicaae
508 461 699 523 orationem:
738 456 822 542 ξεῖν’,
855 457 921 523 ἐπεὶ
955 457 1024 523 οὔτε
1055 459 1139 535 anaqi
1173 455 1237 520 οὔτ’

126 584 159 627 ru
192 563 274 641 Φωτὶ
311 561 409 637 ἔοικας
445 602 504 642 -,
542 567 724 630 etiamnunc
759 566 804 630 sic
845 565 914 630 edi:
957 564 1021 628 cini
1067 566 1162 627 κοινοῦ
1203 564 1238 627 τὸ

126 669 199 745 ἤιξ’
231 672 283 733 τοῦ
316 671 378 748 γὰρ
411 673 502 747 Ζεύς,
541 692 621 756 quae
653 671 758 737 hercle
789 677 821 738 et
844 675 913 757 ipsa
935 671 1122 756 imperfecta
1146 674 1240 742 sunt,

126 794 142 839 a
171 776 291 840 ratione
323 776 432 841 habita
456 780 638 842 verissimae
662 777 853 843 Buttmanni
877 778 1107 853 restitutionis,
1132 775 1177 840 sic
1201 774 1241 840 ad

126 878 191 958 .06,
225 919 267 929 -
299 882 353 946 ubi
387 889 492 950 totum
524 884 671 948 dictionis
698 886 761 949 cirri
786 890 881 949 καινοῦ
905 884 988 970 apud
1011 883 1241 972 grammaticos

126 1007 149 1050 n
177 986 242 1052 late
272 994 433 1072 patentem
465 988 644 1054 luculenter
671 990 831 1069 illustrat,
858 1028 899 1039 -
926 991 964 1056 ds
986 998 1092 1055 nostro
1118 1009 1241 1074 quoque

154 1094 261 1180 disput
263 1097 361 1159 antis.
393 1095 518 1182 „(haec)
551 1096 645 1161 verba
675 1097 771 1161 etiam
796 1097 998 1169 mutilatione
1020 1096 1182 1173 laborant;
1207 1116 1241 1160 rs

154 1207 259 1264 tamen
288 1210 337 1266 sat
338 1201 365 1265 is
396 1208 502 1286 patet,
471 1202 684 1268 tscholiast
671 1209 724 1268 ten
756 1204 937 1270 docere't
888 1226 921 1267 ιιι
924 1203 1133 1290 telligendum
1158 1223 1239 1268 esse:

126 1310 202 1384 ιι,
183 1307 325 1392 roduna)
346 1306 410 1386 γὰρ
429 1308 504 1379 Ζεὺς
525 1307 687 1388 (cirrostss’
710 1327 788 1394 quae
807 1310 963 1376 emendat'
941 1318 985 1375 tro
1004 1310 1088 1374 mihi
1108 1309 1238 1395 quidem

126 1434 145 1479 a
174 1434 303 1478 omnem
335 1413 567 1480 dubitationem
601 1418 704 1499 posita
734 1416 870 1481 ridetur.
918 1416 1079 1501 Frequens
1113 1436 1179 1481 esse
1209 1419 1244 1480 in

126 1519 246 1585 iliorum
272 1526 451 1585 nostrornm
475 1520 637 1585 codicibus
660 1521 719 1586 hoc
742 1524 874 1599 vitium,
900 1528 937 1587 ut
955 1528 1010 1587 aut
1031 1522 1151 1609 aliquot
1172 1521 1245 1586 lite·

144 1632 198 1692 aut
224 1646 343 1711 paucae
371 1625 513 1712 syllabae
543 1633 599 1692 aut
630 1629 756 1715 integra
785 1649 909 1713 quoque
940 1630 1037 1694 verba
1065 1631 1098 1693 in
1130 1627 1244 1693 lacuna

129 1731 288 1809 derantur,
319 1732 505 1818 plerumque
536 1736 570 1797 in
601 1734 800 1818 periodorum
829 1733 889 1800 fine
917 1735 970 1800 sed
995 1735 1075 1799 haut
1098 1755 1167 1800 raro
1191 1733 1244 1800 vel

126 1839 220 1904 media
243 1841 400 1914 oratione,
425 1842 592 1904 notissima
612 1861 661 1905 res
679 1847 747 1917 est,
768 1862 824 1906 nec
846 1861 926 1926 qnae
937 1841 1034 1905 huius
1047 1842 1120 1904 vitii
1132 1859 1244 1905 causae

145 1946 176 2010 in
198 1945 331 2010 obscuro
355 1952 403 2010 est
426 1948 579 2031 positum.
616 1945 682 2011 Alii
706 1946 769 2012 alia
788 1947 1014 2030 restituerunt,
1033 1948 1102 2031 ipse
1121 1958 1154 2011 et
1166 1945 1245 2011 olim

126 2048 401 2117 Observationibus
433 2051 652 2137 compluscula
675 2052 796 2118 lacunis
820 2053 942 2118 hiantia
966 2074 1028 2118 non
1050 2052 1244 2137 improbabi-

126 2177 151 2240 r,
174 2197 215 2207 —
241 2164 279 2222 ut
303 2165 378 2222 tuno
401 2158 485 2222 mihi
507 2159 638 2225 videbar
661 2164 693 2223 et
716 2181 799 2224 nunc
820 2159 947 2231 videor,
974 2146 1015 2207 ..'
1037 2157 1197 2244 supplevi,
1214 2164 1246 2223 et

126 2266 328 2349 superioribus
351 2264 443 2349 plura
466 2264 529 2331 huc
552 2268 743 2350 pertinentia
766 2266 877 2353 attigi,
901 2287 984 2330 nunc
1008 2273 1130 2330 caetera
1149 2264 1246 2329 huius

126 2370 183 2436 eris
215 2372 391 2457 insigniora
422 2370 530 2436 ordine
561 2391 748 2456 proponam,
775 2378 994 2457 praeterquam
1027 2372 1082 2436 ubi
1106 2370 1246 2436 scholion

128 2494 158 2539 m
182 2483 215 2542 et
239 2475 376 2541 alterum
399 2483 430 2542 et
456 2476 528 2542 aliis
551 2479 680 2562 insuper
703 2477 891 2562 corruptelis
909 2478 1110 2565 gravissimis
1129 2479 1248 2562 premi·
1329 2478 1350 2500 ¹

126 2627 128 2647 .
152 2584 191 2650 de
214 2584 332 2667 quibus
355 2582 492 2671 singulis
516 2602 573 2649 sno
597 2603 720 2668 quoque
743 2583 812 2649 loco
835 2587 941 2670 aptius
963 2585 1097 2650 dicetur.

126 2789 155 2856 ic
187 2793 285 2880 paulo
314 2799 386 2880 post
411 2791 545 2879 (3303)
571 2794 791 2859 scribendum.
817 2795 989 2861 Κεκυθωσι·
1014 2793 1137 2859 ἔστι
1104 2817 1139 2859 ro
1164 2795 1248 2875 ὑγιὲς

126 2902 306 2985 tattoni)
338 2900 401 2964 aiud
425 2905 477 2964 τοῦ
504 2899 615 2976 κεύθω,
640 2896 709 2966 stu
732 2904 864 2976 συστολὴ
889 2902 1151 3020 παρηκολούθησεν
1184 2899 1248 2987 (Q),

126 3022 132 3063 ι
160 3006 386 3072 Herodianum
410 3006 560 3071 referunt.

126 3260 132 3287 »
166 3219 243 3284 144.
280 3218 344 3284 Ubi
375 3218 485 3284 Ulixes
513 3223 582 3284 aere
606 3218 777 3284 obvolutus
801 3240 819 3284 a
843 3219 931 3285 nullo
955 3222 1044 3285 visus
1068 3220 1101 3283 in
1125 3216 1251 3284 Alcinoi

126 3344 146 3387 s
170 3328 369 3412 penetrarit,
393 3330 488 3410 poeta
507 3325 547 3390 de
567 3325 748 3390 Phaeacum
769 3325 965 3411 principibus
983 3326 1080 3391 dicit:
1094 3326 1119 3389 oi
1133 3322 1160 3388 δ’
1175 3325 1252 3406 ἄνεῳ

126 3450 197 3497 voro
222 3432 313 3508 δόμον
339 3431 423 3495 κάτα
446 3438 538 3513 φῶτκ
563 3432 686 3502 ἰδόντες.
734 3432 908 3498 Adnotatio
933 3453 971 3497 ox
995 3430 1078 3512 PQT
1102 3432 1141 3497 ad
1167 3432 1252 3495 hunc

126 3553 188 3602 um
222 3541 270 3604 ita
304 3537 427 3602 editur:
459 3538 579 3606 εἰκότως
611 3535 783 3618 ἐθαύμαζον
818 3534 864 3603 ὅτι
896 3536 1057 3616 προσιόντα
1083 3540 1136 3602 οὐκ
1160 3532 1251 3601 εἶδον.

138 3643 178 3708 in
202 3643 229 3708 'l'
254 3650 302 3709 est
325 3638 401 3707 εἶδον
426 3645 492 3719 τὸν,
518 3664 591 3708 cum
615 3642 729 3708 lacuna
747 3645 780 3708 in
798 3641 983 3709 {inelineae
1005 3645 1101 3729 (App.
1115 3664 1145 3728 p.
1160 3640 1251 3721 772).

126 3745 150 3811 d
182 3750 311 3816 facilius
341 3756 389 3815 ast
419 3771 514 3835 quam
538 3748 720 3814 lacunulam
743 3748 836 3815 illam
860 3751 991 3815 sarone:
1017 3750 1139 3822 εἰκότως
1165 3748 1252 3813 ἔθαν’-

126 3873 158 3916 ιν
181 3853 228 3922 οτι
249 3857 465 3937 προσιόντκ’
435 3879 489 3920 ουκ
514 3851 656 3921 stridor
663 3852 848 3940 ν(ξ.ένοκ)

132 4110 141 4129 .
171 4064 244 4132 1197.
293 4069 337 4152 (p.
371 4065 453 4144 342,
479 4068 523 4149 6).
548 4073 658 4146 Μοῖραι
685 4063 953 4143 ἐπεισάγουσι
975 4066 1017 4145 τῷ
1042 4066 1203 4147 ἀνθρώπῳ,
1235 4067 1251 4139 ἦ

126 4192 224 4249 caute,
240 4176 256 4246 ai
272 4174 398 4249 icabod,
418 4171 600 4249 κ’Ἀτκρπῶ.
617 4172 669 4257 (P)
684 4172 826 4236 Adnotat
837 4170 1020 4237 Dindorfius
1033 4173 1073 4238 ad
1085 4173 1249 4251 'Aroeprcit

126 4297 189 4344 imo
203 4279 386 4360 'asportes’
407 4278 526 4343 Utilius
544 4278 738 4353 doceremur,
760 4278 838 4362 quid
852 4277 979 4342 tandem
992 4278 1111 4343 Parcae
1123 4278 1249 4345 homini
