2978 4950
707 196 775 265 tot

146 398 230 456 καῖον
262 410 318 475 pro
343 388 518 468 eernere
544 387 626 453 irre
649 387 899 477 eocipiendum.”
921 387 992 455 Hoc
1013 386 1145 473 quidem
1168 393 1250 453 certe
1266 390 1376 451 effi·

148 498 194 561 ite
224 506 290 573 eet,
320 498 382 561 nisi
414 495 485 580 quis
508 491 668 561 Graecum
692 502 801 580 putet:
830 496 1002 572 ὶνργκκῑον
1025 493 1057 559 rt
1081 495 1147 559 irre
1172 493 1225 559 ui
1244 490 1376 558 metr

147 604 211 689 (τὸν
235 605 358 689 στίχον)
382 599 478 677 εἶναι,
500 601 585 686 quod
608 600 807 678 Dindorfius‚
832 623 896 687 que
919 608 967 667 eet
990 599 1185 669 Graecitatis
1206 600 1321 686 peritis.

146 712 214 794 ipse
236 712 381 773 omnium
406 707 541 772 minime
563 707 720 791 probabit.
744 710 897 774 Attemen
917 707 1000 772 nihil
1017 716 1066 772 eet
1087 705 1327 790 {miliumqueu

147 817 303 879 emissum
339 833 530 900 recuperere.
579 812 779 879 Scribemus:
810 815 981 892 derexero
1010 814 1043 879 δὲ
1066 812 1120 878 eei
1146 811 1241 879 aere
1262 804 1328 875 rire

148 918 293 1004 (δῆλον)
316 919 383 985 διὰ
406 920 441 983 τὸ
464 918 569 996 λέγειν
593 916 713 998 ὕστερον
736 920 894 985 Μενέλαον
915 935 986 986 κτλ.
1002 919 1036 1005 1).
1079 922 1223 1005 Apparet
1243 936 1331 1004 quem

148 1026 241 1091 feeile
271 1029 379 1103 δῆλον,
411 1025 463 1091 vel
492 1028 599 1110 potius
621 1028 762 1091 itacismi
783 1029 905 1093 ratione
926 1027 1037 1093 hebite
1058 1025 1172 1108 litteo)
1195 1030 1268 1111 poet
1286 1023 1333 1089 tut

150 1133 258 1198 omitti
289 1134 443 1217 potuerit,
476 1134 567 1215 (ΔΙΛ
593 1136 680 1211 ele)
706 1133 880 1218 eodemque
902 1133 1123 1199 observatione
1146 1135 1199 1198 uei
1221 1129 1333 1197 iemiu

149 1240 363 1324 superioribus
382 1237 483 1303 elium
503 1238 610 1304 locum
635 1238 688 1321 (ed
711 1238 729 1303 t
752 1237 814 1313 33,
836 1246 900 1306 not.
924 1260 956 1324 p.
984 1238 1067 1323 175,
1092 1238 1150 1327 24)
1174 1239 1333 1305 leuissimo

150 1347 341 1412 correctione
364 1346 572 1411 restituimus

198 1556 230 1633 t,
255 1555 331 1621 507.
355 1556 523 1641 Neptunus
545 1557 675 1623 Aiecem
695 1556 832 1622 Locrum
851 1557 1072 1624 vindicaturus
1090 1557 1193 1633 ἤλασε
1211 1558 1335 1640 repelet

153 1663 282 1743 πέτρην,
314 1663 377 1728 ext
407 1661 436 1728 δ’
466 1661 590 1743 ἔσχισεν
623 1664 731 1738 αὐτήν.
775 1663 822 1730 De
845 1662 972 1729 ultimis
994 1662 1044 1729 H:
1068 1666 1240 1739 ’Arrunte‘
1265 1668 1375 1731 rir-

154 1770 313 1851 rirtrxtre
347 1778 402 1843 τῆς
438 1769 552 1849 πέτρας
584 1768 619 1833 τὸ
649 1769 737 1849 μέρος
769 1764 791 1851 ᾧ
824 1769 953 1843 ἐκάθητο
984 1769 997 1833 ὅ
1031 1768 1122 1842 Αἴας.
1157 1774 1204 1838 et
1238 1770 1375 1839 (ΜΕ

152 1877 270 1963 (Presf.
303 1898 333 1961 p.
366 1877 436 1957 uin)
469 1877 606 1941 πάντα
637 1875 734 1941 hebet
764 1897 783 1942 e
814 1874 976 1943 Dindordo
1007 1879 1041 1941 in
1070 1882 1135 1943 rie
1165 1886 1375 1957 mueron-

152 2004 216 2070 que
245 1983 284 2049 de
314 2004 349 2048 re
377 1982 527 2048 lectorem
558 1984 686 2048 monuit
715 1984 749 2046 in
773 1982 854 2048 Add.
879 2004 911 2067 p.
935 1981 1012 2049 758.
1059 1982 1132 2069 Ipse
1154 1984 1246 2051 eliud
1267 1984 1374 2071 qui!

153 2091 253 2158 letere
281 2097 360 2176 puto
390 2092 424 2155 in
452 2090 559 2155 codice
589 2091 725 2174 pessime
747 2092 865 2175 scripto
889 2094 948 2155 etsi
972 2089 1046 2156 fidei
1071 2095 1246 2170 meximee
1271 2110 1374 2159 usu·

155 2202 219 2263 ra'rv
241 2195 323 2262 nihil
346 2196 386 2261 ed
408 2216 476 2261 rem
499 2195 585 2263 fecit.
610 2193 779 2280 Explicent
801 2198 1007 2283 gremmetici
1029 2200 1271 2283 eecusetirum,
1289 2197 1374 2263 effi

155 2326 193 2369 ex
224 2306 365 2388 ipsorum
395 2304 553 2366 sententie
580 2304 750 2386 genetivus
780 2305 951 2387 pertitivus
983 2303 1217 2387 requireretur,
1239 2307 1374 2391 itequ-

155 2412 364 2494 scripeerunt:
389 2410 538 2478 Ἀττικῶς
562 2408 684 2484 reive,
713 2407 806 2472 riori
831 2412 899 2472 τοῦ
924 2409 1081 2489 detexere
1101 2418 1158 2483 τῆς
1177 2409 1293 2489 πέτρας
1308 2406 1374 2475 τί

152 2515 262 2597 μέρος,
297 2508 318 2594 ᾧ
346 2513 538 2583 ἐπεκάθητο
571 2514 584 2576 ὃ
610 2512 697 2581 Αἴας.
749 2511 864 2577 Ultimi
889 2517 1002 2579 erroris
1026 2516 1123 2579 codex
1147 2519 1259 2583 insons
1280 2522 1325 2581 eet

155 2626 272 2707 quippe
307 2625 339 2684 in
364 2640 425 2705 quo
449 2620 611 2684 Dindorfio
632 2627 712 2684 teste
737 2620 851 2701 (Praei.
878 2642 907 2705 p.
932 2623 1004 2705 um)
1030 2624 1165 2687 verbum
1191 2625 1326 2709 composi
1340 2658 1374 2667 ·-

157 2740 227 2793 tum
257 2728 373 2793 diserte
406 2725 542 2812 legetur.
591 2726 684 2790 Prius
715 2735 747 2790 et
775 2729 965 2810 primerium
990 2730 1108 2792 vitium
1133 2729 1218 2794 mihi
1241 2738 1374 2794 ortur-

156 2835 285 2900 videtur
311 2854 349 2898 ex
381 2832 601 2917 compendiose
631 2835 786 2916 scripture
815 2832 889 2897 heo:
915 2825 977 2896 rei
1003 2832 1050 2898 rii.
1099 2834 1149 2899 Ad
1173 2856 1242 2900 rem
1265 2855 1374 2920 qno-

157 2944 290 3019 ettinet‚
324 2943 442 3003 iterum
477 2959 557 3021 quae
591 2937 674 3001 ded
706 2939 824 3003 hebent
846 2941 1029 3024 interpretis
1055 2942 1124 3005 vioe
1155 2941 1373 3028 fungentur·-

157 3050 212 3110 ἀπ’
249 3046 346 3120 αὐτῆς
372 3082 414 3092 -
439 3046 589 3127 inquiunt
613 3081 654 3093 —
680 3045 711 3108 δέ
742 3067 771 3107 τι
807 3042 951 3124 ἔσχισεν,
984 3043 999 3108 i'
1031 3046 1097 3110 ἐστι
1131 3047 1221 3126 μέρος
1251 3049 1373 3121 οὔεί

191 3331 215 3389 l)
243 3326 401 3375 Diutzcrieuo
432 3323 468 3373 Ol
495 3323 587 3387 γράφ.Ι
620 3341 666 3389 qne
691 3324 826 3374 coniectum
852 3326 911 3375 mihi
937 3330 1001 3375 certe
1027 3328 1089 3376 nihil
1116 3330 1249 3379 evidentior
1273 3330 1373 3378 ridel

155 3410 302 3475 siguiticevi,
335 3409 371 3457 ite
400 3408 538 3472 obloquitur
568 3408 707 3456 Lerochius:
747 3424 811 3456 ‚uon
850 3408 981 3461 utentior:
1018 3426 1073 3458 uem
1111 3411 1130 3459 si
1166 3412 1202 3462 ite
1235 3412 1373 3476 scriptun

155 3502 249 3557 fuisset,
277 3498 347 3547 verbe
373 3498 495 3561 sequentia
520 3496 651 3556 ἀναγκαῖον
677 3495 704 3545 tt
732 3493 789 3544 rivae
816 3514 862 3546 nou
889 3499 1043 3548 cohaererent
1067 3516 1122 3549 cum
1152 3499 1372 3550 comedentem.

157 3582 252 3632 Accedit
270 3582 332 3645 qnod
350 3580 388 3629 hic
406 3597 425 3627 v.
445 3582 548 3629 emereri
567 3597 613 3629 uon
628 3584 718 3645 potest,
737 3581 834 3629 nomed
849 3597 903 3629 cum
918 3582 1056 3631 referuntur
1071 3600 1133 3646 queo
1149 3584 1273 3634 Meuclsut
1285 3581 1361 3631 infr!

156 3674 214 3720 dicit
231 3672 263 3719 σὺ
281 3667 307 3718 δὲ
327 3668 409 3731 τρίτον
428 3664 492 3730 ἄνδρ’
513 3665 625 3730 ὀνόμαζε,
642 3672 705 3734 quod
725 3672 866 3719 &nodotum
878 3674 969 3733 j'upere
982 3673 1088 3734 poteisrr
1105 3688 1152 3722 eona
1169 3672 1261 3723 crede.’'
1278 3670 1351 3721 Prie

155 3763 244 3811 crimen
271 3762 327 3821 (iste
352 3759 439 3818 ἇνςρκ.
467 3757 488 3806 ὃ,
509 3756 549 3808 rie.
570 3778 616 3809 nou
633 3760 758 3808 cohaerere
777 3776 829 3808 com
848 3765 946 3819 errtccc.)
964 3762 1129 3810 emendatione
1148 3767 1231 3812 nostre
1248 3763 1291 3811 inm
1305 3775 1343 3808 su·

157 3845 248 3893 blutum
265 3860 313 3892 cese
330 3845 427 3891 cou‘ido.
454 3844 524 3907 Quod
543 3843 642 3890 secundo
662 3842 712 3889 loco
730 3843 807 3906 posuit
827 3843 967 3899 lorochios,
987 3860 1033 3907 quo
1051 3848 1075 3892 ct
1095 3846 1277 3894 ltontzerinnnn
1292 3856 1337 3890 coe·

156 3928 271 3975 ierturem
289 3930 312 3973 et
330 3942 406 3975 mcoru
424 3930 555 3984 everteret,
574 3925 662 3973 nollem
679 3925 801 3972 excidisset
818 3926 870 3972 viro
887 3926 980 3987 egregie
998 3926 1074 3974 docto.
1096 3928 1153 3975 Nou
1171 3928 1235 3976 euim
1251 3927 1273 3974 id
1285 3939 1333 3973 rur

155 4009 291 4073 quaeritur,
310 4008 366 4071 quid
384 4009 529 4055 Zenodotum
547 4009 627 4063 lucere
650 4008 764 4072 potuisse,
782 4007 840 4069 quid
859 4023 918 4064 uon,
937 4008 981 4072 ipsi
999 4024 1152 4068 ceueeemus,
1169 4011 1213 4059 red
1227 4008 1283 4073 quid
1295 4022 1333 4055 oa

151 4090 332 4154 praetcroe'disre
349 4090 393 4136 stet
406 4090 552 4152 peremerit
570 4090 726 4138 Aristonicus.
746 4093 823 4153 Atque
842 4089 904 4137 hunc
922 4096 946 4138 et
962 4090 1037 4138 relide
1057 4092 1130 4140 nimie
1145 4096 1169 4141 et
1182 4091 1334 4143 inconsiderate

154 4173 182 4218 de
209 4171 322 4219 Zenodoti
349 4170 503 4227 ethetcsibue,
533 4171 631 4220 tortasse
657 4171 699 4219 sibi
728 4188 755 4219 ue
778 4170 835 4220 bene
860 4172 956 4234 quidem
978 4173 1094 4236 coguitis,
1119 4174 1234 4224 iudicium
1256 4172 1336 4223 tulin·

155 4252 288 4301 luculenter
315 4253 442 4301 edmodum
459 4254 562 4301 ostendit
581 4254 746 4316 Pluygersius,
765 4252 790 4300 iu
809 4253 968 4317 disputatione
985 4255 1013 4301 ‹lc
1033 4256 1154 4305 Zenodoto
1173 4257 1269 4321 (Progr.
1285 4256 1338 4307 leid

154 4336 232 4395 lese),
251 4350 265 4383 e
282 4336 406 4384 Germanis
420 4336 520 4384 eetidiue
535 4336 632 4387 luudete
646 4335 757 4398 (Seugeb.
772 4335 829 4383 Dies.
844 4335 915 4385 llom
928 4337 971 4400 lp.
983 4338 1115 4401 el),qnen
1125 4339 1339 4403 frequentiueleetu
