2978 4950
715 98 760 167 92

143 282 297 354 collatum
328 294 375 351 est
405 287 570 352 exordium
602 290 751 353 orationis
775 287 939 354 Diomedis
964 299 1003 367 Ξ,
1030 285 1114 353 110:
1134 284 1237 367 έγγὺο
1257 282 1329 367 civile

147 412 187 441 ⁴-
212 395 245 459 οὐ
275 393 349 467 δηθὰ
375 393 574 470 ματεύσομεν
600 433 640 441 -
664 395 699 458 ai
721 399 748 458 κ’
774 396 896 469 ἐέέλητε
930 398 947 469 ΙΙ
982 395 1137 460 πείθεσθαι
1161 404 1235 459 ιὲτλ.
1282 389 1333 459 Ad

144 507 294 564 neutrum
337 499 444 565 looum
480 500 591 565 Iliadis
625 502 658 564 in
693 500 829 566 Scholiis
863 522 946 565 nuno
983 500 1104 586 aliquid
1144 500 1334 566 adnotatum

144 608 306 692 reperitur.

188 820 222 898 β.
249 818 303 884 45.
332 817 349 884 ὅ
376 843 427 896 μοι
458 820 551 885 ιιιιιιὸν
583 818 717 896 ἔμπεσεν
748 819 816 900 οἴκῳ
850 819 866 898 ΙΙ
895 820 968 886 δοιοὶ.
995 819 1126 908 Triplex
1149 820 1250 885 huius
1272 816 1336 885 loci

142 927 320 1011 antiquitus
356 926 417 989 fult
454 929 627 1010 scriptura,
664 926 702 991 de
736 928 851 1012 quibus
886 928 934 991 ita
969 926 1096 992 Scholia
1129 926 1176 1012 (in
1199 922 1336 1005 BHMp

144 1031 388 1110 Ἀριστοφάνης,
423 1029 441 1094 ὅ
468 1055 519 1107 μοι
553 1034 637 1097 ιιοιιιοὶ
669 1030 796 1108 ἔμπεσε.
821 1033 855 1096 τὸ
881 1031 911 1096 δέ
937 1029 976 1110 „i'
996 1033 1065 1108 μοι”
1088 1033 1157 1097 cirri
1183 1036 1239 1097 τοῦ
1266 1026 1334 1109 »ὅτι

144 1137 222 1215 μοι”.
259 1136 433 1222 Hucusque
463 1137 508 1221 B;
543 1140 649 1226 pergit
678 1138 710 1202 H
744 1142 788 1222 (et
821 1137 871 1224 Μ)
902 1139 980 1209 τινὲς
1006 1140 1037 1203 δὲ
1061 1141 1137 1202 riva
1163 1138 1240 1225 (sio,
1267 1136 1336 1203 sius

144 1247 288 1329 accentu)
319 1244 396 1323 οἴκῳ.
430 1245 544 1318 κῆδος
577 1247 664 1322 λέγει
699 1243 791 1316 οὕτως
818 1243 857 1321 „3
878 1269 929 1320 μοι
956 1245 1050 1309 κοινὸν
1073 1245 1193 1323 ἔμπεσε
1219 1243 1337 1318 κῆδος”.

145 1349 227 1415 Sunt
249 1351 326 1416 haee
349 1372 366 1415 e
389 1350 550 1437 Didymo,
576 1359 612 1414 ut
635 1352 777 1434 videtur,
803 1357 951 1435 excerpta
974 1358 1069 1436 atque
1093 1352 1172 1417 adeo
1195 1371 1216 1416 a
1240 1350 1335 1416 Mau-

144 1459 223 1522 ricio
251 1455 430 1522 Schmidtio
462 1461 545 1521 inter
575 1461 643 1522 eius
673 1457 822 1542 reliquias
854 1456 970 1539 relata,
1000 1456 1076 1522 licet
1097 1461 1127 1522 is
1150 1457 1338 1544 fragmenta

144 1562 241 1649 paulo
264 1565 360 1628 etiam
386 1562 517 1627 exiliora
539 1563 686 1628 habuerit
709 1584 805 1648 quam
829 1584 912 1627 nuuo
936 1570 1020 1628 sunt.
1057 1562 1208 1649 Triplicis
1232 1565 1338 1650 igitur

144 1673 179 1735 in
209 1671 276 1749 his,
310 1677 346 1734 ut
378 1669 540 1751 diximus,
565 1673 738 1753 scripturae
763 1672 882 1734 mentio
907 1667 959 1746 fit,
986 1690 1122 1754 quarum
1144 1690 1227 1754 quae
1252 1688 1337 1734 nuno

146 1798 269 1863 quoque
291 1775 489 1841 invaluit-
511 1773 528 1838 ὅ
548 1801 598 1852 μοι
624 1775 747 1839 κοινὸν
773 1773 905 1852 ἔμπεσεν
930 1776 1041 1860 οἴκῳ,
1063 1775 1129 1840 δοιοί
1143 1814 1185 1823 -
1199 1777 1328 1840 Aristar

146 1885 205 1950 eho
232 1883 374 1965 debetur,
398 1881 480 1966 quod
505 1888 537 1946 et
560 1903 615 1966 per
638 1903 670 1945 se
694 1885 782 1965 patet
805 1886 836 1946 et
860 1902 898 1947 ex
922 1880 1050 1947 Scholio
1079 1882 1119 1947 ad
1148 1887 1340 1967 sequentem

146 2012 275 2056 vorsum
305 1993 339 2054 in
369 1988 460 2053 Eso‘
484 1990 541 2064 μὲν
566 1987 793 2068 Ἀριστοφάνην
817 1988 901 2051 κοινοὶ
926 1990 1133 2061 πληθυντικῶς
1157 1986 1300 2065 γράφει·
1325 1986 1339 2051 i

147 2098 178 2163 ti
214 2097 418 2177 Ἀρίσταρχος
455 2094 489 2158 τὸ
524 2094 589 2158 δοιοὶ
621 2094 689 2158 ἀντὶ
719 2099 772 2159 τοῦ
804 2093 896 2173 διχῶς
929 2095 1049 2179 οὶκούει,
1074 2095 1192 2179 quibus
1216 2092 1342 2159 similis

146 2202 339 2268 Harlsianus
370 2201 508 2286 praehet.
556 2199 802 2286 Aristophanem
825 2200 973 2284 probasse
994 2199 1153 2285 pluralem
1178 2238 1222 2249 —
1248 2197 1267 2264 ὅ
1287 2224 1340 2278 μοι

147 2310 255 2373 κοινοὶ
291 2306 424 2383 ἔμπεσεν
459 2305 551 2386 olas
584 2343 626 2355 —
659 2327 768 2371 omues
803 2311 946 2371 auctores
981 2312 1063 2371 sunt.
1113 2304 1177 2371 Sed
1209 2306 1276 2372 fuit
1309 2312 1342 2372 et

146 2418 240 2480 tertia
272 2417 443 2499 scriptura:
477 2407 494 2474 i
521 2436 571 2487 μοι
605 2413 728 2476 κοινὸν
759 2410 875 2487 ἔμπεσε
906 2413 1041 2489 κῆδος,
1068 2413 1107 2479 ad
1132 2433 1232 2497 quam
1257 2413 1341 2479 duae

146 2522 378 2587 observationes
410 2541 448 2584 ex
478 2516 573 2582 HMS
605 2556 646 2566 —
679 2525 715 2581 ut
747 2518 889 2594 ridetur,
924 2556 964 2566 -
988 2521 1159 2603 pertinent.
1206 2519 1341 2585 Harum

146 2631 251 2713 prima
280 2632 345 2690 est:
381 2628 459 2696 τινὲς
484 2626 514 2688 δὲ
539 2624 921 2710 οὶνοι(γινιέσιιονσιν)
951 2625 1068 2704 ,,οἷιιῳ”,
1092 2645 1167 2691 uam
1194 2629 1242 2691 sic
1267 2647 1342 2712 sup·

145 2733 299 2819 pleverim
332 2731 413 2797 illud
446 2733 525 2813 οένοι,
556 2731 637 2815 quod
667 2733 734 2794 sine
758 2737 886 2794 accentu
911 2734 1050 2815 positum
1077 2731 1234 2797 editorem
1262 2754 1340 2798 oon-

146 2840 339 2906 turbaverat.
364 2838 430 2903 Neo
454 2837 538 2901 huuc
562 2843 705 2906 tantum.
731 2836 783 2900 sed
808 2843 839 2900 et
863 2835 1031 2900 librarium
1052 2836 1189 2909 Parisini
1212 2837 1343 2904 Smals

145 2947 276 3028 habuit,
296 2947 350 3029 qui
369 2944 406 3008 de
426 2947 604 3009 coniectura
624 2943 690 3005 sine
707 2941 803 3005 dubio
823 2962 880 3004 sua
900 2942 974 3005 hino
998 2942 1075 3014 τινές
1100 2943 1132 3007 δὲ
1156 2945 1234 3019 ,μέν’
1255 2944 1343 3022 οἴομ’

146 3052 264 3135 effecit,
295 3071 410 3135 prave,
440 3070 514 3113 nam
540 3047 678 3132 aliquem
703 3069 741 3111 ex
765 3049 925 3111 veteribus
947 3050 1067 3112 oritiois
1090 3049 1151 3112 hoo
1176 3048 1248 3115 loco
1272 3050 1344 3116 Ho-

144 3159 263 3224 merico
292 3155 310 3221 ὅ
331 3181 380 3232 μοι
407 3155 499 3218 κοινὸν
526 3152 540 3216 ἔ
547 3155 665 3228 μπεσ’
691 3155 744 3216 ἄν’
768 3151 856 3229 οἴκῳ
880 3155 1041 3236 scripsisse
1065 3155 1121 3218 vix
1146 3174 1281 3238 possum
1307 3159 1341 3219 in

144 3268 289 3332 animum
322 3263 479 3327 iuducere.
527 3258 631 3324 Simul
663 3259 747 3323 idem
777 3259 879 3323 scriba
902 3266 1024 3323 caetera
1047 3280 1174 3344 quoque
1201 3262 1342 3327 ulterius

144 3372 331 3456 depravavit·
354 3371 387 3431 in
411 3369 494 3431 huno
518 3365 668 3430 modum:
701 3366 908 3442 desumpsisse
940 3361 957 3426 ἔ
987 3389 1037 3439 μοι
1071 3373 1204 3440 κοινῶς
1241 3369 1343 3453 („sie,

144 3481 260 3545 omisso
288 3474 456 3553 ἔμπεσεν”.
488 3471 599 3554 Dind.)
631 3470 665 3532 τὸ
696 3471 727 3533 δὲ
757 3467 774 3532 ἔ
794 3495 844 3545 μοι
871 3470 938 3534 aar>
962 3477 1015 3534 τοῦ
1042 3469 1086 3535 ἔτι
1112 3497 1177 3547 μοι.
1203 3478 1285 3549 τινὲς
1311 3475 1343 3540 δέ

144 3587 198 3649 ὤν’
235 3582 312 3662 οἴκῳ.
350 3581 464 3654 κῆδος
497 3577 584 3654 λέγει
609 3573 718 3645 οὕτως.
746 3571 833 3650 ἔμοι
860 3575 952 3638 κοινὸν
976 3575 1094 3652 ἔμπεσε
1119 3580 1233 3656 κῆδος,
1260 3589 1344 3647 caet.

145 3690 260 3775 (Praei.
292 3711 322 3772 p.
355 3686 433 3770 xuj.)
472 3683 541 3748 Hoo
577 3690 684 3747 autem
721 3688 830 3765 sponte
866 3688 1013 3765 apparet,
1047 3687 1101 3766 qui
1133 3686 1343 3753 adnotaverit

143 3797 220 3865 τινές
254 3794 284 3858 δέ
309 3794 567 3869 ἀναγινώσκουσιν
595 3785 709 3869 ῃοέιιῳᾞ
733 3790 831 3851 etiam
856 3787 913 3850 hoo
937 3788 1130 3853 vocabulum
1156 3812 1175 3854 a
1200 3793 1342 3877 quodam

143 3903 356 3991 grammatico
380 3905 538 3962 tentatum
563 3914 628 3963 esse
652 3891 845 3978 significare,
870 3892 963 3956 etad
989 3893 1048 3958 hoo
1073 3895 1182 3978 ipsum
1204 3900 1344 3965 releren-

144 4009 223 4073 dum
254 4026 362 4070 censeo
392 4000 562 4068 secundam
592 3999 840 4061 observationem
862 3999 895 4060 in
922 3999 1022 4062 tribus
1045 4002 1211 4068 oodioibus
1237 4027 1344 4071 serva·

143 4121 227 4179 tam:
254 4113 340 4184 κηδοο
365 4110 452 4186 λέγει
477 4103 569 4176 οὕτως
595 4119 665 4166 κτλ.
691 4100 768 4180 Quis
795 4109 903 4165 autem
923 4104 1019 4179 huius
1039 4104 1188 4173 lectionis
1209 4111 1344 4178 auctor?

143 4220 294 4290 Auctoris
329 4219 413 4281 enim
449 4231 564 4277 nomeu
599 4211 717 4292 requiri
749 4209 815 4290 ipsa
847 4213 1020 4275 sententiae
1052 4213 1156 4277 forma
1187 4218 1341 4284 ostendit.
