2978 4950
716 224 778 293 178

149 415 230 480 mihi
262 417 493 483 restituendum
525 416 630 481 visum
656 423 721 501 est,
745 416 780 483 ri
803 417 843 483 δέ
866 416 1041 497 ε’γιιλιτίον,
1064 423 1098 484 et
1120 420 1167 484 sic
1189 417 1301 503 probes

148 527 337 609 scripturam
362 525 404 589 τώ
428 523 471 589 δε.
517 521 630 588 Totius
652 523 876 609 disputationis
898 546 1026 591 summa
1047 527 1153 613 igitur
1173 525 1254 591 liaeo
1276 544 1301 593 οι

148 631 220 693 Tria
242 630 363 696 scholia
384 630 540 695 habemus
563 632 596 694 iu
615 629 667 706 M,
687 630 743 696 sed
760 629 855 716 paulo
874 632 1003 698 oculosa
1017 638 1050 696 et
1061 634 1109 697 sic
1120 630 1301 717 dispescunt

147 735 296 801 Primum
319 736 494 801 Herodiani
517 739 706 801 sententiam
732 738 871 803 breviter
893 741 1033 824 exponit.
1067 736 1186 804 vdie:
1207 736 1301 818 πανοῦ

145 842 299 919 rorarios,
324 841 373 908 ἵνα
397 843 484 923 ionii
507 840 615 907 δνῦιον.
650 843 798 909 Alterum
830 865 869 910 ex
898 847 1054 910 sententia
1081 845 1301 912 adversaricrm

146 949 268 1014 dictum
298 955 363 1014 est:
396 951 429 1014 ri
453 949 493 1014 δέ
516 949 683 1027 ἑγιιλιτέον.
709 950 854 1017 Tertium
879 955 1078 1039 exegeticum
1100 956 1171 1029 est,
1193 953 1242 1019 ita
1261 972 1301 1039 su}

147 1056 316 1142 piendum:
350 1055 405 1141 (τὸ
427 1055 551 1139 τώδε)
583 1056 730 1122 δεικτικὸν
760 1059 791 1123 ὃν
822 1059 910 1133 δηλοῖ
937 1059 992 1130 σῦν
1016 1058 1248 1142 (ἐγγύτητα
1268 1057 1301 1124 sl

145 1164 244 1247 νῦν.)
290 1161 470 1228 Secundum
501 1168 533 1227 et
556 1165 686 1227 tertium
712 1170 759 1228 cst
783 1166 880 1229 etiam
905 1166 938 1228 in
961 1163 996 1229 H
1022 1164 1140 1240 (Praei.
1165 1185 1196 1250 p.
1220 1165 1263 1250 ui)
1282 1201 1301 1212 -

146 1289 186 1335 an
209 1270 254 1332 ibi
274 1288 399 1353 quoque
417 1268 452 1333 τὸ
472 1267 569 1333 τώδε
588 1269 678 1345 sym.
703 1267 877 1354 scriptum?
897 1307 941 1320 -
961 1273 1079 1337 omisso
1098 1268 1301 1356 tameuiipos

145 1375 306 1446 δειντινόν,
342 1374 425 1440 unde
455 1374 593 1460 suspicio
622 1380 729 1440 nostra
757 1373 981 1452 confirmatur,
1013 1398 1088 1442 eum
1111 1376 1212 1443 semel
1237 1376 1300 1441 rii

145 1483 178 1544 in
204 1479 238 1543 τὸ
261 1481 336 1545 τώδε
360 1481 503 1558 abiisset,
529 1483 564 1546 ri
588 1480 664 1546 τάδε
687 1487 760 1548 aute
782 1481 928 1548 δεικτικὸν
952 1489 988 1547 ut
1012 1504 1244 1568 superuacuum
1260 1502 1301 1548 ess

145 1590 317 1664 omissum,
342 1608 473 1674 eamque
496 1594 605 1653 notum
629 1609 685 1674 per
707 1588 896 1673 particulam
920 1589 953 1654 δέ
976 1610 1050 1654 cum
1074 1588 1301 1656 antecedentibu

144 1716 296 1778 perperam
320 1713 503 1760 connexam.
528 1693 638 1760 Solum
663 1697 807 1769 tertium,
831 1702 866 1760 ut
884 1695 1044 1779 vidimus,
1064 1705 1113 1761 est
1131 1699 1228 1761 etiam
1245 1692 1301 1760 inl?

146 1799 234 1865 Haeo
253 1820 325 1865 mea
344 1803 500 1865 sententia
518 1808 566 1866 est
588 1801 627 1866 de
650 1822 683 1865 ra
705 1801 737 1864 in
761 1823 888 1866 summa
911 1803 1066 1868 brevitate
1089 1802 1278 1869 difficillima

620 1904 655 1971 Si
678 1907 755 1992 quid
778 1910 896 1972 novisti
918 1911 1036 1973 rectius
1058 1911 1151 1992 istis,

328 2010 489 2079 Candidus
511 2014 656 2098 imperti;
681 2014 709 2076 si
732 2033 810 2086 non,
834 2012 885 2078 his
907 2023 996 2080 utere
1017 2035 1157 2080 mecum.

190 2226 280 2306 Quod
300 2231 408 2290 nutem
431 2227 561 2287 tertium
579 2225 647 2288 sive
665 2226 864 2310 exegeticum
890 2223 1036 2290 Scholion
1060 2229 1095 2291 in
1118 2225 1157 2290 M
1179 2225 1245 2291 looo
1264 2242 1301 2291 no

145 2353 203 2396 suo
227 2333 366 2415 positum
391 2351 457 2394 esso
481 2329 575 2394 modo
594 2329 754 2406 dicebam,
773 2329 811 2394 de
829 2351 865 2395 ea
885 2352 919 2394 rc
937 2352 1021 2396 nuno
1040 2352 1185 2418 agamus.
1208 2332 1301 2416 timp

146 2460 219 2501 οιιιιι
251 2437 422 2521 prosodicis
445 2438 530 2509 istis,
557 2436 672 2518 quibus
696 2435 898 2521 adiungit-ur,
927 2435 1008 2500 nihil
1032 2437 1128 2502 habet
1151 2455 1301 2502 commum

146 2554 283 2608 armore
303 2541 550 2608 connectendum
571 2551 637 2605 erat
660 2563 732 2605 curu
758 2545 815 2617 iis,
838 2563 917 2626 quae
936 2553 1028 2609 notae
1049 2544 1088 2610 de
1104 2552 1233 2610 accentu
1244 2545 1301 2610 voci

147 2653 221 2714 reiis
244 2654 277 2714 in
301 2649 335 2714 M
358 2647 549 2733 praecedunt
565 2669 600 2712 ac
621 2657 779 2730 praeterea
792 2648 888 2712 eiiam
902 2651 933 2712 in
948 2647 1008 2728 HQ
1021 2658 1213 2735 comparent
1237 2651 1301 2716 bost

147 2761 227 2822 isati
251 2760 335 2820 enim
360 2756 444 2831 ξείνω
468 2755 503 2826 δή
527 2779 589 2816 τινε
608 2758 640 2817 in
659 2754 710 2816 his
728 2755 831 2818 tribus
851 2755 1012 2820 codicibus
1028 2755 1155 2842 (HMQ)
1175 2757 1301 2841 adscript

145 2865 222 2928 haec
253 2870 343 2927 suni:
372 2861 451 2940 μόνῳ
481 2864 522 2939 τῷ
554 2864 704 2937 Μενελάῳ
739 2862 803 2937 περὶ
837 2861 926 2936 ξένων
950 2863 1199 2940 εἰσαγγέλλεται
1222 2863 1301 2928 διὶῚ

146 2971 301 3045 ἠδικῆσθαι
328 2969 385 3031 ὑπὸ
409 2966 503 3042 ξένον.
528 2966 644 3030 Eadem
665 2966 782 3031 habent
802 2966 838 3044 V,
857 2969 911 3033 sed
928 2969 1181 3055 ordinepaulum
1195 2975 1301 3035 mutate·

146 3077 269 3142 duobus
298 3094 421 3159 quoque
452 3073 609 3137 scribendi
639 3074 797 3137 erroribus
826 3074 1014 3159 deformata,
1042 3098 1179 3162 quorum
1201 3084 1301 3162 uterqu

145 3183 372 3269 pervulgatus.
405 3180 471 3258 περὶ
502 3177 573 3257 ξένῳ
606 3199 662 3263 pro
690 3179 794 3256 ξένιον,
829 3189 862 3245 et
891 3182 941 3246 δια
966 3186 999 3247 τὸ
1023 3182 1301 3268 βεβουλεῦσθαιρι

145 3290 434 3367 ἐπιβεβουλεῦσθαι.
459 3286 521 3350 His
542 3289 642 3373 igitur
662 3287 861 3374 adiungenda
879 3288 951 3353 illa:
974 3290 1021 3373 (τὸ
1033 3291 1065 3355 δὲ
1077 3292 1167 3375 τώδε)
1185 3286 1301 3357 detersti

145 3399 174 3462 ὃν
193 3398 280 3469 δηλοῖ
296 3397 350 3466 τὴν
371 3394 536 3471 ἐγγύτητα
561 3394 669 3456 adiri-v.
696 3393 746 3457 Nc
765 3415 814 3458 res
834 3415 890 3478 per
908 3417 941 3459 sc
960 3399 1125 3480 perspicua
1144 3398 1301 3464 auctoritat

144 3511 265 3577 careat,
290 3500 465 3566 adscribam
486 3519 565 3584 quas
584 3499 610 3563 Τ
631 3500 758 3583 praebet
775 3502 808 3564 in
826 3501 1041 3585 Appendicem
1062 3505 1179 3568 reiecta
1196 3524 1226 3588 p.
1250 3499 1301 3569 752

148 3612 236 3675 Ξείνω
270 3608 303 3681 δν]
333 3631 396 3670 τινε
428 3606 523 3670 udde:
555 3606 805 3683 εἰσαγγέλλεται
830 3609 932 3683 μόνω
958 3609 1064 3687 παρα
1090 3609 1187 3686 ξένω
1211 3619 1301 3676 Mare

148 3717 243 3779 λοὶον
277 3713 348 3798 (sis)
384 3712 434 3777 irai
457 3712 492 3776 τὸ
516 3711 814 3790 σοοβεβονλεῦσθαι
840 3713 897 3776 ὑπὸ
921 3712 1012 3790 ξένον.
1037 3716 1070 3798 [ἢ
1095 3711 1140 3780 ὅτι
1165 3713 1301 3794 sirmii

148 3838 238 3887 λεσαι
273 3820 322 3885 διὰ
359 3819 393 3881 τὸ
427 3819 584 3894 ἠδικῆσθαι
620 3821 705 3897 παρὰ
734 3816 844 3904 ξένον]
877 3819 918 3883 τὸ
944 3821 983 3884 δὲ
1006 3822 1104 3885 τώδε
1128 3819 1301 3888 ῦειιιτινιῦ

149 3931 290 4000 δνλοῦν
322 3925 392 3995 τὴν
424 3925 633 4001 ἐγγύτητα
666 3925 808 3989 aristis:
843 3963 874 3974 -
901 3927 1041 3998 ἄλλως.
1076 3930 1145 3993 dist
1182 3934 1233 3994 σοῦ
1256 3924 1301 4006 τοῦ

149 4035 293 4098 ἄλλων.
341 4030 499 4095 Abstersis
531 4029 722 4094 foedissimis
756 4032 912 4096 scribendi
947 4033 1083 4098 maculis
1118 4034 1213 4118 (μόνον
1230 4055 1301 4112 ,σαν

149 4142 220 4218 ξένω
243 4139 405 4204 Μενελάου
429 4155 485 4219 pro
508 4137 603 4215 μόνῳ
627 4137 712 4214 περὶ
737 4135 852 4211 ξένων
875 4139 1082 4220 Μενελάῳ,
1107 4162 1184 4207 mox
1201 4137 1301 4221 σοοβερ

149 4268 206 4331 pro
229 4242 624 4326 ἐπιβεβουλεῦσθαι,
649 4250 719 4306 tum
739 4243 886 4308 δεικτικὸν
905 4245 1012 4319 δηλοῦν
1033 4246 1248 4330 produxistis
1267 4244 1301 4333 (ὃν

147 4355 262 4433 δηλοῖ),
288 4350 424 4417 exclusis
446 4347 544 4413 simul
567 4349 584 4424 ἢ
607 4346 652 4414 ὅτι
674 4385 693 4398 -
708 4385 727 4398 -
747 4352 832 4432 νεαροὶ
851 4351 933 4429 ξένον
953 4373 992 4418 ex
1011 4374 1099 4421 mera
1118 4354 1301 4447 dittographl
