2978 4950
621 145 688 226 4ί3

60 349 335 428 pervicacitatis
360 347 463 426 νέμει.
494 346 583 414 Haec
606 369 670 413 non
694 349 858 414 cohaerere
881 349 986 434 primo
1010 349 1124 415 obtutu
1153 349 1260 436 quivis

59 458 179 525 rideat.
227 455 422 541 Simpliciter
445 455 610 539 indicabo,
635 456 907 541 quemadmodum
932 462 1037 522 totum
1061 458 1146 521 bunc
1166 459 1262 520 iutri-

60 567 215 630 catiorom
247 564 353 628 locum
382 563 530 647 equidem
562 563 760 649 digesserim.
807 569 979 642 Τοιγαροῦν
1008 562 1130 635 είκίτοις
1163 563 1259 639 ίμὲν

61 671 200 751 Ὀμήρου
223 670 315 749 λόγος
341 671 436 749 ίρῶων
459 669 522 732 ε’στί
543 668 629 746 βίον,
649 671 675 734 οἱ
696 668 727 734 δὲ
748 667 911 742 Πλάτωνος
932 670 1071 748 διάλογον
1094 671 1258 749 μειρακίων

61 778 139 842 εἰσίν
175 775 280 857 ἔρωτες
313 777 365 841 καί
397 776 603 861 (παιδικῆς
636 776 856 852 ἐπιθυμίαις
889 776 1092 856 γέμουσι).
1129 779 1211 852 πλην
1234 778 1260 841 εί

62 886 108 960 μη
146 886 186 956 νη
218 884 297 948 Δία
327 882 398 960 βίον
430 883 584 960 ὠφέλειαν
616 885 756 962 Φιίσομεν
789 878 875 952 εἶναι,
899 884 942 946 σοὶ
966 885 1067 960 σεμνὰ
1090 890 1148 948 τῶν
1173 882 1257 948 ἰδεῶν
1287 960 1290 980 Ι

62 991 276 1070 σερετίσματα
298 991 350 1053 καί
368 990 440 1069 παρ’
453 990 710 1069 Ἀριστοτέλους
731 994 798 1054 τοῦ
819 992 1003 1067 μαθητοῦ
1024 991 1259 1069 γελώμενα....

63 1097 172 1164 πνίντα
204 1099 278 1176 παρ’
307 1097 431 1176 Ὀμνίριρ
455 1103 595 1173 γεννικῆς
621 1097 732 1175 alperti:
758 1096 859 1174 γέμει.
885 1099 1030 1180 Φρδννμος
1069 1097 1260 1182 Ὀδυσσεύς,

62 1203 196 1284 ἀνδρεῖος
228 1202 326 1280 λίνος,
360 1204 485 1284 σώφρων
509 1201 691 1280 Πηνελόπη,
717 1202 831 1275 δίκαιος
856 1205 886 1267 έν
911 1202 1013 1269 ἅπασι
1038 1204 1184 1286 Νέστωρ,
1207 1205 1259 1268 εὐ-

62 1312 162 1390 σεβὴς
191 1311 233 1382 είς
266 1308 388 1388 πατέρα
417 1308 631 1393 Τηλέμαχος,
665 1309 738 1389 ὑπέρ
771 1305 808 1373 ὧν
840 1313 926 1391 παρὰ
955 1311 1100 1377 Πλάτωνι
1125 1318 1179 1384 τῆς
1206 1315 1259 1375 τοῦ
1283 1305 1284 1309 ’

61 1417 300 1500 φιλοσόφον
334 1415 492 1495 έξιίρισται
524 1417 758 1487 πολιτείας.
784 1414 835 1480 διὰ
859 1422 948 1483 τοῦτο
971 1420 1065 1500 οίξίας
1090 1413 1176 1495 οίμαι
1201 1423 1260 1481 τῶν

61 1525 134 1590 καθ’
164 1524 299 1604 Ὀμήρου
332 1521 432 1600 λίγων
464 1523 523 1592 τὰς
555 1523 641 1595 δίκας
674 1524 820 1602 ὑπέσχεν.
846 1524 941 1610 Apud
965 1524 1147 1590 Mehlerum
1172 1530 1204 1589 ot
1227 1526 1262 1588 in

60 1630 244 1709 codicibus,
281 1637 318 1694 ut
349 1629 433 1706 dixi,
465 1631 552 1714 prior
583 1633 741 1695 sententia
771 1651 870 1716 usque
911 1633 950 1696 ad
990 1632 1105 1698 verba:
1147 1633 1259 1712 οὶρετνῑς

60 1727 251 1815 γέμειόοιι
282 1739 464 1801 intermisso
489 1742 596 1801 tenore
620 1739 834 1822 continuatur,
859 1718 929 1802 tum
956 1738 1101 1823 exempla
1124 1758 1260 1823 sequun-

61 1851 135 1920 tur,
186 1843 331 1924 Φρίνιμος
374 1843 543 1914 Ὀδυσσεύς
569 1879 589 1892 -
607 1878 621 1890 -
647 1840 805 1924 ε’ξώρισται
841 1854 896 1918 τῆς
933 1844 1050 1914 πίλεως
1089 1848 1177 1928 lnam
1215 1846 1261 1908 ita
1304 1930 1305 1934 ἵ

61 1950 197 2036 edidit),
235 1957 307 2035 post
342 1970 438 2035 quae,
475 1948 558 2034 quod
591 1952 662 2036 quis
694 1953 829 2016 minime
859 1953 1108 2037 exspectaverit,
1140 1949 1197 2015 illa
1222 1950 1261 2014 ds

62 2058 146 2124 ideis
169 2057 427 2144 subiunguntur,
451 2057 546 2142 (raia
571 2058 596 2121 εί
620 2059 665 2133 μη
687 2095 729 2104 -
748 2057 939 2142 γελώμενα),
964 2079 1044 2143 quae
1067 2077 1129 2121 non
1151 2058 1259 2120 minus

61 2167 149 2230 mira
171 2165 232 2230 hac
255 2165 457 2248 excipiuntur
475 2162 694 2229 conclusione:
715 2164 765 2228 διοὶ
785 2169 874 2230 τοῦτο
896 2165 1010 2253 (igitur
1022 2171 1149 2249 propter
1161 2162 1260 2246 ideas)

61 2269 158 2348 ἀξίας
181 2307 201 2320 -
215 2271 305 2341 -τίνς
331 2271 418 2342 δίκας
443 2271 591 2352 ὑπέσχεν.
616 2269 720 2350 Quam
743 2271 927 2337 ioculariter
947 2272 1024 2336 haec
1044 2270 1260 2349 οὶσιίγκλωστα

61 2382 306 2452 connectantur,
334 2397 429 2441 nemo
453 2376 534 2440 mibi
559 2383 607 2441 est
630 2377 816 2441 monendus.
842 2377 954 2463 Itaque
978 2384 1046 2442 tota
1069 2378 1261 2462 transposita

60 2487 223 2550 sententia
246 2484 342 2569 (πλὴν
366 2485 391 2545 εἰ
418 2518 458 2531 --
484 2485 675 2566 γελώμενον),
697 2483 818 2569 duplici
837 2485 967 2570 insuper
980 2482 1099 2548 ‘houna
1120 2490 1257 2558 statuta,

60 2597 96 2657 et
120 2596 194 2676 post
217 2590 269 2655 καί
295 2596 422 2674 etpost
446 2592 633 2667 γελώμενον,
653 2582 701 2638 ’-
726 2588 988 2667 violentioribus,
1013 2590 1128 2667 fateor,
1156 2610 1261 2655 reme·

61 2697 144 2781 diis,
172 2735 214 2746 -·
239 2715 338 2784 grave
363 2693 479 2761 vulnus
502 2699 617 2760 sarcire
641 2700 772 2761 conatus
796 2717 878 2760 sum.
926 2696 1013 2777 Quae
1036 2704 1107 2781 post
1131 2695 1183 2758 καί
1207 2695 1261 2760 ad·

61 2802 199 2885 dabam,
231 2801 395 2886 desumpsi
417 2822 457 2866 ex
480 2800 659 2866 simillimis
682 2804 724 2866 iis
747 2822 827 2887 quas
854 2823 949 2888 supra
972 2810 1017 2888 (p.
1045 2799 1123 2883 148)
1147 2799 1261 2888 legun-

61 2917 117 2975 tur
137 2907 234 2994 paulo
256 2915 329 2973 ants
354 2929 373 2973 a
396 2929 448 2974 me
471 2909 657 2974 emendatis.
706 2907 742 2973 ln
767 2909 883 2993 quibus
906 2930 958 2975 me
982 2930 1110 2974 sensum
1132 2915 1258 2974 tantum

60 3015 286 3090 adumbrasse,
319 3016 375 3080 vix
399 3033 478 3099 opus
501 3021 549 3078 est
572 3021 610 3078 ut
634 3033 790 3080 moneam.
839 3012 922 3080 (lum
947 3015 985 3081 de
1005 3013 1131 3080 lacunis
1156 3021 1259 3080 trans-

60 3122 335 3208 positionibusquc
359 3121 514 3197 dixerim,
538 3141 622 3185 nunc
646 3119 685 3186 do
707 3119 881 3206 scripturae
905 3123 995 3186 vitiis
1018 3124 1128 3208 paucis
1152 3121 1259 3188 videa·

60 3249 146 3292 mus.
194 3226 352 3296 Edidisss
372 3226 552 3292 Mehlerum
586 3229 659 3305 παρ’
683 3227 890 3305 Ἀριστοτέλει
914 3231 956 3309 τῷ
980 3232 1104 3308 μονίητῇ
1129 3227 1259 3294 levioris

60 3335 219 3399 momenti
252 3340 317 3409 est;
350 3331 561 3397 difficiliorem
595 3335 765 3398 inveniunt
795 3337 1050 3419 procurationem
1074 3334 1152 3400 haec
1175 3334 1260 3401 inD

59 3444 107 3506 sic
131 3435 267 3524 scripta:
292 3439 364 3518 ὑπὲρ
389 3434 426 3503 ὦν
451 3441 536 3518 παροὶ
562 3439 704 3504 Πλάτωνι
728 3441 770 3518 τῷ
794 3441 957 3521 Φιλοσόφιρ
981 3451 1035 3514 τῆς
1057 3447 1117 3506 τοῦ
1133 3437 1184 3525 <pil
1204 3447 1257 3508 τοῦ

59 3546 226 3634 Πλάτωνος
258 3544 416 3625 έξώρισται
448 3545 577 3617 πόλεως.
626 3546 662 3610 ln
691 3545 853 3612 Aomnia
877 3548 973 3612 verba
997 3550 1080 3614 inter
1103 3549 1200 3614 πλοίτ.
1228 3575 1258 3613 τ.

58 3652 225 3737 φιλοσόφῳ
249 3658 281 3717 st
305 3655 387 3725 πλὴν
411 3652 437 3714 εί
462 3654 530 3716 sine
554 3650 622 3716 ullo
645 3651 777 3716 lacunae
799 3653 1149 3738 signodesiderantur:
1169 3654 1259 3719 Meh-

58 3760 149 3827 lerus
171 3759 271 3824 edidit
296 3757 490 3844 (dubitanter
510 3759 649 3844 tamen):
672 3760 744 3840 ὑπὲρ
763 3756 800 3823 ὧν
821 3759 908 3838 πονροὶ
921 3758 1025 3825 Πλοίσ.
1039 3761 1081 3841 τῷ
1093 3762 1256 3843 φιλοσόφῳ

58 3865 221 3946 έξοίρνσται
259 3875 314 3938 τῆς
354 3865 492 3943 πόλεως,
513 3885 609 3951 μεθ,
646 3865 776 3930 abiectis
817 3867 873 3949 [τῷ
904 3866 1083 3950 φιλοσόφῳ]
1119 3851 1169 3933 at'
1189 3867 1256 3954 [τοῦ

59 3973 244 4056 Πλάτωνος]
269 3974 449 4056 scripserim
473 3992 553 4057 quae
578 3992 673 4056 supra
696 3972 800 4057 posita
823 3979 909 4036 aunt.
956 3972 1035 4038 Mox
1059 3973 1161 4040 editor
1183 3994 1256 4058 par-

58 4101 171 4168 peram
192 4079 381 4144 admodum:
406 4079 487 4153 πλην
506 4081 530 4142 εί
552 4079 596 4153 μη
617 4077 669 4143 διαὶ
688 4077 759 4155 βίον
781 4079 934 4159 ὠφέλειαν
953 4081 1096 4159 φήσομεν
1117 4077 1193 4144 εἶναι
1214 4083 1256 4146 τοὶ

60 4187 342 4266 --τερετίσματα
369 4184 460 4264 Quod
483 4185 689 4269 reponebam:
715 4186 795 4260 πλην
816 4186 841 4248 εί
861 4188 906 4262 μη
930 4188 971 4248 νδι
997 4189 1077 4251 Δία
1095 4187 1165 4265 βίον
1179 4188 1258 4270 ὠφέ-

60 4312 152 4362 λειοιν
171 4306 242 4357 κτλ.
262 4294 379 4357 nititur
399 4292 516 4357 codicis
536 4293 766 4357 Asuctoritats
779 4311 873 4377 saque
886 4291 978 4358 facile
990 4313 1091 4377 porse
1103 4294 1258 4364 tuebitur.
