2978 4950
122 344 316 415 [umerum
336 348 468 417 solvisse
490 369 570 434 quaa
593 352 785 436 promiserit.
832 351 920 432 Quas
944 356 1111 436 postquam
1135 343 1325 438 singillatim

122 455 292 532 stendit,
320 462 423 522 totam
454 460 764 544 argumentationem
794 460 835 524 iis
865 457 1026 523 concludit
1049 477 1129 541 quae
1153 477 1248 541 supra
1270 455 1324 520 de·

122 563 335 646 tripsimus:
360 558 428 627 ὐλον
451 561 502 626 τὸν
525 562 617 641 λόγον
641 568 695 628 τοῦ
720 563 890 634 Ὀδυσσέως
915 563 1077 627 ὐιιύλονίον
1097 570 1135 643 τῇ
1158 561 1324 642 ὑποσχέσει

122 669 301 742 ἐποίηνεν
335 666 493 747 Ὅμηρος,
531 670 686 750 μειλίχιον
721 706 808 721 ---
832 669 992 750 κερδαλέον
1025 669 1056 733 δι’
1081 683 1152 732 κτλ.
1188 667 1326 733 Notulas

122 774 214 838 nim
246 774 321 840 illas
344 796 473 850 omncs,
495 796 572 860 quas
595 777 688 842 modo
712 779 948 859 memorabam,
973 778 1006 841 in
1033 796 1133 839 unum
1159 794 1225 839 esse
1256 795 1327 840 con-

122 881 313 967 ingendas
337 889 369 947 et
391 882 569 968 Porphyrio
594 883 718 961 deberi,
744 884 825 948 mihi
850 886 917 968 ipse
941 881 1072 947 firmiter
1095 882 1252 966 persuasi,
1276 887 1326 944 nt·

122 1005 176 1050 ue
209 986 291 1053 aliis
311 987 534 1073 persuadeam,
557 991 591 1053 in
610 989 709 1056 altera
728 990 824 1055 huius
836 987 981 1074 opusculi
994 992 1081 1073 parte
1093 1006 1221 1072 operam
1234 986 1323 1051 dabo.

149 1198 273 1280 Quod
296 1204 330 1267 in
354 1201 419 1268 alia
442 1203 702 1268 adnotatiuncula
725 1224 763 1267 ex
787 1201 849 1281 HQ
873 1202 912 1267 ad
936 1202 1020 1267 hunc
1044 1201 1177 1266 eundem
1200 1221 1325 1266 versum

122 1303 129 1378 ι’
190 1306 294 1388 178),
331 1308 379 1378 dds
412 1308 444 1373 δὲ
475 1310 582 1390 ῥιίκοςε
616 1307 703 1384 αὐξει
733 1308 783 1372 διὰ
816 1313 934 1372 τοῦτο
969 1307 1019 1371 τύν
1052 1305 1134 1372 ἔλεον
1169 1305 1326 1371 tralaticio

122 1411 207 1477 itio
247 1417 403 1500 scriptum
435 1423 482 1480 est
505 1415 556 1480 διὰ
579 1419 668 1479 τοῦτο
691 1435 747 1500 pro
772 1414 823 1478 lect
847 1413 993 1478 τούτου
1017 1415 1200 1488 minutum,
1225 1433 1326 1496 neque

122 1519 263 1585 raioris
298 1523 451 1585 momenti
483 1526 557 1584 sunt
588 1540 668 1605 quae
699 1521 884 1607 corrigenda
914 1520 1063 1584 videntur
1094 1519 1133 1583 ad
1163 1541 1210 1583 vs.
1246 1516 1328 1601 180,

122 1619 172 1685 bi
217 1627 275 1692 διὰ
309 1632 496 1719 rectocum
526 1627 675 1713 genetivo
708 1632 865 1691 structum
897 1626 1061 1691 habemus.
1109 1626 1190 1690 Sunt
1219 1632 1327 1690 autem

122 1744 233 1797 ²00:
262 1733 313 1798 διὰ
337 1733 393 1810 μὲν
417 1738 470 1797 τοῦ
499 1733 577 1817 »(σοί
603 1733 634 1797 δὲ
654 1733 710 1797 ὐεοί
735 1732 813 1797 τύσα
838 1733 927 1817 δοῖεν)
951 1727 1007 1795 ὅσα
1030 1731 1119 1812 φρεσί
1142 1741 1210 1813 σῇσι
1230 1755 1328 1808 μενοι·

122 1835 206 1904 ,w
251 1840 332 1919 αὐτῇ
369 1840 554 1902 καταλείπει
588 1841 643 1910 τὴν
671 1836 806 1918 αἵρεσιν,
843 1839 893 1903 διὰ
927 1839 957 1902 δὲ
988 1844 1046 1902 τῶν
1078 1836 1163 1914 ἑξῆς,
1188 1833 1209 1901 dc
1235 1836 1326 1908 αὐτὸς

122 1935 271 2015 ipsam
312 1943 455 2022 γενέσθαι
492 1946 572 2026 αὐτῇ
612 1945 698 2023 παρὰ
736 1947 816 2010 θεῶν.
858 1943 950 2029 (ΕΡ.)
996 1947 1144 2008 Primum
1188 1949 1324 2027 oportet,

122 2046 247 2128 redo,
273 2052 360 2131 παρὰ
386 2055 483 2133 (τῶν)
509 2052 598 2125 θεῶν,
624 2050 736 2115 deinde
765 2057 928 2115 rectumne
951 2051 1004 2114 hic
1023 2071 1090 2115 esse
1110 2056 1213 2134 potest
1236 2050 1326 2127 αἱρεῖ-

122 2146 225 2219 loer‘l
261 2154 366 2237 Quid?
396 2156 508 2222 Ulixes
535 2155 698 2240 squalidus
730 2165 762 2222 et
794 2156 927 2241 supplex
957 2151 1064 2243 rogiae
1097 2156 1216 2242 virgini
1248 2156 1328 2219 bona

122 2252 216 2334 '5955
259 2284 340 2349 quae
376 2265 405 2327 ei
442 2283 460 2327 a
496 2261 556 2326 diis
595 2259 761 2327 eveniant?
802 2263 995 2342 Quantocins
1035 2262 1210 2327 revocanda
1253 2280 1327 2326 vera

122 2367 250 2435 ctio:
277 2363 299 2434 οὐ
324 2369 415 2439 αὐτὸς
440 2357 628 2433 αἰτεῖται
654 2367 796 2446 γενέσθαι
821 2369 902 2448 αὐτῇ
928 2367 1013 2447 arcp&
1038 2370 1120 2452 (τῶν)
1140 2368 1223 2442 θεῶν,
1247 2386 1326 2450 quaa

134 2463 325 2542 Palatino
345 2475 451 2540 oblata
470 2469 649 2540 inconsulto
661 2481 766 2559 spreta
779 2480 835 2539 est.
862 2475 1018 2539 Alasiotas
1034 2475 1209 2539 enimbene
1221 2474 1327 2538 Attice

123 2569 236 2646 iam
270 2582 355 2647 idem
388 2581 492 2647 valere
520 2587 616 2666 atque
639 2581 807 2660 εὔχεσθαι,
832 2582 916 2665 quod
940 2582 993 2646 hic
1020 2583 1112 2645 unice
1136 2581 1324 2665 requiritur,

122 2677 194 2745 ¹18
232 2685 354 2753 nescit?
377 2688 570 2782 Adscribam
589 2708 690 2751 unum
710 2709 727 2752 e
748 2687 958 2772 Xenophonte
977 2685 1102 2758 locum.
1124 2693 1161 2750 ut
1174 2687 1216 2750 sit
1227 2688 1327 2749 instar

122 2794 305 2861 unium:
332 2800 424 2873 Κῦρος
448 2791 512 2857 ἓίυε
537 2799 650 2872 πρῶτον
673 2794 730 2870 μὲν
755 2791 811 2857 Διί
831 2794 981 2871 βασιλεῖ,
1007 2792 1118 2857 ἔπειτα
1139 2792 1169 2855 δὲ
1192 2793 1242 2855 καί
1263 2799 1326 2862 τοῖς

122 2899 249 2973 Uoco
281 2903 374 2977 ίεοῑς,
402 2897 449 2973 οὓς
481 2897 692 2982 pertentasse
718 2901 769 2964 καί
795 2902 931 2976 εὐμενεῖς
956 2899 1046 2972 ὄντας
1066 2899 1222 2978 ἡγεμόνας
1242 2898 1326 2976 γενέ-

122 2992 190 3064 Ιινιι
232 3018 272 3090 τῇ
297 3014 441 3091 στρατιᾷ.
466 3004 596 3094 (Gyr0p·
620 3006 686 3086 ῙῙῙ,
710 3025 746 3072 111
770 3008 788 3091 ἓ
810 3006 879 3094 21)·

142 3214 229 3284 At
259 3223 391 3309 gravius
420 3219 537 3286 vulnus
568 3220 694 3286 subesse
725 3222 853 3287 videtur
881 3223 915 3286 in
935 3220 1054 3286 scholio
1078 3222 1117 3286 ad
1145 3219 1165 3301 ζ
1187 3220 1250 3287 185
1274 3223 1328 3287 ad·

122 3313 273 3412 ¹'ipto,
306 3327 346 3392 ad
376 3325 657 3391 celebratissimam
690 3326 781 3392 illam
813 3326 918 3391 Ulixis
941 3331 1148 3404 sententiam,
1174 3351 1236 3394 non
1260 3351 1327 3394 esse

124 3408 242 3497 lam
276 3433 410 3498 domum
444 3432 631 3506 feliciorem,
667 3453 763 3517 quam
798 3433 854 3497 ubi
887 3435 935 3498 vir
967 3440 999 3498 et
1031 3455 1109 3499 uxor
1139 3437 1323 3500 concordem

124 3537 282 3606 entem
306 3547 429 3627 gerant.

321 3642 362 3708 ὐί’
385 3645 600 3727 ίμοφρονὲοντε
624 3647 771 3723 νοήμασιν
795 3642 873 3710 οἶκον
898 3642 1010 3724 ἔχητον

276 3753 349 3832 daim
374 3751 424 3826 ἠδὲ
448 3754 543 3830 γυνιί·
568 3750 663 3817 πόλλ’
688 3750 795 3829 ἄλγεα
819 3751 1049 3830 δυσμενέεσσιν,

276 3858 435 3938 χύρματα
460 3860 680 3940 δἐὐμενέτῃσι·
706 3858 850 3935 μάλιστα
875 3858 906 3923 δέ
930 3858 1067 3924 τ’ἔιιλυον
1091 3862 1187 3926 αὐτοί.

122 3956 323 4050 Reposito
346 3963 498 4029 lemmate
520 3964 678 4044 χάρματα
698 3964 722 4029 δ’
746 3964 923 4045 εὐμενέτῃσι
944 3965 1021 4031 haec
1041 3964 1193 4053 leguntur
1204 3970 1236 4031 in
1249 3967 1321 4048 EQ:

122 4070 323 4149 ’ῩῩενίσμ
354 4072 475 4155 Φίλοις,
508 4073 638 4149 εὐμενῶς
670 4070 867 4143 διακειμένοις
899 4071 964 4134 καί
997 4074 1205 4137 εὐνοούσιν
1229 4076 1325 4152 ἀνὴρ

127 4164 199 4228 ²}
241 4181 257 4254 ἦ
288 4179 398 4257 γυνή.
424 4178 458 4242 τύ
482 4177 513 4241 δὲ
541 4176 665 4260 »ἔκλυον
689 4178 794 4243 αὐτοί”
820 4179 880 4255 ὐφ’
905 4178 1009 4253 ἑτέρας
1034 4180 1144 4257 ἀρχῆς.
1194 4180 1325 4246 Caetera

122 4273 248 4350 Perta
278 4291 352 4350 sunt
382 4293 414 4349 et
445 4287 625 4370 perspicua,
659 4285 712 4349 sed
743 4285 825 4349 unde
853 4292 980 4369 repente
1012 4295 1154 4350 exortam
1180 4286 1324 4354 dicamus
