2978 4950
715 223 757 301 39

147 448 252 494 rarum
293 427 437 513 praebat:
472 463 525 478 -·
557 424 633 494 σύτο
676 428 727 490 καὶ
771 425 895 506 ἄπειρος
932 425 1042 497 κύκλος
1077 428 1091 492 ὁ
1135 429 1330 494 τολυπεύ-

145 557 223 615 ρον·
254 528 297 598 ού
324 531 403 612 γὰρ
432 533 478 598 οόν
509 533 602 615 ἓλύη
634 559 713 609 τις,
746 538 868 599 τοῦτο
892 535 991 598 αὐτὸ
1016 533 1054 597 τὸ
1079 535 1200 610 τέρας
1225 538 1328 600 ἐστί.

144 640 348 719 σημαινούσης
374 640 412 705 δὲ
436 647 491 713 τῆς
517 665 538 704 α
563 640 615 704 καὶ
639 642 674 705 τὸ
699 640 760 705 ἴσον
785 655 856 704 κτλ.
881 638 971 705 Satin
994 645 1117 704 certum
1141 649 1190 705 est
1215 644 1248 705 in
1272 643 1331 708 hac

144 748 311 813 verborum
347 745 553 812 collocatione
587 743 622 811 ού
658 746 721 826 γὰρ
757 744 795 811 ἂν
839 783 861 794 -
883 781 901 794 -
938 745 1032 825 τέρας
1070 747 1138 810 ἐστι’
1172 747 1333 813 referenda

144 874 207 919 esso
235 853 276 919 ad
299 849 376 916 ούτοο
400 877 429 915 κ.
454 848 576 930 ἄπειρος
599 851 711 922 κύκλος
736 851 749 915 d
774 848 1047 930 τολοτεύρωνύ
1094 848 1200 916 Simul
1223 851 1333 919 confir·

144 965 268 1026 matum
300 958 465 1032 videmus,
499 959 582 1043 quod
606 959 770 1042 dicebam,
794 977 851 1042 pro
874 956 946 1036 ἔχον
969 959 1003 1021 in
1026 955 1184 1043 Odysseae
1207 957 1334 1025 Scholio

144 1067 278 1132 verbum
308 1062 435 1128 finitum
467 1067 605 1150 requiri,
634 1065 777 1130 eiusdem
809 1066 975 1149 potestatis
1007 1085 1043 1129 ac
1067 1065 1135 1128 ἐστι’
1158 1067 1191 1128 in
1215 1064 1330 1130 Iliacis.

146 1170 204 1237 Sed
232 1193 273 1237 ne
305 1173 350 1235 sic
379 1169 510 1254 quidem
541 1175 649 1236 omnia
673 1178 757 1235 recte
781 1171 908 1235 habent.
956 1170 1028 1235 Nou
1053 1191 1162 1235 verum
1186 1177 1250 1248 est,
1273 1191 1336 1256 quo

146 1282 214 1363 quis
236 1276 473 1365 progrediatur,
497 1279 531 1339 id
553 1278 645 1360 ipsum
670 1280 738 1342 eius
763 1277 807 1342 rei
832 1278 1006 1340 terminum
1032 1297 1114 1353 csse;
1139 1277 1173 1342 id
1192 1282 1251 1360 ipsi
1274 1283 1335 1343 ter·

146 1385 268 1448 minum
302 1404 387 1468 esse,
421 1385 566 1470 equidem
600 1386 706 1468 potius
730 1382 927 1448 crediderim.
975 1383 1086 1467 Itaque
1109 1404 1206 1468 preve
1229 1384 1336 1449 editur

147 1494 234 1554 τοῦτο
259 1492 358 1555 αὐτὸ
383 1492 477 1571 τέρας
504 1491 584 1565 ἐστι’,
611 1490 738 1574 pravius
767 1489 886 1565 etiam,
919 1508 999 1572 quae
1030 1488 1230 1554 Scholiorum
1261 1491 1337 1555 Ilia·

147 1615 255 1661 aarum
281 1596 375 1662 lectio
398 1597 543 1673 videtur,
567 1601 656 1659 τοῦτο
681 1593 780 1657 αὐτὸ
804 1596 846 1657 τὸ
870 1596 965 1673 τέρας
991 1595 1072 1670 ἐστι’,
1103 1595 1222 1659 ultima
1245 1617 1336 1662 voca·

144 1703 209 1768 buli
240 1703 317 1768 αύτὸ
349 1703 474 1791 syllaba
499 1701 670 1767 oscitanter
692 1704 836 1786 repetita.
883 1699 1003 1765 Verum
1028 1709 1093 1765 est:
1117 1707 1204 1765 τοῦτο
1230 1705 1334 1785 αύτῷ

144 1809 236 1888 τέρας
275 1811 357 1886 ἐστι’,
397 1816 429 1874 et
459 1814 565 1874 nostro
597 1807 681 1872 loco:
718 1812 806 1871 τοῦτο
842 1805 901 1890 (ἂν
938 1807 1021 1889 add.)
1059 1807 1167 1888 αύτῷ
1205 1845 1246 1857 -
1281 1810 1333 1875 val

143 1917 247 2000 patius
270 1922 398 2000 propter
420 1912 653 1980 intolerabilem
679 1914 804 1978 hiatum
829 1912 929 1977 τοῦτ’
957 1912 1026 1997 (ἂν)
1052 1914 1156 1993 αὐτῷ
1175 1951 1215 1961 -
1237 1915 1331 1993 τέρας

144 2022 211 2091 bras
248 2020 355 2104 ἔχοι,
390 2020 548 2106 quomodo
582 2018 705 2084 nudum
741 2020 808 2083 ἐστί
846 2039 907 2083 uon
945 2018 1119 2106 ineleganti
1158 2020 1332 2104 periphrasi

144 2127 294 2192 redditur.
342 2127 528 2192 adscribam
559 2146 643 2190 nunc
674 2131 778 2190 totum
809 2124 932 2202 locum,
962 2125 1232 2209 quemadmodum
1261 2147 1332 2193 con-

145 2233 339 2298 stituendum
366 2254 433 2298 esse
456 2253 550 2317 supra
574 2235 708 2316 carptim
732 2230 929 2318 significavi:
955 2229 1068 2296 Ἰστέον
1092 2232 1121 2295 δι’
1143 2229 1188 2297 ὅτι
1208 2232 1330 2312 ύτειρος

146 2341 158 2403 d
187 2341 301 2413 κύκλος
335 2340 387 2403 καὶ
417 2344 434 2412 ἦ
468 2347 590 2420 σφαῖρα
622 2340 752 2414 λέγεται
786 2338 803 2412 ἦ
836 2337 887 2402 διὰ
918 2341 952 2401 τὸ
977 2342 1020 2413 μη
1045 2339 1153 2418 τέρατι
1179 2340 1332 2422 διαφόροις

148 2446 344 2528 ἀφορίζεσθαι
378 2446 489 2510 κατὰ
520 2445 703 2525 στέρησιν
733 2449 800 2509 τοῦ
830 2467 868 2508 α·
901 2445 918 2517 ἢ
948 2444 997 2510 διὰ
1020 2446 1054 2510 τύ
1078 2447 1184 2510 πολλοὶ
1209 2447 1331 2527 στέροιτο

147 2549 229 2632 ἔχειν
264 2558 353 2616 κατ’
391 2553 579 2616 ἐπίτασιν
610 2556 676 2615 τοῦ
709 2575 748 2614 α’
783 2589 824 2598 -
856 2547 892 2615 ού
915 2551 978 2631 γὰρ
1001 2552 1039 2616 οἶν
1063 2551 1134 2631 tat-4
1156 2577 1222 2629 τις,
1247 2558 1332 2620 τοῦτ’

149 2656 218 2741 (ἂν)
244 2659 352 2738 αὐτῷ
376 2657 472 2737 πέρας
496 2659 566 2730 ἴσως
592 2657 694 2738 ἔχοι·
722 2695 762 2705 -
788 2657 819 2731 (ἢ
843 2658 918 2738 intel
941 2657 990 2722 tre
1010 2659 1044 2722 τὸ
1062 2659 1239 2740 iuniperus
1256 2659 1333 2728 alvers

148 2763 194 2828 διὰ
230 2765 287 2839 την
316 2765 349 2828 ἐκ
379 2770 433 2828 τοῦ
463 2765 559 2840 μέσου
586 2763 659 2840 πρὸς
683 2767 718 2828 τὸ
743 2761 830 2839 πέριξ
854 2763 919 2838 ἴσην
945 2764 1119 2830 οὶτύστασιν
1144 2767 1233 2831 κατ’
1259 2769 1333 2833 ἰού·

148 2890 250 2943 τητοι
280 2875 345 2935 τοῦ
377 2894 417 2946 α,
448 2891 529 2954 quae
552 2891 636 2934 nune
659 2869 825 2954 perspicua
848 2891 914 2935 esse
938 2872 1088 2949 arbitror,
1114 2881 1146 2936 ct
1167 2872 1335 2940 intellectu

148 2973 261 3039 facilia.
309 2974 429 3041 Eadem
461 2996 554 3060 opera
589 2975 768 3040 eximamus
803 2973 1016 3041 leviusculum
1052 2979 1204 3042 mendum
1242 2980 1336 3066 paulo

148 3080 225 3147 inb-a
252 3079 291 3164 (l.
315 3080 389 3161 24),
414 3082 470 3147 ubi
495 3081 579 3166 quod
604 3081 643 3145 ad
668 3079 804 3144 Iliadem
828 3080 862 3145 ll.
884 3080 1019 3168 legitur:
1043 3083 1056 3145 ύ
1077 3087 1140 3162 γὰρ
1157 3085 1252 3164 λόχος
1272 3086 1337 3151 ἐστὶ

151 3185 254 3263 τάξις,
288 3187 354 3251 ἐπεὶ
387 3188 451 3252 καὶ
484 3188 498 3251 ὁ
531 3186 711 3266 λοχαγὸς
742 3187 986 3267 ταξίαρχος,
1022 3190 1127 3255 multo
1152 3191 1266 3256 melius
1291 3198 1339 3258 eat

149 3332 318 3343 *ιι-

149 3403 238 3468 νούσης
255 3378 421 3464 Ισημεῖον.
446 3402 531 3465 ἀρχή
549 3402 587 3452 τύ
603 3405 681 3452 'serr
700 3403 753 3452 nai
771 3402 886 3466 κύριος·
906 3401 973 3464 ξονον
991 3407 1040 3469 γὰρ
1059 3406 1127 3471 ἀρχοὶ
1147 3409 1186 3458 καὶ
1206 3408 1279 3472 τύρας
1298 3411 1341 3460 'sari

152 3491 237 3542 κύκλον
262 3495 410 3555 πορνφσρτιάς
436 3494 503 3541 κατὰ
528 3493 570 3540 τὸν
596 3492 762 3555 Ἡράκλειτον.
781 3499 813 3559 (p.
832 3497 871 3552 50,
890 3495 906 3544 l.
926 3497 1040 3557 ll-·lb).
1060 3499 1127 3563 Quae
1145 3501 1246 3550 diductis
1264 3502 1341 3551 literis

150 3578 274 3642 significavi
300 3593 357 3627 vers
382 3594 431 3626 esse
458 3580 585 3641 nequeunt.
622 3579 678 3626 Non
701 3579 765 3626 euim
787 3579 812 3626 iu
836 3579 972 3628 universum
989 3581 1033 3630 hoc
1052 3583 1127 3642 valet,
1145 3585 1185 3632 sed
1203 3586 1231 3633 de
1249 3586 1339 3635 circulo

150 3672 247 3718 tentum.
285 3668 370 3731 Itaque
387 3668 554 3733 praetulerim:
573 3669 622 3714 rar
639 3667 688 3728 γὰρ
704 3663 718 3714 ὃ
736 3665 765 3715 aa
784 3685 836 3724 τις
851 3664 923 3718 'seri
936 3672 1033 3736 νούση
1049 3668 1154 3732 σημεῖον,
1169 3673 1238 3736 ἀρχή
1246 3673 1342 3724 τέὀστι

150 3757 185 3805 καὶ
209 3756 293 3819 artene.
328 3757 416 3806 Statim
438 3757 558 3820 sequitur:
582 3751 628 3804 τοῢ
654 3757 733 3805 τοίνυν
758 3755 847 3806 κύκλον
866 3760 933 3807 κατὰ
950 3762 997 3818 την
1016 3761 1164 3824 ττριφύροιαν
1181 3758 1249 3821 ’ὄντος
1268 3781 1343 3814 τιτι·

150 3847 263 3910 mpsim
283 3846 325 3895 nal
343 3847 377 3909 μη
395 3845 492 3907 ύτσίροο
511 3846 579 3895 κατὰ
598 3845 628 3894 rt
648 3842 799 3907 δοκξίτητον,
819 3845 873 3898 ούκ
893 3843 927 3897 tv
948 3850 1086 3912 λέγοιτο
1104 3855 1179 3916 πρὸς
1205 3853 1343 3919 τέρασιν
1424 3877 1427 3882 ’

151 3935 230 3997 αύτιὶ
259 3934 477 3997 ”repletam
506 3937 572 3984 mle
596 3935 624 3985 dl
649 3938 680 3985 τὸ
706 3940 739 3998 μὴ
761 3936 830 4001 ’ύχοιν
848 3939 917 3989 τούύν
935 3958 976 3989 τοι
995 3938 1098 4005 διάφορα
1116 3943 1226 4006 τέρατα,
1246 3950 1294 3996 τᾶν
1313 3964 1342 3996 τι

151 4027 177 4076 τύ
204 4028 294 4091 baptis
319 4025 400 4089 ἀρχὴν
425 4021 483 4074 εἶναι
509 4026 550 4074 sat
575 4025 663 4089 σύρας,
689 4025 784 4091 itureos
809 4029 911 4078 ὀκύλονν
930 4031 972 4079 τον
991 4029 1087 4081 κύκλον.
1122 4036 1269 4101 Porphyrius
1286 4051 1340 4085 cum

150 4118 222 4168 dicere
240 4117 348 4167 deberet:
368 4113 410 4164 oba
429 4109 458 4162 ἂν
477 4113 578 4176 λέγοιτο
597 4117 654 4177 πρὸς
673 4116 773 4180 τέρασιν
791 4117 926 4181 ύττσιρος
943 4118 1016 4178 εἶναι,
1034 4123 1127 4172 camare
1141 4124 1227 4172 maluit
1240 4125 1279 4172 sed
1294 4141 1341 4173 uon

150 4201 179 4251 ia
205 4207 234 4251 nt
259 4201 330 4266 plane
355 4199 502 4248 eontrarium
528 4200 619 4249 diceret
644 4217 728 4250 eorum
755 4218 814 4266 quae
840 4203 917 4252 dicere
944 4205 1048 4254 debebat.
1084 4207 1129 4255 Sed
1147 4207 1224 4266 dedit,
1241 4207 1342 4272 opinor:

152 4288 189 4339 vlt
215 4285 245 4338 ἂν
265 4288 368 4348 λθθοτῦ
392 4286 449 4349 talc
474 4290 573 4350 τέρασιν
598 4285 707 4345 αὺτοῖς
733 4288 798 4351 (μὴ)
823 4292 974 4355 erratorem.
1011 4295 1097 4345 Insunt
1118 4296 1195 4346 multa
1217 4297 1264 4346 elia
1281 4298 1343 4346 male

151 4375 244 4438 scripta,
264 4373 335 4438 plura
350 4372 423 4421 etism
438 4388 511 4436 prava
525 4373 717 4437 interpunctione
733 4374 875 4434 laborantia,
892 4379 931 4425 sed
944 4394 971 4426 es
984 4379 1097 4427 omniaiu
1107 4380 1341 4444 praesentisornitto.
