2978 4950
722 228 766 295 68

148 415 264 482 dorfius
293 417 432 484 voluisse
461 418 606 492 videtur,
640 420 695 484 sed
726 419 902 485 breviorem
926 418 1036 496 illam,
1061 439 1142 504 quae
1167 423 1218 483 ast
1240 417 1325 484 inD

144 535 191 617 (p.
224 522 267 587 60
297 524 319 588 l.
356 523 501 606 13-15)
533 545 550 588 e
582 532 671 589 textu
705 524 893 591 eiiciendam
917 547 1000 601 esse,
1026 545 1089 610 quo
1113 525 1198 589 facto
1223 522 1326 590 adhibi

146 635 188 697 tis
216 652 294 716 quas
326 652 422 716 supra
452 633 600 715 proposui
632 632 877 698 correctionibus
906 632 1013 696 omnia
1044 631 1261 699 cohaerebunt
1295 650 1326 717 op

148 740 237 803 time.
261 737 307 801 Τὸ
333 736 364 802 δὲ
391 736 492 819 ,dura
517 736 669 815 rapterius
693 738 782 802 κτλ.”
806 739 858 801 οὐκ
879 736 966 800 ἔστι
991 739 1026 802 τὸ
1047 737 1124 801 αὐτὸ
1143 739 1185 818 τῷ
1209 738 1326 815 „adria

147 878 234 893 ---
269 843 426 921 ὡρμᾶτο”.
456 842 491 904 τὸ
523 843 598 922 γὰρ
630 844 790 921 κρήδεμνον
822 845 875 907 οὐκ
901 840 933 917 ἦν
957 844 1116 924 προσώπου
1140 845 1326 922 περίβλκμο

146 952 235 1015 ἀλλὰ
268 958 429 1031 κεφαλῆς,
461 947 498 1021 ὥς
530 950 589 1012 πού
621 956 698 1030 φησι
730 949 781 1034 (ΙΙ.
810 960 850 1033 Ξ,
879 948 955 1033 184)
995 951 1173 1029 »κρηδέμνῳ
1211 951 1239 1014 δ’
1275 951 1326 1031 ἔφη

146 1059 236 1136 περθε
268 1056 438 1133 καλύψατο
468 1056 519 1119 δῖα
551 1055 660 1131 θεάων,
683 1065 700 1144 ΙΙ
721 1057 807 1135 καλῷ
837 1057 988 1136 νηγατέῳ,
1015 1056 1123 1120 λευκὸν
1148 1056 1173 1120 δ’
1204 1053 1240 1131 ἦν
1266 1055 1326 1134 alda

148 1189 177 1235 ος
212 1160 280 1232 e‘is.”
329 1163 381 1225 Τὸ
413 1158 476 1226 οὖν
503 1160 607 1237 »ἄντα
631 1160 784 1241 παρειάων
809 1161 945 1239 σχομένη
970 1162 1091 1239 λιπαρὰ
1116 1161 1326 1240 apellandi

147 1273 203 1342 τὴν
234 1267 487 1345 περιβάλλουσαν
519 1266 605 1339 balei
635 1269 689 1340 τὴν
723 1271 866 1348 κεφαλὴν
898 1271 950 1331 καὶ
976 1270 1035 1338 τοὶς
1061 1270 1214 1348 παρεοοὶς,
1241 1268 1326 1346 μόνου

148 1378 217 1448 τοὺς
248 1375 430 1454 ὀφθαλμοὺς
460 1373 636 1456 δεοκνῡσοιν,
667 1374 756 1438 ἀλλὰ
788 1376 842 1448 τὴν
874 1376 1102 1454 ἐφελκύσασαν
1124 1364 1190 1440 cirri
1217 1384 1276 1450 τῆς
1303 1400 1326 1440 a

148 1490 257 1563 φαλῆς
292 1484 327 1545 τὸ
363 1481 541 1562 κρήδεμνον,
572 1481 624 1543 καὶ
658 1482 869 1557 γυμνώσασαν
902 1482 958 1558 μὲν
987 1485 1042 1555 τὴν
1066 1488 1214 1562 κεφαλὴν
1241 1483 1326 1547 scala

150 1589 308 1668 πρόσωπον
339 1587 501 1663 esidorus,
535 1593 706 1666 κρατοῦσαν
738 1587 769 1650 δὲ
801 1587 831 1651 ἐν
867 1596 939 1659 ταῖς
974 1591 1063 1669 χερσὶ
1101 1590 1157 1668 πρὸ
1192 1596 1253 1654 τῶν
1288 1614 1326 1654 πο

150 1703 230 1776 ρεοῶν
255 1698 297 1759 τοὶ
323 1694 442 1771 idaeos
463 1708 533 1758 κτλ.
581 1693 672 1772 Quod
695 1696 729 1757 in
753 1694 804 1758 his
828 1694 997 1779 aliquando
1017 1699 1172 1762 vitiosum
1194 1697 1326 1782 putabar

152 1808 384 1883 sparsim
409 1802 451 1865 τοὶ
476 1802 611 1879 δάκρυα,
636 1803 720 1865 etin
743 1802 1006 1877 κρύπτουσαν
1027 1803 1244 1880 mutandum,
1267 1823 1326 1868 nun

149 1931 211 1976 non
247 1907 485 1974 sollicitandum
520 1908 683 1980 existim0,
714 1909 791 1970 satis
822 1906 986 1971 defensum
1020 1908 1272 1993 Xenophonteo:
1299 1933 1326 1974 να

150 2013 222 2095 ἅμα
253 2021 358 2080 ταῦτα
382 2015 483 2089 λέγων
505 2013 585 2077 πολὺ
609 2010 654 2075 ἔτι
678 2016 799 2087 μᾶλλον
831 2015 1042 2091 ἐκρατεῖτο
1076 2015 1152 2081 ὑπὸ
1183 2023 1260 2082 τῶν
1292 2016 1326 2080 ds

150 2125 283 2203 κρύον.
321 2120 450 2206 (Cyrop.
475 2118 520 2192 V,
547 2139 568 2180 v
594 2120 612 2202 ξ
638 2117 704 2201 10.)
739 2117 826 2196 Quae
851 2120 1006 2185 elicienda
1030 2125 1202 2207 proposui,
1229 2143 1267 2188 oa
1289 2142 1326 2187 no

150 2229 280 2295 aliunde
304 2227 423 2292 adscita
447 2225 529 2289 mihi
552 2224 715 2300 videntur,
740 2245 852 2288 verum
873 2229 977 2309 ipsam
997 2247 1064 2292 esse
1086 2227 1265 2314 Porphyrii
1283 2249 1326 2294 ser

150 2339 285 2402 tantiam
310 2341 387 2418 puto
406 2336 439 2395 in
464 2331 592 2395 brevius
612 2336 816 2408 contractam,
838 2333 921 2415 quod
941 2335 975 2396 in
994 2332 1091 2420 longe
1109 2334 1264 2418 plurimis
1283 2338 1326 2400 eiu

61 2513 72 2542 ⁶
150 2440 420 2525 disputationibus
451 2444 483 2501 ct
516 2436 554 2501 ad
584 2435 719 2500 Iliadem
757 2444 789 2501 et
820 2438 859 2501 ad
891 2437 1068 2523 Odysseam
1093 2461 1156 2504 usu
1180 2444 1326 2517 venit,r

151 2557 207 2614 aut
236 2550 270 2610 in
300 2545 415 2609 iisdem
446 2543 607 2606 codicibus
630 2549 686 2605 aut
709 2545 742 2605 in
767 2542 838 2607 aliis
862 2544 972 2608 eadem
995 2548 1064 2610 eius
1087 2547 1272 2634 observatio
1295 2546 1326 2612 di

71 2671 73 2675 ·
151 2653 227 2739 plici
251 2654 353 2716 forma
376 2649 459 2714 adsit
482 2656 514 2711 ot
536 2650 662 2734 integra
686 2655 718 2712 et
742 2649 1007 2733 compendifacta3
1032 2672 1095 2735 qua
1120 2653 1160 2717 de
1184 2674 1219 2718 re
1244 2660 1278 2718 ct
1297 2653 1326 2718 al

150 2760 298 2824 dixerunt
329 2763 361 2821 et
384 2775 440 2820 nos
463 2755 593 2819 uberius
618 2775 751 2841 agemus
775 2757 809 2817 in
833 2754 932 2819 ultera
955 2756 1053 2821 huius
1078 2760 1227 2844 opusculi
1252 2766 1326 2845 part

150 2865 343 2930 Harleianus
365 2862 488 2948 igitur,
514 2867 550 2922 ut
575 2867 623 2923 est
646 2859 777 2925 meliore
797 2858 881 2953 fide,
898 2868 1068 2946 utramque
1089 2868 1261 2930 coniunxit
1281 2887 1326 2951 prr

150 2980 186 3036 ut
221 2972 352 3034 fortasse
387 2970 452 3031 iarn
488 2969 522 3029 in
551 2967 652 3048 ipsius
680 2965 852 3050 archetypo
885 2974 941 3030 aut
973 2969 1221 3056 conglutinatae
1245 2991 1326 3038 erant

150 3085 207 3143 aut
241 3075 341 3140 altera
375 3077 409 3138 in
443 3073 609 3144 interiore.
646 3070 745 3135 altera
775 3075 808 3136 in
839 3075 993 3137 exteriore
1021 3080 1171 3161 margine
1204 3081 1326 3164 appiota

150 3184 313 3248 Parisinus
343 3179 530 3243 alterutram
556 3177 714 3240 abundare
738 3189 821 3241 recte
845 3182 1054 3261 perspiciens,
1082 3203 1182 3247 unam
1208 3206 1326 3270 suppra

149 3291 208 3365 sit,
245 3287 299 3351 sed
334 3289 402 3349 sive
434 3304 508 3348 casu
540 3286 608 3346 sive
632 3303 775 3366 perversa
799 3286 943 3367 opinione
967 3287 1098 3360 ductus,
1126 3292 1326 3376 integriores

150 3396 237 3475 Quae
257 3395 285 3456 si
309 3388 515 3474 probabiliter
539 3386 699 3470 disputata
722 3395 806 3470 sunt,
826 3389 1032 3455 continuatur
1053 3394 1098 3470 id,
1122 3396 1210 3478 quod
1232 3401 1326 3462 iam}

149 3501 328 3564 Observato.
352 3498 394 3578 (p.
410 3492 451 3557 32
466 3494 563 3576 seqq.)
583 3513 760 3576 posueram,
774 3500 806 3556 et
819 3492 1028 3558 Harleianum
1043 3497 1103 3581 (H)
1117 3508 1151 3563 ct
1162 3501 1326 3569 Parisino*⁴

147 3607 203 3691 (D)
241 3626 279 3669 ex
315 3602 425 3666 eodem
460 3598 512 3663 vel
552 3605 635 3661 certe
672 3597 838 3664 simillimo
872 3601 1045 3686 archetypo
1078 3604 1212 3673 fluxisse
1250 3609 1326 3676 1200)

148 3715 300 3794 vitiisque
332 3708 516 3791 inquinato,
550 3723 630 3787 quac
658 3704 765 3767 omnia
795 3706 898 3769 scriba
929 3705 1055 3772 Codicis
1080 3709 1113 3774 H
1139 3717 1271 3797 optima
1295 3715 1326 3781 lic

116 3901 119 3906 Ι
149 3826 186 3881 ut
216 3817 323 3900 potuit
351 3811 613 3895 repraesentavit,
644 3811 698 3891 qui
727 3807 756 3872 D
790 3813 931 3875 exaravit
960 3813 1070 3879 rodere
1093 3819 1216 3884 maluit
1241 3831 1275 3885 et
1301 3843 1326 3906 p:

150 3941 207 3986 suo
231 3927 326 4002 captu
350 3919 506 4000 corrigere
529 3913 665 3978 scilieet.

193 4025 301 4091 Multo
332 4021 459 4086 facilius
482 4029 530 4085 ast
554 4018 701 4083 lacunam
725 4039 873 4101 parvam,
899 4043 978 4106 quae
1003 4032 1051 4088 aet
1076 4030 1109 4090 in
1135 4029 1238 4098 huius
1263 4033 1326 4112 ζηο

147 4155 249 4211 ματος
280 4129 357 4204 fine,
390 4127 520 4200 sarcire,
553 4125 636 4188 unda
667 4128 784 4187 iterum
817 4125 1043 4194 confirmantur
1066 4154 1149 4216 quae
1174 4159 1326 4226 suprap

145 4243 208 4304 sita
240 4242 325 4300 sunt.
371 4233 611 4297 Demonstravit
646 4232 679 4292 in
715 4230 971 4308 praecedentibus
1008 4237 1231 4327 Porphyrius,
1271 4267 1326 4332 que

141 4341 299 4425 Penelope
324 4339 438 4418 iaciat,
462 4356 532 4401 eam
557 4336 764 4399 haecomnia
788 4333 935 4402 lacrimas
957 4341 1139 4409 occultandi
1165 4351 1280 4419 studio
1304 4352 1326 4420 lr
