2978 4950
704 174 769 240 498

147 367 307 452 llupithen
327 369 366 432 ab
387 367 606 432 Ithacensibus
626 369 656 430 ei
669 366 926 431 succensentibus
938 367 1140 453 exagitatum
1154 365 1194 430 ad
1208 363 1320 430 Ulixen

146 476 323 562 profugisse
347 480 379 540 et
403 495 458 558 per
481 474 566 538 hunc
588 474 817 557 impunitatem
841 492 907 537 esse
931 478 1153 537 consecutum:

304 581 356 646 σίν
376 583 399 660 ῤ’
425 579 524 644 ἔθελον
548 582 665 660 <odiunt
683 582 734 642 κοιί
760 580 944 658 ἀπορραῖσαι
969 580 1062 659 Φίλον
1087 574 1158 657 ἦτορ

309 688 356 762 ἠδὲ
379 687 464 751 nard
489 686 565 767 ζωὴν
588 687 724 765 Φιιγίειν
746 687 906 764 μενοεικέα
930 687 1068 759 πολλήν·

306 796 380 859 ἄλλ’
405 793 553 866 Ὀδυσεὺς
578 793 725 871 κατέρυκε
751 793 803 857 sai
829 791 955 874 ἔσχεθεν
979 791 1117 870 ἱεμένους
1142 816 1211 871 περ.

302 906 355 966 σοῦ
379 905 427 965 νῦν
453 896 529 964 οἶκον
553 898 663 977 ἄτιμον
688 899 782 971 ἔδεις,
806 900 894 982 μνσίᾳ
919 899 950 964 δὲ
974 909 1122 977 γυναῖκα.

144 1008 197 1074 Ad
227 1009 304 1074 haec
333 1007 378 1082 Q:
408 1007 521 1071 πλείων
546 1006 577 1071 δὲ
603 1009 619 1079 ἡ
644 1007 815 1086 ιιιιτιιγορίοι
839 1005 885 1070 ὅτι
910 1006 961 1071 cal
987 1014 1108 1082 πολλῆς
1131 1008 1237 1080 οὐσίας
1260 1007 1322 1088 α’ζιι-

144 1118 256 1196 μίοιτον
277 1116 371 1180 αὑτὸν
395 1114 533 1187 ε’σοίιισεν
555 1114 568 1178 ὁ
592 1113 772 1185 Ὀδυσσεύς.
791 1111 868 1179 ὥστε
889 1114 984 1179 πλείω
1002 1113 1137 1195 ὤφειλεν
1150 1109 1227 1179 εἷνοιι
1240 1115 1256 1189 ἣ
1269 1138 1322 1196 χιι·

145 1222 277 1305 οίζεσίοιι
302 1218 346 1285 ὅτι
370 1221 475 1286 πολλοὶ
500 1218 579 1300 ἔχων
604 1227 655 1285 νῦν
679 1220 830 1298 ιίλλίτμιο
854 1221 955 1285 ἐσθίει.
991 1220 1027 1286 ln
1050 1223 1158 1306 priore
1182 1224 1323 1288 mantin

142 1331 349 1417 participium
374 1327 471 1393 debat.
507 1327 579 1392 Non
603 1330 688 1392 enim
710 1327 781 1392 ideo
803 1326 916 1392 Ulixes
936 1329 1068 1393 Antinoi
1080 1334 1206 1413 patrem
1220 1348 1323 1417 magno

143 1433 293 1503 beneficio
316 1435 549 1508 obstrinxerat,
574 1434 658 1518 quod
681 1455 756 1498 eum
776 1440 894 1506 πολλῆς
915 1436 1020 1506 voclar
1040 1432 1217 1515 οὶζνμίοσον
1235 1434 1323 1501 reddi·

145 1544 251 1624 derat,
277 1577 318 1590 -
343 1561 462 1605 novum
487 1540 547 1605 boc
571 1546 618 1605 est
642 1561 677 1605 ac
701 1540 875 1605 ridiculum
899 1538 1042 1615 beneficii
1066 1562 1190 1629 genus,
1215 1579 1255 1591 -
1278 1541 1324 1606 sed

145 1649 228 1735 quod
264 1668 338 1712 cnm
374 1647 430 1710 eici
457 1646 581 1712 divitiis
608 1645 874 1731 praepollentem,
898 1647 976 1711 adeo
999 1654 1036 1712 ot
1061 1645 1219 1713 mulctam
1244 1646 1323 1713 facile

146 1756 267 1821 solvero
286 1757 459 1840 potuisset,
479 1759 587 1818 tamen
607 1757 692 1818 omni
712 1774 812 1838 poena
825 1753 1027 1820 liberaverat.
1075 1755 1189 1840 ltaque
1201 1755 1324 1820 scriben-

145 1863 240 1928 dum:
270 1857 316 1926 dre
347 1859 399 1924 xci
425 1865 542 1933 πολλῆς
567 1860 672 1930 οὖσίιις
696 1858 842 1946 (οὔσης)
868 1857 1041 1938 οίζνμίοισον
1065 1862 1162 1926 αὐτὸν
1186 1862 1323 1937 ἐποίησεν.

145 1969 354 2054 sequentium
387 1969 504 2032 vitium
532 1966 671 2032 indicare
693 1987 841 2052 possum,
862 1979 948 2033 certo
973 1969 1114 2034 remedio
1139 1968 1252 2034 tollere
1273 1989 1323 2034 non

146 2096 284 2163 possum.
310 2073 460 2159 Spectant
470 2073 548 2138 haec
562 2073 748 2141 Homerico:
768 2078 822 2137 τοῦ
844 2079 893 2138 νῦν
918 2070 994 2139 οἶκον
1017 2075 1168 2153 οίσιμον
1192 2074 1323 2152 {lustin

146 2184 262 2268 quibus
281 2181 476 2245 adiectivum
499 2178 618 2264 triplici
631 2179 724 2244 modo
736 2181 967 2265 accipiebatur,
980 2184 1072 2247 cuius
1083 2186 1131 2248 rei
1143 2205 1229 2249 nunc
1239 2181 1323 2248 exiles

145 2288 297 2373 reliquiae
331 2289 365 2350 in
399 2288 515 2351 nostris
550 2284 685 2351 Scholiis
720 2295 899 2372 supersunt.
947 2287 1074 2374 Quippe
1114 2292 1150 2354 in
1181 2288 1240 2366 Qv
1269 2296 1322 2356 est:

144 2393 271 2471 ιἰσιμον·
308 2395 375 2457 οίντι
412 2397 465 2457 τοῦ
498 2393 637 2475 ἀτίμως,
661 2393 693 2456 in
717 2390 802 2458 BH:
828 2394 1027 2472 σ’σιμῶρντον.
1053 2392 1129 2466 ἔδεις
1157 2391 1321 2482 (claudii)

145 2504 175 2567 δὲ
212 2509 338 2578 nptias,
375 2501 418 2575 μὴ
454 2499 670 2574 caragiorum
707 2501 762 2570 τὴν
796 2508 887 2574 σιμὴν
923 2506 980 2563 τῶν
1015 2500 1202 2578 ἐσθιομένων.
1241 2503 1323 2566 Erant

145 2613 247 2697 igitur
282 2610 337 2693 qui
374 2606 585 2690 explicarent:
621 2613 735 2689 „atque
765 2607 860 2670 huius
893 2609 954 2670 viri
986 2629 1069 2671 nunc
1101 2629 1178 2693 opes
1211 2611 1323 2692 turpiter

148 2717 292 2799 (οίτίμως)
339 2712 483 2795 comes”,
529 2724 618 2776 erant
658 2716 711 2796 qui
753 2715 891 2796 „impune
932 2713 1154 2801 (οίτιμοίρντον)
1198 2717 1321 2790 comes’',

146 2828 234 2888 erant
259 2830 290 2885 et
313 2820 428 2905 quibus
450 2819 603 2903 placeret:
634 2821 764 2900 „proriis
784 2820 914 2884 comesi
947 2820 1039 2885 Hanc
1063 2822 1219 2887 ultimam
1242 2828 1322 2887 inter·

146 2932 353 3013 pretationem
378 2930 492 2989 nostris
517 2947 640 3011 quoque
665 2930 821 3011 corruptis
845 2931 945 2991 inesse
967 2932 1120 3012 suspicor.
1156 2929 1222 2999 Tu.
1238 2932 1322 2993 -sic

144 3058 182 3100 en
206 3035 301 3099 huius
324 3035 479 3097 sententia
502 3027 658 3117 Penelope
683 3034 785 3097 dicere
809 3034 953 3116 ridetur,
977 3073 1018 3084 —
1042 3039 1094 3100 cui
1110 3041 1220 3103 tamen
1234 3037 1323 3101 Ulixis

146 3140 294 3206 beneficio
327 3145 432 3203 tantae
457 3160 530 3224 opes
555 3147 628 3203 sunt
653 3139 800 3222 relictae,
824 3142 930 3225 potius
954 3143 1043 3206 nobis
1068 3141 1194 3228 aliquid
1218 3146 1321 3230 imper-

146 3252 205 3312 tire
237 3268 332 3332 quam
364 3246 452 3311 nullo
484 3250 585 3331 pretio
620 3247 742 3311 reddito
766 3255 872 3312 nostra
895 3252 1056 3312 comedere
1080 3249 1228 3315 debebas.
1272 3249 1321 3315 Sed

145 3360 215 3440 quis
239 3356 315 3418 haec
339 3375 376 3417 ex
402 3355 506 3418 verbis
531 3339 606 3417 είνοοι
629 3355 644 3427 ἣ
668 3354 868 3434 χοιρίζεοίνι,
883 3393 923 3402 -
938 3377 1011 3419 nam
1033 3355 1083 3419 his
1102 3360 1225 3422 vitium
1237 3362 1323 3423 inesse

144 3463 226 3525 mibi
252 3460 394 3542 videtur,
418 3497 462 3508 -
489 3460 553 3525 ullo
577 3460 670 3524 modo
694 3459 821 3524 eliciat?
845 3464 894 3524 An
915 3463 1159 3549 corrigendum:
1181 3464 1258 3530 ὥστε
1278 3481 1322 3529 σι.

145 3569 203 3647 dd.
236 3567 480 3647 χοιρίζεσθοοι
508 3572 523 3639 ἢ
552 3568 801 3651 (ὑσομ)είνοιι
828 3565 873 3631 ἔτι
898 3566 990 3631 κτλί
1036 3571 1224 3638 Notandum
1248 3593 1323 3658 prae·

146 3683 231 3738 terea
260 3674 298 3737 ad
331 3677 471 3757 primum
505 3694 600 3756 quem
635 3676 731 3737 citavi
764 3696 890 3740 versum
916 3675 995 3739 hanc
1020 3679 1145 3742 variam
1170 3678 1324 3745 lectionem

146 3783 283 3846 breviter
307 3782 421 3844 adferri
445 3802 482 3843 ex
507 3780 559 3845 M:
584 3789 762 3844 κτείνιιι·
789 3806 835 3859 γρ.
863 3783 1015 3851 Φίεῖσίοιι.
1043 3782 1149 3850 Immo
1170 3809 1236 3851 una
1247 3788 1324 3852 litera

145 3889 291 3972 dempta:
318 3889 506 3967 φίεῖσοιι,
532 3891 552 3950 i.
568 3909 594 3950 e.
609 3891 740 3966 φνῐσοοι,
767 3888 849 3972 quod
873 3909 956 3952 nunc
980 3889 1049 3953 iure
1074 3893 1263 3974 praebentur.

191 4123 234 4170 σ,
271 4101 346 4164 471.
393 4098 541 4178 Ἕρμαιος
578 4099 672 4180 λόφος
699 4101 739 4182 1),
771 4121 865 4185 quem
898 4101 1059 4165 Eumaeus
1090 4110 1323 4172 commemorat,

180 4325 205 4385 l)
232 4323 269 4371 Sic
296 4324 392 4387 plurimi
421 4323 596 4381 recentiorum,
616 4338 662 4371 non
681 4319 906 4382 προπορισπιομίιονς
930 4337 984 4370 curn
1009 4321 1153 4383 Eustatbio‚
1175 4325 1323 4375 Herodianum
