2978 4950
725 200 821 272 ’90

205 401 309 463 tenter
343 408 587 481 proponentem,
612 398 702 481 quasi
727 417 801 462 vero
824 396 863 460 de
886 416 922 460 aa
945 416 979 460 re
1002 395 1069 460 ulla
1093 398 1192 481 possit
1214 418 1281 463 enee
1304 392 1394 460 dubi·

205 505 294 575 tatio.
326 511 392 566 tum
424 505 528 589 magis
559 505 657 567 etiam
689 502 870 567 Bekkerum
904 505 1049 586 ineptum
1079 503 1213 580 λέγομεν
1237 503 1305 567 sine
1328 500 1396 565 ulla

207 608 477 673 animadversione
519 611 716 674 retinentem.
754 645 795 656 -
831 632 866 680 τ,
905 606 960 672 64.
1003 608 1115 683 νήησαν
1149 608 1233 683 ξύλα
1268 605 1394 683 πολλοὶ,

206 714 288 795 φύως
322 712 404 793 ἔμεν’
441 715 490 790 ήδὸ
521 714 665 792 θέρεσθαι.
703 714 753 779 Ad
777 714 853 780 haee
876 712 927 776 H:
952 715 1053 779 λείπει
1077 716 1119 779 τὸ
1144 717 1200 787 είς
1226 722 1293 796 φῶς
1318 709 1395 778 εἶναι

207 820 259 885 καί
282 822 503 900 θερμαίνεσθαι.
535 820 625 886 Haeo
647 822 693 886 aio
715 820 861 907 intellegi
885 828 1053 906 nequeunt.
1079 825 1146 887 Aut
1172 821 1395 887 scribendum:

207 929 307 994 λείπει
338 928 380 993 τὸ
412 931 450 999 ὡς
474 935 540 1008 φῶς
565 924 659 1004 εἶναι,
685 926 738 993 vel
760 933 859 991 λείπει
885 927 927 993 τί
940 951 947 967 ·
973 929 1030 1001 είς
1056 929 1125 1015 (τὸ)
1148 935 1215 1008 φῶς
1239 925 1317 993 εἶναι
1343 928 1396 992 καί

208 1036 431 1114 θερμαίνεσθαι.
469 1072 510 1083 -
546 1033 689 1120 Denique
726 1037 764 1105 ιδς
799 1033 885 1099 male
921 1035 1027 1099 abesae
1063 1036 1198 1100 arbitror
1233 1038 1267 1100 in
1303 1035 1398 1100 initio

208 1141 445 1228 Porphyrianae
476 1141 699 1225 disputationis
729 1141 767 1205 ad
799 1166 830 1215 ε,
867 1139 941 1224 118,
974 1162 1012 1206 ex
1040 1140 1157 1221 HPQ'I‘
1182 1142 1302 1206 editae:
1329 1142 1396 1204 ἔτι·

209 1248 431 1327 repedaverat
453 1271 531 1319 τινες
556 1256 610 1322 τῆς
635 1252 802 1325 Καλυψοῦς
828 1248 860 1332 (ni
871 1247 899 1329 ς)
924 1248 1080 1326 διαρρήδην
1110 1247 1396 1328 οίναισχυντούσης,

210 1356 293 1420 unde
323 1354 411 1421 aliud
443 1354 541 1419 simul
571 1354 675 1420 levina
705 1354 858 1419 mendum
891 1357 1029 1419 eximere
1052 1355 1133 1420 nihil
1157 1356 1271 1420 obstat.
1319 1353 1398 1419 Poat

209 1482 310 1546 panea
332 1460 467 1548 legitur:
495 1461 718 1536 ὑπομιμνήσκει
743 1460 773 1524 δὲ
802 1458 963 1546 (Calypso)
988 1459 1049 1537 ὅτι,
1075 1462 1135 1538 ἐγὼ
1156 1462 1206 1525 διὸ
1225 1460 1397 1540 φιλανθρυ·

211 1567 287 1631 πίων
320 1569 471 1631 σαώσασα
495 1575 660 1645 κατεῖχον,
686 1568 715 1630 εί
741 1568 791 1631 καί
818 1566 831 1629 ὸ
856 1566 932 1637 Ζεύς
957 1577 1014 1640 νήα
1038 1569 1102 1641 θοήν
1125 1569 1239 1646 ἀργῆτι
1263 1568 1397 1647 κεραυνῷ

210 1675 318 1753 βαλὸν
349 1671 472 1737 ἐκέασεν
504 1674 534 1736 ἐν
565 1672 649 1752 μέσῳ
680 1671 790 1752 πόντῳ.
837 1673 942 1738 Immo
966 1694 1058 1739 vero:
1088 1674 1174 1738 έτεί
1200 1674 1252 1737 καί
1279 1674 1293 1737 ὸ
1319 1673 1397 1745 Ζεὺς

212 1787 268 1855 νήνι
293 1816 346 1830 --
361 1817 380 1829 -
404 1779 541 1856 εἰιέασεν,
566 1786 602 1844 ut
625 1780 708 1864 apud
731 1779 910 1845 Homerum
936 1785 1038 1845 estet
1061 1780 1217 1845 sententia
1236 1777 1397 1864 postulat,

211 1907 284 1952 nam
314 1889 362 1951 ita
391 1886 522 1951 demum
554 1908 665 1951 verum
698 1906 765 1952 esee
789 1892 908 1971 potent:
933 1887 1081 1967 φαίνεται
1105 1887 1135 1951 δὲ
1159 1885 1205 1950 ὅτι
1228 1889 1261 1950 οὐ
1287 1885 1339 1949 διὰ
1363 1887 1399 1950 τὸ

211 1993 380 2058 κωλύεσθαι
415 1993 595 2074 εὐνάζεσθαι
631 1993 826 2074 σχετλιάζει,
860 1994 947 2057 ύλλοδ
979 1993 1029 2057 διὸ
1061 1994 1095 2058 τὸ
1124 1991 1329 2070 εὐλαβεῖσθαι
1354 1993 1401 2070 μή

211 2099 292 2182 ζήλῳ
313 2103 355 2177 τῷ
380 2102 450 2177 πρὸς
475 2102 571 2175 αὐτήν
594 2101 794 2164 ἀποκτείνωσι
818 2099 869 2163 τὸν
894 2098 1059 2163 Ὀδυσσέα.

258 2205 376 2273 Contra
395 2207 424 2284 δ,
446 2205 527 2271 143:
550 2207 676 2271 πλείονα
696 2202 758 2286 ’γὰρ
770 2207 879 2286 Φιλίαν
893 2208 944 2271 καί
959 2208 1111 2285 προσοχὴν
1123 2201 1208 2286 εἶχον
1221 2205 1413 2290 (Menelaus

212 2319 245 2379 at
265 2312 400 2398 Helena)
413 2313 485 2392 πρὸς
498 2313 549 2377 τὸν
562 2312 716 2376 Ὀδυσσέα
731 2313 808 2393 παρὸ
821 2315 892 2391 πρὸς
905 2313 957 2377 τὸν
969 2312 1120 2391 Νέστορα,
1141 2314 1209 2376 καί
1229 2315 1275 2384 ύς
1289 2312 1407 2392 οὸκμοί-

213 2421 304 2500 ζοντα
317 2420 368 2483 καί
383 2426 563 2500 σφριγῶντα
575 2419 641 2503 (ll),
654 2427 709 2484 aut
722 2420 774 2483 καί
787 2419 870 2485 male
882 2422 1030 2502 abundet,
1044 2425 1099 2484 aut
1117 2419 1217 2482 καθὸ
1229 2443 1244 2491 ς
1262 2421 1413 2485 scribon-

212 2528 291 2592 dum
311 2537 376 2603 est,
401 2526 483 2610 quod
503 2529 585 2591 inter
603 2526 681 2604 παρὸ
701 2532 733 2590 et
749 2528 822 2591 καθὸ
843 2547 903 2590 non
924 2527 1077 2591 absonum
1099 2526 1215 2609 poterit
1233 2527 1349 2602 videri,
1364 2547 1409 2591 ao

212 2636 332 2722 legitur
355 2656 385 2698 v.
400 2654 427 2697 o.
452 2633 533 2696 infra
557 2632 595 2696 ad
620 2658 652 2710 ε,
679 2633 761 2696 432:
788 2635 911 2703 καθὼς
937 2633 967 2697 δὲ
991 2635 1025 2696 ἐν
1049 2632 1206 2707 θαλάσσης
1227 2632 1406 2705 πολύποδος

211 2741 373 2817 ἑλκομένου
408 2739 511 2803 πυκνοὶ
544 2764 572 2803 κ.
592 2762 621 2803 σ.
653 2740 726 2803 λίθοι
760 2741 831 2818 πρὸς
863 2743 922 2811 τοὶς
947 2740 1081 2812 κοτύλας
1107 2742 1300 2820 συνέχονται.
1325 2738 1409 2826 (Τ),

212 2846 481 2933 quemadmodum
522 2845 689 2931 Apollonio
723 2846 860 2933 Dyeoolo
895 2849 928 2910 in
963 2845 1084 2911 delioiie
1119 2852 1186 2924 eat,
1222 2868 1280 2912 neo
1314 2846 1407 2932 apud

212 2952 397 3019 Strabonem
422 2952 562 3037 aliosque
584 2951 637 3016 vel
659 2951 693 3015 id
717 2955 830 3017 aetatis
853 2959 995 3017 auctores
1015 2973 1131 3018 rarum.
1180 2951 1340 3017 Similiter
1361 2955 1405 3025 ὥς

212 3059 402 3126 eiiciendum
438 3067 484 3124 eet
519 3081 536 3123 e
567 3058 783 3145 dittographia
813 3074 920 3123 ortum
953 3083 986 3142 κ,
1013 3056 1068 3142 34,
1101 3062 1134 3123 in
1157 3061 1339 3124 narratione
1362 3059 1409 3124 de

210 3169 302 3232 eooiis
330 3165 419 3230 Ulixi
443 3167 483 3231 ob
506 3163 597 3229 Aeoli
619 3172 725 3230 utrem
749 3165 988 3240 insidiantibus,
1013 3168 1069 3249 qui
1093 3166 1133 3230 iia
1156 3184 1233 3230 auro
1253 3171 1412 3252 argento·

211 3295 271 3359 que
306 3274 439 3338 refertus
470 3293 536 3337 eoae
567 3271 743 3336 videbatur.
778 3273 840 3335 Διὸς
873 3272 959 3335 riori
982 3279 1122 3350 προεῖπεν
1146 3273 1266 3348 αύτοῖςς
1296 3271 1407 3346 ἐπειδή

210 3383 265 3447 οὐκ
299 3379 425 3457 ήλπιζεν
461 3378 702 3451 ὑπονοήσαντας
741 3379 776 3461 [ιθ
788 3380 816 3460 ς]
852 3386 1073 3457 κακουργῆσαι.
1106 3377 1157 3441 καί
1188 3379 1251 3456 γὰρ
1282 3383 1342 3441 τῶν
1371 3381 1410 3442 ἐν

213 3485 348 3567 Ἰσμοίριρ
366 3485 510 3564 λαφύρων
531 3487 585 3557 τήν
606 3484 672 3556 ίσην
689 3492 796 3562 μοῖραν
817 3482 907 3549 ἔδωκε
927 3485 978 3548 καί
1001 3491 1059 3549 τῶν
1084 3484 1197 3562 οὶγρίων
1222 3486 1321 3561 aipein
1347 3485 1405 3549 καὶ

211 3595 254 3658 τὸν
278 3594 343 3672 περὶ
369 3591 564 3661 Κύκλωπας.
591 3589 643 3673 (Τ)
669 3589 803 3655 Credam
829 3613 939 3656 verum
963 3612 1046 3655 eoae:
1073 3590 1175 3664 ἐπειδή
1198 3592 1252 3655 ούκ
1271 3590 1411 3672 ήλπνζεν

213 3699 438 3774 ὑπονοήσαντας
468 3702 676 3774 κακουργῆσαι
702 3734 742 3744 -
767 3696 800 3760 id
825 3707 890 3773 eat,
915 3695 948 3771 ἐξ
973 3698 1111 3768 ὑπονοίας
1136 3697 1248 3769 αὐτοὺς
1274 3722 1406 3778 κακουρ·

212 3814 309 3886 νήσου
327 3812 410 3870 -et
430 3810 502 3867 τῶν
526 3802 590 3882 περὶ
617 3802 792 3867 Κύκλωπα.
818 3841 858 3851 -
885 3802 1023 3867 Unicum
1044 3804 1172 3868 tandem
1191 3803 1298 3868 locum
1320 3805 1414 3890 vidi,

213 3915 269 3979 ubi
305 3913 356 3976 καί
392 3914 431 3984 ὡς
461 3911 553 3976 ambo
583 3909 807 3974 desiderentur.
840 3910 890 3974 Ad
919 3936 953 3984 η,
980 3909 1064 3973 2143
1090 3906 1168 3973 ὅσσα
1193 3935 1232 3987 γε
1258 3911 1294 3984 δή
1319 3908 1407 3989 ξύμ·

212 4045 320 4086 ταντα
352 4022 421 4083 θεῶν
445 4019 540 4091 ίθτησι
564 4016 693 4094 μόγησα
718 4017 776 4081 hoo
801 4016 993 4099 (Nicanoris)
1019 4015 1165 4081 Soholion
1195 4023 1244 4080 eat
1267 4017 1301 4080 in
1324 4015 1407 4082 Bt:

213 4132 302 4193 τοῦτο
326 4127 385 4203 ἀφ’
409 4124 513 4202 ἑτέρας
538 4125 637 4201 οίρχής
662 4124 691 4185 ἐν
715 4124 889 4201 θαυμασμῷ
915 4123 1123 4202 ἀνεφώνησεν·
1149 4123 1328 4207 (hueusque
1351 4123 1379 4187 Β
1388 4141 1407 4201 ;

214 4233 399 4319 Tpargitz)
436 4226 493 4308 „olo
524 4230 553 4294 κ’
586 4229 640 4306 ε’μὲ
663 4228 714 4293 τὸν
738 4229 879 4301 δύστηνον
903 4230 978 4306 ἐμὸς
1001 4229 1168 4305 ἐπιβήσετε
1194 4228 1314 4308 ποίτρης
1346 4264 1408 4281 ·-

216 4339 333 4421 δῶμα.”
358 4344 416 4426 (ve.
442 4334 645 4419 223-225.)
669 4338 809 4421 Apparet
831 4336 908 4400 haee
933 4338 977 4400 ita
1001 4336 1188 4402 annectenda
1211 4358 1296 4404 eoae:
1312 4373 1331 4388 -
1345 4371 1405 4388 --
