2978 4950
707 197 771 262 427

134 391 150 456 ὅ
189 391 370 467 Ἡλιόδωρος
394 388 482 466 μέγα
508 388 601 467 βάρος
628 389 832 470 παρεχόμενα
856 397 920 460 τοῖς
943 389 1103 469 ἀνδράσιν,
1128 390 1141 454 d
1165 388 1196 452 δὲ
1222 390 1338 453 Ἀπίων

132 505 204 569 τοῖς
238 497 341 574 ἀνδρὸς
365 495 461 574 βάρος
487 494 619 577 ἔχουσιν.
644 495 661 571 ή
686 491 743 560 οἷον
766 495 952 575 ἀνδραχέσιν
976 498 1061 561 κατά
1084 496 1259 576 παρένάεσιν
1282 499 1336 561 ποῦ

129 606 169 680 ά,
205 601 243 668 ἵν’
271 600 288 684 ή
313 611 375 672 τοῖς
401 605 542 682 ἀνδράσιν
567 601 647 683 ἀχος
672 608 814 667 ποιοῦσιν.
863 603 950 670 Hinc
973 607 1146 683 necessario
1169 604 1338 671 emendan-

130 710 201 777 dus
238 708 437 795 Hesychius:
473 709 759 788 ’λνδραχάέσν
795 717 857 782 τοῖς
898 708 1074 784 δυναμένοις
1110 711 1162 775 καὶ
1195 710 1338 789 ἀνδράσιν

128 816 237 897 ἀχάος
261 823 396 886 ποιήσαι.
432 814 535 882 immo
559 836 647 899 vero,
666 823 702 880 ut
719 816 803 900 apud
823 815 1050 901 Apollonium,
1072 815 1092 880 ά
1102 840 1174 898 χος
1194 824 1337 900 ποιήσαι,

126 943 213 989 nam
247 924 274 987 si
306 920 403 1002 ἀχοος
434 943 547 988 verum
571 929 672 1006 esset,
697 933 752 986 aut
776 929 953 1002 παρασχεῖν
978 925 1190 1008 requireretur
1212 929 1269 989 aut
1292 925 1336 988 si·

133 1029 225 1095 mile
251 1029 337 1114 quid.

181 1267 224 1327 κ,
252 1241 328 1308 137.
375 1242 465 1309 (lirae
489 1248 620 1308 vocatur
644 1244 894 1321 αὐτοκασιγνήτη
919 1245 1092 1325 ὀλοόφρονος
1119 1245 1250 1321 Αἰήταο.
1287 1246 1338 1310 Ad

129 1350 320 1430 ὀλοόφρονος
356 1351 543 1417 observatur
577 1352 611 1415 in
647 1349 688 1416 'Pr
723 1350 791 1414 ἐπεὶ
821 1350 891 1422 σοὺς
922 1326 1010 1427 Ιμετοὶ
1041 1354 1173 1425 Ἰάσονος
1203 1355 1338 1432 ἀριστεῖς

127 1460 324 1524 ἀποκτεῖναι
355 1456 502 1532 ήάέλήσε·
536 1464 591 1530 τῆς
622 1457 685 1535 γάρ
717 1456 783 1535 περὶ
817 1458 887 1527 τοὺς
911 1458 1129 1536 ’Λργοναάτας
1153 1459 1262 1536 Φήμήι
1289 1459 1338 1523 ἐπὶ

126 1573 201 1637 τοῖς
241 1565 404 1642 ἀνθρώποις
442 1562 532 1636 οὔσης
563 1564 677 1638 ἀδήλου
711 1564 760 1628 ἐπὶ
791 1553 899 1644 βραχδ
931 1567 1094 1640 ήσθήμένος
1129 1568 1198 1654 (sio)
1233 1569 1339 1637 αὐτοῖς

127 1672 250 1750 ὅμοίως
284 1670 368 1736 ἔοικέ
392 1671 446 1742 τήν
477 1670 590 1734 diarias
624 1671 686 1733 ἀπὸ
719 1675 770 1735 τοῦ
803 1673 916 1744 Αἰήτου
945 1671 1125 1746 ὠνομάσθαι.
1175 1671 1339 1737 Ultimum

127 1779 277 1845 verbum
301 1775 461 1843 Prellerus
482 1781 635 1860 correxit,
653 1798 728 1841 nam
747 1779 779 1842 in
800 1778 911 1846 codice.
926 1777 1044 1842 dicitur
1063 1777 1131 1865 legi
1151 1779 1339 1855 ὠνόμασται.

128 1883 276 1953 (laetere
309 1889 448 1949 monstra
472 1904 528 1948 neo
552 1885 619 1968 ipse
642 1886 825 1968 procuravit
849 1889 881 1947 et
903 1882 1085 1949 Dindorfius
1108 1888 1228 1949 intacta
1251 1887 1338 1949 sivit.

128 1994 295 2058 Attamen
319 1990 389 2067 hic,
414 1989 496 2074 quod
520 1991 553 2053 in
578 1992 705 2077 magnis
730 1988 914 2054 vulneribus
937 1991 1001 2056 fere
1025 2011 1086 2056 usu
1110 1993 1218 2056 venire
1242 1989 1338 2066 solet,

127 2097 324 2166 remedium
355 2098 390 2160 in
422 2103 572 2181 promptu
602 2102 661 2161 est.
708 2096 889 2161 scribatur:
914 2106 970 2170 πῆς
994 2097 1058 2174 γάρ
1082 2096 1149 2175 περὶ
1175 2098 1245 2168 τοὺς
1269 2101 1339 2174 Ἀρ-

130 2204 304 2284 γσναύπας
335 2207 444 2282 φήμης
480 2199 540 2266 ἔτι
572 2209 634 2273 σοῖς
668 2199 829 2281 ἀνθρώποις
863 2202 953 2275 odone
985 2203 1120 2279 ἀδήλου,
1153 2203 1203 2267 ἐπὶ
1228 2201 1339 2281 βραχὺ

132 2310 384 2393 ήσάήμένοιι
420 2310 542 2383 αάσής
575 2309 792 2384 ἀμωυάμως
827 2307 939 2389 ἐῴκει
971 2311 1026 2384 τήν
1059 2310 1173 2374 Aialon
1197 2309 1260 2373 ἀπὸ
1285 2314 1338 2373 ποῦ

132 2417 262 2492 Αἰήτου
290 2413 583 2499 ὡννμάσθαι,“ιρυωο
606 2434 663 2479 neo
687 2413 771 2479 male
795 2417 963 2480 enunciata
986 2422 1061 2481 sunt
1084 2437 1140 2480 nec
1163 2416 1338 2480 observata.

131 2521 355 2611 Singulorum
380 2523 609 2587 correctionum
632 2523 770 2585 rationes
794 2541 920 2605 operose
940 2521 1068 2586 reddere
1087 2520 1169 2586 nihil
1189 2542 1267 2606 opus
1281 2528 1340 2586 eat.

133 2629 231 2712 Quid
254 2630 362 2692 tritius
385 2648 481 2711 quam
506 2628 653 2709 ήσθήσήαί
676 2648 753 2694 τινος
777 2647 833 2710 pro
856 2628 987 2713 adipatum
1006 2652 1068 2692 rem
1091 2635 1263 2711 compertam
1287 2629 1341 2691 ἀο-

133 2735 238 2803 bere?
271 2733 315 2801 Et
345 2733 494 2819 quoniam
527 2735 543 2807 ή
569 2732 668 2796 atate
692 2732 833 2808 ὁμοίως
858 2735 1034 2811 ὠνόμασται
1059 2735 1122 2799 ἀπὸ
1147 2739 1199 2799 τοῦ
1226 2725 1339 2808 Αἰήτου

130 2840 228 2911 nihil
260 2845 325 2918 est,
356 2839 530 2905 necessario
561 2839 633 2903 dedi
658 2837 840 2916 ὁμωνύμως,
870 2860 888 2904 a
918 2839 1097 2906 litterarum
1124 2840 1339 2906 similitudine

135 2969 209 3019 non
232 2950 280 3013 ita
302 2946 444 3012 multum
470 2945 650 3010 abhorrens.

189 3183 229 3236 κ,
252 3157 334 3222 146.
383 3158 433 3224 Ad
462 3159 563 3232 ἀνήιον
595 3159 625 3228 ἐς
650 3161 801 3238 περιωπήν
824 3159 930 3247 glossa
952 3160 1090 3248 legitur:
1115 3161 1211 3240 ἀνήρ
1219 3184 1341 3242 χονπο

133 3267 186 3336 σά
193 3289 253 3331 πον
275 3265 410 3342 ὑψηλόν,
436 3266 498 3343 ἀφ’
523 3261 556 3329 οὗ
579 3264 645 3329 ἔστι
667 3267 911 3345 περισκέψασάαι
931 3268 982 3330 καὶ
997 3268 1240 3331 ἀποσκοποῦσαι.
1260 3267 1342 3353 (Qu)

136 3378 189 3442 Aa
220 3373 256 3437 in
283 3371 310 3435 V
334 3372 414 3438 duae
437 3372 561 3459 glossae
584 3377 673 3455 erant,
700 3372 799 3438 altera
824 3394 898 3438 cum
922 3372 1075 3438 lemmate
1098 3375 1217 3451 ἀνήιόν,
1245 3372 1344 3439 altera

136 3477 301 3560 περιωπήν
336 3499 410 3562 prae
445 3500 478 3542 se
513 3478 632 3552 ferens,
662 3499 698 3542 ac
728 3479 842 3544 multis
874 3478 947 3544 aliis
979 3479 1129 3544 brevibus
1159 3479 1274 3567 glossis
1304 3480 1343 3545 ad

134 3587 314 3672 sequentia
337 3584 491 3650 vocabula
515 3587 747 3669 pertinentibus
771 3607 934 3670 perperam
960 3586 1146 3670 diremptae.
1195 3585 1284 3651 Idem
1309 3588 1343 3651 in

136 3693 357 3767 Ambrosiano
393 3711 478 3774 esse,
516 3729 557 3739 -
587 3693 620 3753 in
651 3693 719 3755 eius
751 3693 923 3779 archetypo
955 3692 1068 3758 saltem
1098 3694 1212 3769 fuisse,
1241 3729 1280 3743 -
1307 3701 1345 3758 ut

136 3802 229 3869 duae
254 3797 421 3862 distinctae
444 3802 548 3862 essent
573 3796 698 3883 glossae
722 3797 958 3881 interlineares,
982 3801 1029 3863 ita
1055 3805 1159 3863 tamen
1183 3805 1220 3863 ut
1241 3820 1343 3865 errore

137 3929 175 3977 ee
213 3906 453 3989 contingerent,
489 3902 540 3968 vel
576 3902 680 3966 solum
713 3924 896 3987 perversum
931 3905 1097 3983 ἀνήρχονπο
1129 3905 1345 3983 demonstrat,

136 4031 220 4082 enm
255 4012 360 4095 prima
392 4029 524 4093 persona
547 4007 721 4095 singularis
744 4011 869 4075 numeri
894 4017 1000 4095 nperte
1025 4015 1219 4097 requiratur,
1245 4034 1346 4097 neque

136 4121 257 4186 minus
281 4117 324 4185 sie
349 4117 504 4180 omissum
533 4121 606 4179 ante
631 4114 741 4190 τόπον,
768 4120 859 4200 quasi
879 4119 951 4201 quis
972 4137 1112 4202 unquam
1126 4118 1347 4191 σάπονάνιέναι

138 4224 278 4291 dixerit.
326 4221 438 4305 ltaque
463 4242 542 4305 quae
567 4218 658 4300 etQ
681 4222 883 4305 prodierunt,
909 4223 1017 4288 futuro
1041 4224 1154 4289 editori
1178 4225 1223 4290 ita
1243 4225 1347 4312 dispo·

138 4329 254 4398 nenda
278 4331 388 4392 erunt:
