2978 4950
705 165 772 233 400

146 376 246 440 neque
283 361 411 441 aptum,
443 358 514 441 (our
543 357 629 421 enim
663 360 719 443 qui
752 360 870 422 metuit
898 358 966 422 sive
993 356 1101 422 hostes
1124 357 1192 420 sive
1213 355 1315 422 milites

146 481 237 546 suos,
262 463 365 550 glorie
389 463 493 529 clarus
511 484 573 528 non
595 485 661 529 esse
681 465 841 552 arguitur)
863 484 980 548 neque,
994 464 1121 534 etiamsi
1134 468 1168 527 et
1177 468 1314 529 vemrnet

145 575 256 653 eptum
281 575 380 659 esset,
404 570 457 634 hio
480 570 638 636 eiusmodi
662 570 739 655 quid
763 569 954 655 Porphyrii,
978 571 1032 634 eui
1055 569 1123 633 sine
1142 569 1237 634 dubio
1251 569 1313 635 hoto

144 676 311 754 debemus,
347 648 485 741 mbntem
521 677 625 742 refert.
673 676 800 741 Etenim
832 697 916 741 nuno
949 675 988 741 de
1020 674 1129 739 Ulixis
1160 675 1312 740 virtutibus

144 784 190 847 ita
222 786 291 870 agit
322 790 500 867 accusator,
532 790 570 847 ut
591 784 736 848 ostendat
759 786 786 848 si
810 803 919 855 revera
942 782 993 847 his
1016 781 1181 867 praeditus
1203 782 1312 865 fuisset,

145 890 255 953 militer
285 892 392 954 omnia
423 889 485 954 alia
510 897 634 955 acturos
659 891 757 955 fuisse
780 911 876 975 quam
902 895 1044 977 egerunt.
1095 887 1210 955 Omnia
1232 891 1313 976 igitur

145 997 242 1060 verba
265 996 304 1061 ad
329 994 447 1061 milites
469 995 630 1061 referenda
654 1004 745 1073 sunt,
772 1003 809 1061 ut
837 996 950 1075 ἔπειθε,
976 1002 1015 1060 ut
1036 997 1167 1076 ιίροῦντο.
1214 994 1312 1074 Quan-

146 1123 241 1186 quam
266 1109 298 1165 et
320 1102 379 1166 hoe
403 1107 588 1187 corruptum
612 1111 676 1178 est,
702 1124 775 1167 enm
799 1105 868 1168 sive
890 1106 996 1167 vertas
1009 1099 1313 1182 σίιρσιαπίοίισσίισί

145 1220 217 1271 ssent
238 1229 288 1273 res
311 1228 409 1292 aeque
432 1208 565 1273 absurde
588 1211 704 1274 evenit.
752 1208 863 1295 ltaque
886 1207 1043 1295 legerim:
1070 1206 1140 1271 οὔτε
1165 1201 1213 1272 οὖν
1230 1209 1314 1285 λέγειν

146 1316 239 1386 δεινὸς
271 1307 324 1397 ἦν,
353 1312 451 1378 ἓπειίε
481 1316 544 1393 γὰρ
567 1312 632 1378 ’ἄν’
664 1314 733 1379 οὔτε
764 1314 835 1396 δίξιι
866 1315 993 1392 μέγας,
1019 1313 1226 1398 ίδέδισ(αν)
1247 1313 1312 1394 γάρ·

147 1419 218 1486 οὔτε
248 1421 310 1496 μὴν
339 1421 491 1499 χρηστός,
526 1424 661 1502 ridebere
692 1422 766 1501 γοίρ.
800 1421 972 1486 Omittitur
1000 1422 1034 1485 iu
1066 1421 1252 1507 repetitione
1271 1422 1313 1484 ab:

147 1527 202 1592 afr.
235 1527 274 1591 ad
306 1530 320 1591 ί
354 1526 436 1592 564:
472 1529 667 1612 (Ὀδυσσεὺς)
700 1530 753 1594 οὐκ
785 1528 823 1594 δν
855 1529 987 1607 ἐμήνυσε
1012 1562 1066 1576 --
1094 1526 1158 1592 οὐδ’
1182 1529 1314 1598 ’Λλκίνοος

147 1632 290 1714 ἔπεμψεν
314 1634 417 1701 αὐτόν.
466 1635 576 1720 Neque
602 1639 706 1724 magis
730 1638 890 1722 responsio
915 1635 1074 1701 erroribus
1097 1637 1251 1700 immunis
1270 1638 1313 1700 ast

147 1742 292 1818 Ἐροῦμεν
324 1737 373 1806 οὖν
404 1740 449 1806 ίτι
479 1742 565 1813 ridde
597 1744 661 1808 ἀπὸ
694 1749 748 1816 τῆς
781 1744 862 1816 νίκης
891 1744 974 1814 ὄντες
998 1742 1026 1806 σί
1051 1741 1165 1821 ἑταῖροι
1189 1742 1314 1821 ίγαιιρίοι
1347 1801 1356 1829 ‚

147 1858 185 1929 τῇ
215 1848 307 1929 rixo·
341 1854 471 1913 τοιαῦτα
503 1849 534 1914 δέ
559 1873 627 1915 τινα
652 1852 704 1914 καί
729 1851 941 1928 Ἀγαμέμνων
963 1847 1120 1913 πίπονίεν.
1146 1851 1315 1924 ἠναντιοῦντο

148 1956 211 2033 γὰρ
241 1957 325 2036 αὐτῷ
358 1955 511 2029 πολλάκις
541 1955 704 2030 Ἕλληνες.
751 1958 790 2022 In
819 1957 925 2022 codiee
953 1963 1001 2021 est
1024 1955 1229 2040 ίνοιντιοῦντο,
1250 1952 1316 2019 uude

147 2083 209 2128 non
241 2064 464 2147 imperfectum
495 2071 562 2129 erat
589 2065 781 2140 eruendum,
806 2064 861 2129 sed
883 2082 1044 2148 praesens:
1070 2061 1315 2126 dunensium

148 2170 211 2248 γὰρ
243 2172 326 2251 αὐτῷ
359 2170 512 2242 πολλάκις
545 2175 571 2254 (ο
581 2171 604 2255 ί)
636 2172 799 2245 Ἕλληνες.
847 2171 1015 2255 Sequitur:
1041 2166 1238 2247 παραδέδωκε
1258 2169 1315 2243 δίιί

150 2277 265 2356 ίστορία
294 2274 338 2343 ὅτι
370 2279 422 2342 καί
447 2276 641 2357 Ἀλεξάνδρῳ
665 2282 706 2358 τῷ
732 2276 885 2343 Μακεδόνι
911 2277 1047 2355 δεύτερον
1070 2274 1244 2341 οἱπίσπασιν
1263 2273 1315 2355 (dr-

147 2407 230 2463 τερον
253 2385 465 2448 ἐπανάστασιν
489 2389 610 2470 optime
633 2384 795 2471 Struvius)
821 2385 967 2459 ἐποίησαν
990 2385 1016 2447 οἱ
1035 2382 1101 2447 ι’διοι
1123 2384 1219 2448 αὐτοῦ
1240 2404 1315 2462 στρα·

146 2498 262 2555 τιῶτοιι.
312 2491 448 2555 Inseruit
482 2490 663 2556 Dindorfius
699 2487 762 2569 ίπι,
797 2492 991 2576 probabilius
1022 2492 1083 2555 erit
1114 2492 1153 2561 ὠς
1185 2496 1254 2555 ante
1274 2488 1313 2551 καί

147 2601 186 2663 ob
217 2598 474 2682 compendiorum
506 2598 748 2663 similitudinem
783 2598 981 2685 neglectum,
1014 2619 1087 2660 oum
1111 2596 1164 2662 vel
1187 2601 1251 2662 sine
1270 2597 1316 2661 heo

147 2727 241 2770 causa
272 2704 317 2768 ίτι
350 2712 380 2768 ot
411 2705 447 2773 ὡς
479 2708 604 2790 saepius
634 2708 717 2769 inter
741 2728 772 2770 se
798 2705 969 2780 alternent,
996 2704 1080 2788 quod
1104 2725 1136 2768 v.
1162 2725 1189 2768 e.
1216 2707 1316 2769 faetnn

147 2813 186 2877 ad
218 2838 226 2876 ι
251 2811 328 2875 333:
357 2813 569 2891 Ἀριστοτέλης
594 2809 642 2876 οὖν
667 2820 760 2892 Φνσιν
786 2810 831 2877 ὅτι
862 2811 922 2892 ᾔδει
949 2809 1072 2890 ἐχθροὺς
1097 2809 1188 2883 ὄντας
1212 2813 1317 2891 αὐτοῖς,

147 2941 208 3004 quo
239 2920 306 2984 loco
338 2914 383 2983 ὅτι
415 2921 543 3005 praebet
574 2920 628 3002 M,
657 2923 694 2992 ὡς
720 2920 758 2999 Q.
809 2921 920 3004 Itaque
945 2918 1067 2984 Struvii
1092 2920 1244 2984 adhibitis
1264 2936 1318 2981 eor·

148 3027 354 3102 rectionibus,
382 3064 419 3073 -
448 3026 661 3091 ἑπανοίσπιισιν
686 3049 798 3092 verum
824 3048 890 3091 esse
915 3026 966 3091 vel
990 3027 1119 3090 dativus
1143 3028 1265 3112 arguit,
1287 3057 1317 3069 -

147 3140 287 3196 extrema
318 3134 363 3197 sio
394 3136 589 3218 scripserim:
616 3133 813 3212 παραδέδωκε
838 3134 868 3197 δὲ
892 3136 908 3208 ἡ
934 3134 1049 3210 ίσσσρία
1074 3135 1121 3204 ὡς
1146 3134 1198 3197 καὶ
1224 3127 1320 3203 Ἀλεξ-

146 3237 239 3317 οίνδρῳ
264 3241 304 3317 τῷ
331 3239 486 3303 Μακεδόνι
512 3238 678 3320 ὕστερον
703 3239 996 3303 ἐπανάστασιν
1022 3235 1319 3323 trottae-strobi

147 3345 211 3408 ἴδιοι
238 3349 331 3410 αὑτοῦ
355 3353 551 3427 στρατιῶται.

193 3580 216 3632 ι,
244 3555 298 3619 48.
350 3556 626 3632 Ἐπισιιμαίνονπαι
657 3557 688 3622 δὲ
717 3559 746 3620 ἐν
779 3557 887 3620 Ἰλιοίδι
921 3557 1046 3632 γείτονα
1074 3557 1118 3629 ub
1143 3556 1322 3630 ὠνομάσθαι,

147 3665 177 3725 ἐν
209 3663 239 3725 δὲ
276 3663 442 3745 Ὀδυσσείᾳ
475 3669 524 3726 νῦν
559 3666 588 3728 δὲ
621 3666 713 3728 κάκεῖ
744 3661 802 3740 „te
834 3665 858 3727 σί
883 3667 938 3738 μὲν
963 3663 1102 3726 δαίνυντο
1127 3663 1262 3737 γείτονες
1284 3659 1323 3734 ἠδὲ

147 3767 215 3832 ἔται
248 3770 443 3835 Μενελάον.”
471 3770 541 3857 (H.)
588 3770 669 3835 Sunt
699 3772 776 3835 haec
807 3776 838 3834 et
863 3791 942 3854 quae
966 3776 1142 3854 sequuntur
1166 3769 1326 3833 Aristonici

147 3876 296 3941 adversus
321 3879 514 3942 ohorizontas
538 3879 712 3942 observata.
756 3877 791 3940 In
819 3877 934 3960 quibus
957 3876 1097 3960 primum
1123 3897 1196 3940 cum
1220 3873 1327 3941 Cobeto

147 3983 279 4065 (Mnem.
312 3984 350 4048 N.
382 3984 413 4049 S.
448 3983 552 4060 1879,
580 3982 642 4047 VH
668 4005 695 4068 p.
724 3984 801 4068 433)
829 4003 884 4067 pro
909 3983 1164 4058 ἐπισημαίνονται
1189 4001 1329 4066 reponen-

148 4089 225 4152 dum
263 4090 524 4166 interamniam.
581 4089 664 4154 Tum
701 4110 797 4173 prava
832 4089 1001 4153 verborum
1038 4086 1205 4152 collocatio
1241 4088 1330 4151 etiam

148 4195 348 4261 Dindorfium
380 4199 558 4262 adverterat
590 4197 812 4261 adnotantem:
848 4201 917 4277 „viv
947 4195 978 4258 δὲ
1003 4196 1097 4258 κιέκεῖ
1119 4192 1173 4264 ὣςε
1197 4194 1274 4258 haee
1292 4194 1331 4255 sio

149 4304 211 4369 sere
246 4307 278 4370 in
315 4306 457 4370 ordinem
501 4305 671 4391 redigenda
706 4303 820 4369 collato
856 4302 1024 4367 Eustatbio
1059 4323 1092 4386 p.
1132 4298 1236 4375 1615,
1278 4297 1329 4362 25:
