2978 4950
715 210 781 276 484

151 397 279 479 θθλχθοοι
317 397 410 464 αὐτὸν
445 399 638 481 ἐπιφέρειν
672 401 728 474 τὴν
762 399 893 484 ῥάβδον,
929 398 975 464 θτι
1007 401 1042 463 οὐ
1074 401 1109 462 τὸ
1132 404 1224 475 σῶμα
1247 392 1279 470 ἦν
1301 395 1331 459 rt

149 506 377 584 μεταβάλλον,
411 509 487 570 άλλ’
520 510 537 581 ἡ
570 511 673 587 ψυχή.
705 507 772 571 emt
806 545 847 555 -
881 510 927 572 ita
952 512 1054 571 totam
1090 505 1330 590 disquisitionem

150 613 310 680 concludit
336 653 377 664 -
402 614 452 677 διά
483 617 573 677 τοῦτο
605 615 638 676 οὐ
670 610 840 692 θαυμάζει,
877 613 921 677 ἔτι
953 623 991 692 τῇ
1022 611 1128 692 ῥάβδῳ
1154 610 1283 689 πληγεὶς
1303 610 1330 673 οὐ

151 720 391 799 μετεμορφώθη,
416 718 523 801 άλλά,
547 719 661 799 φντθν,
687 720 724 791 ὡς
749 721 783 784 οὐ
808 719 890 783 πιών.
940 719 1148 807 Intellegitur
1171 719 1254 783 enim
1275 714 1331 780 Ho-

151 828 305 892 mericum
331 829 389 910 (vs.
417 824 514 908 326):
540 825 648 901 θαῦμά
672 829 707 901 μ’
732 825 799 906 ἔχει
822 827 860 896 ὡς
885 826 985 911 (reete
1008 824 1164 901 Oebalus,
1188 822 1227 888 V.
1252 821 1283 886 [ι
1304 842 1330 905 p.

154 933 230 1008 108,
268 933 346 1018 πῶς)
381 931 415 996 οὕ
450 955 479 995 τι
515 935 589 996 τιθιν
618 932 694 996 τάδε
725 933 871 1011 Φάρμακ’
904 931 1064 1012 ἐθέλχθης.
1113 929 1181 995 lam
1214 927 1330 1014 planum

150 1040 271 1104 facturn
296 1039 449 1114 arbitror,
475 1059 536 1122 quo
560 1042 629 1102 iure
648 1060 743 1124 supra
764 1041 977 1123 rescripserim
998 1035 1159 1115 μαθθντων
1179 1032 1223 1099 θτι
1245 1033 1331 1119 (οὐχ)

148 1149 165 1221 ἡ
198 1144 311 1224 ῥάβδος
345 1146 362 1218 ἠ
386 1148 644 1222 μεταμορφῶσαι.
692 1144 786 1209 Nunc
815 1147 901 1209 enim
927 1146 1027 1209 totius
1052 1143 1226 1229 Porphyrii
1249 1161 1328 1226 urgu-

150 1253 355 1316 mentationis
390 1257 592 1335 conspectum
629 1258 661 1316 et
693 1254 783 1336 quasi
815 1271 977 1316 summam
1009 1270 1184 1336 proponere
1214 1248 1328 1313 remotis

150 1359 212 1424 loci
237 1358 374 1422 tenebris
398 1360 463 1421 iam
485 1356 571 1421 licet.
603 1357 675 1422 Non
698 1378 807 1422 secum
835 1364 1000 1444 pugnant,
1019 1358 1145 1441 inquit,
1167 1354 1250 1440 qnod
1265 1353 1328 1418 socii

40 1537 45 1549 ⁸
148 1467 183 1529 in
206 1486 277 1529 sues
297 1466 439 1529 conversi
459 1471 598 1528 mentem
618 1465 826 1528 immutatam
846 1466 1017 1528 retinuisse
1038 1463 1190 1527 dicuntur
1209 1467 1240 1525 et
1259 1457 1326 1543 qnod

151 1582 259 1636 tamen
282 1570 369 1634 idem
392 1569 482 1633 Ulixi
501 1591 562 1634 non
584 1590 733 1635 converso
754 1570 904 1635 accidisse
925 1568 1017 1635 Oirce
1036 1570 1186 1633 miratur.
1216 1566 1325 1631 Etenim

150 1677 232 1742 illud
256 1678 294 1742 de
318 1679 412 1742 sociis
435 1696 496 1741 non
521 1677 646 1751 stricte,
671 1680 838 1751 etaient,
864 1677 918 1742 sed
941 1675 1056 1741 latiore
1076 1696 1171 1740 sensu
1191 1675 1326 1758 accipien-

128 1784 225 1850 ¹dum
260 1792 316 1849 est.
372 1783 587 1847 Retinuerunt
626 1790 786 1860 mentem,
829 1804 940 1848 verum
975 1790 1032 1848 aut
1064 1783 1132 1857 sic,
1167 1787 1205 1846 ut
1234 1779 1323 1844 adesa

150 1890 297 1976 quidem,
322 1888 376 1954 sed
400 1889 629 1954 obdormivisse
654 1895 685 1953 et
710 1889 944 1973 quodammodo
967 1890 1168 1974 obtorpuisse
1190 1888 1258 1953 viss
1276 1887 1324 1960 sit,

150 2005 206 2064 aut
230 2004 348 2061 utnon
366 2002 467 2061 totam
488 2000 629 2059 mentem
649 1996 825 2066 humanam
846 1997 900 2060 sed
918 1995 1198 2060 mansuetudinem
1217 2000 1324 2059 tantum
1351 1999 1353 2003 ’

150 2105 357 2169 servaverint.
398 2101 464 2166 Nec
487 2101 719 2186 potentaliter,
747 2123 820 2166 cum
844 2106 936 2188 virga
959 2105 1087 2188 magica
1110 2103 1190 2166 tacti
1208 2100 1325 2180 fuerint,

151 2214 242 2275 onius
272 2208 349 2273 haec
380 2210 430 2273 vis
458 2212 521 2279 est,
556 2214 590 2269 ce
620 2208 767 2289 οιιίυνιινι,
797 2230 856 2271 non
879 2230 984 2291 corpus
1001 2208 1122 2293 feriat,
1147 2227 1263 2289 corpore
1281 2205 1326 2266 ιἰι

143 2340 201 2400 per
217 2317 369 2399 potionem
392 2315 617 2398 transsumam.
652 2313 723 2377 Non
747 2315 853 2379 obstat
875 2314 952 2379 hnic
975 2309 1325 2399 interpretationi‚qncd

148 2422 259 2487 Ulixes
283 2441 408 2505 quoque
430 2440 467 2484 ea
490 2423 580 2505 virga
605 2427 709 2484 tactus
732 2428 887 2484 narratur.
936 2420 1064 2485 Etenim
1088 2420 1151 2486 hoc
1171 2440 1232 2484 non
1250 2416 1326 2484 eade

150 2551 243 2593 causa
280 2529 413 2599 factum,
449 2526 531 2609 quod
564 2527 648 2589 hune
677 2529 803 2609 potione
838 2548 869 2589 se
893 2527 1118 2591 transformare
1142 2548 1233 2610 posse
1254 2523 1326 2589 [irre

148 2636 350 2720 desperabat,
385 2633 438 2696 sed
472 2634 554 2716 quod
579 2654 690 2716 corpus
715 2637 845 2696 iamiam
871 2641 1034 2697 mutatum
1060 2637 1100 2697 iri
1126 2655 1255 2723 censens
1275 2633 1325 2696 ani·

147 2765 238 2806 mum
265 2762 387 2824 quoque
411 2739 541 2824 adgredi
566 2741 705 2821 parabat,
754 2739 842 2802 Haec
867 2741 948 2802 mibi
974 2740 1215 2824 Porphyrianae
1239 2740 1326 2821 dispu-

148 2852 277 2913 tationis
301 2848 457 2910 sententia
481 2845 618 2925 videtur,
644 2848 676 2906 in
701 2866 763 2927 qua
787 2854 818 2907 et
843 2846 923 2908 illud
948 2867 1004 2909 nos
1028 2847 1191 2929 advertit,
1212 2843 1327 2930 quadiu

146 2955 267 3038 duplici
301 2952 599 3016 commemoratione
631 2954 676 3013 rei
709 2952 746 3013 ad
772 2953 1082 3015 transformationem
1111 2954 1284 3026 adhibitae,
1304 2960 1327 3013 et

146 3062 283 3144 potionis
314 3066 346 3121 et
377 3061 502 3143 virgae,
542 3058 624 3117 illum
657 3059 697 3117 ιιιθ
728 3081 849 3138 eorpus,
882 3060 957 3119 tenc
987 3060 1029 3119 cd
1051 3069 1175 3121 merrtem
1198 3058 1328 3140 perticere

146 3167 344 3227 existimabat.
395 3163 429 3225 Si
461 3165 494 3224 in
526 3163 642 3225 talibus
675 3185 770 3246 quam
796 3167 1031 3227 accuratissime
1057 3186 1114 3227 nos
1139 3186 1234 3250 agere
1258 3183 1326 3246 opor·

144 3278 241 3345 teret,
275 3271 413 3334 dicerem
446 3289 483 3331 ex
516 3271 555 3330 iis
589 3291 667 3351 quac
700 3293 717 3330 κ
750 3268 930 3332 :ste-394
955 3270 1110 3355 leguntur
1139 3273 1186 3334 ita
1210 3276 1329 3334 statuere

147 3378 363 3462 Porphyrium
389 3375 497 3440 videri.
537 3378 578 3436 At
604 3382 739 3457 praestat
764 3378 796 3436 in
823 3375 872 3436 his
894 3396 954 3438 non
974 3377 1218 3440 accuratissime
1242 3396 1328 3462 agere.

192 3630 225 3674 ιι,
254 3601 329 3664 242.
379 3600 560 3665 Comitibus
594 3604 626 3662 in
658 3622 728 3664 sues
758 3605 916 3664 conversis
949 3623 1021 3665 eum
1057 3605 1185 3666 victum
1215 3601 1328 3686 proiecit

147 3709 257 3784 Circe,
294 3705 342 3770 οἷα
379 3708 449 3777 σύες
479 3706 713 3784 χαμαιευνάδες
741 3708 802 3768 αἰὲν
828 3707 949 3769 ἔδουσιν,
998 3707 1060 3769 His
1085 3705 1329 3791 quaestiunculae

146 3822 328 3898 excerptum
367 3815 580 3895 atlscriptum:
619 3814 660 3874 Τι’
704 3808 769 3878 οὖν,
806 3815 905 3889 φασί,
945 3815 1053 3874 τίνοι
1091 3816 1219 3886 αὐτῆς
1254 3811 1328 3889 χρείο

146 3923 335 3997 &selemim
368 3921 393 3981 εἷ
426 3920 482 3990 μὲν
515 3920 576 3994 7³2?
602 3918 760 3988 θῖκὲτλν
792 3918 979 4000 ἔχοοζεν,
1006 3920 1064 3982 ἔδει
1090 3920 1267 3999 φυλάττειν
1288 3918 1330 3978 οὐ·

146 4029 229 4099 rede,
265 4028 289 4088 εἱ
323 4025 352 4087 δὲ
384 4028 522 4098 άνελεῖν,
556 4022 589 4096 ἦν
622 4025 813 4086 άτοκτεῖνοοι.
848 4024 901 4107 (T)
935 4025 1192 4111 Oorrigendum:
1230 4023 1330 4110 (cieri)

143 4132 249 4198 river
291 4135 393 4206 αὐτῇ
427 4132 519 4210 χρεία
554 4132 746 4205 deotemus-23
777 4133 802 4192 εἷ
840 4132 896 4204 μὲν
929 4134 993 4205 γάρ
1029 4134 1202 4195 οἰκετῶν
1240 4132 1331 4209 ἔχοι·

144 4234 162 4312 ζ
170 4260 225 4307 εν,
253 4234 309 4297 ἔδει
334 4236 509 4313 φυλάττειν
536 4235 662 4306 αὐτούς,
689 4238 713 4297 εἰ
740 4236 770 4297 δὲ
799 4237 935 4311 άνελεῑν,
962 4234 994 4308 ἦν
1022 4239 1224 4303 άτοκτεῑνοοι.
1269 4234 1331 4299 Rea·

143 4340 310 4423 pondetur:
340 4341 407 4410 ἴσως
435 4344 475 4402 τά
500 4344 615 4415 μυθικὰ
641 4343 905 4419 ἀσυκοφάντητοι,
931 4343 983 4405 καὶ
1006 4342 1095 4425 (fort.
1115 4343 1175 4428 Ἣ)
1199 4341 1244 4408 θτι
1264 4340 1331 4418 ἕτὲρ·
