2978 4950
708 200 775 276 204

144 394 272 463 fluxisse
306 397 473 474 existimo,
511 394 565 463 ssd
601 419 641 464 ex
675 401 776 484 ipsius
810 400 957 486 ingenio,
992 400 1074 466 vitia
1114 396 1234 464 codicis
1272 415 1317 485 qn

145 504 296 568 utebatur
332 502 667 570 circumlocutionibus
710 504 824 570 callide
861 505 1052 593 obtegentis.
1105 503 1259 570 Habebat
1296 507 1317 571 o'

144 608 266 675 oculos:
296 610 457 686 perdurare
490 610 602 693 ἠράσθη
626 618 682 687 τῆς
709 612 905 690 Ἀρτέμιδος,
930 612 1112 695 quodcum
1136 610 1167 676 ai
1190 613 1263 677 iure
1284 611 1317 678 al

146 716 278 781 surdum
304 716 483 800 videretur,
507 716 648 782 addidit:
674 719 725 782 καὶ
751 718 789 783 ὢν
813 719 971 797 θηροηέτης
996 723 1131 803 atquae
1150 723 1317 802 sequantui

144 822 293 888 Habebat
316 823 357 888 ob
381 821 505 888 oculos:
530 823 555 887 οί
579 819 628 888 οὐν
652 825 710 888 θεοὶ
731 860 785 875 ··
806 827 899 889 αὐτὸν
919 823 957 889 δι’
980 823 1136 903 ὐστριιν
1158 823 1317 906 ὐτεζοιμρί

144 937 251 1009 φησαν
276 930 369 994 αὐτὸν
393 929 423 993 ἐν
446 931 488 1010 τῷ
514 930 672 1009 οὐρανῷ.
698 929 857 996 Dilatavit
880 952 933 997 ea:
958 933 1043 1008 μιτίι
1068 931 1099 996 δὲ
1123 932 1179 1005 την
1200 929 1317 1010 οὐτοβίο

145 1059 197 1100 σιν
231 1035 479 1118 ἀστροθεσίᾳ
513 1045 575 1108 τοῖς
612 1038 785 1117 νιννιὶτορσι
821 1039 1001 1116 τετίμηται.
1033 1038 1077 1103 aaa
1108 1033 1192 1102 ἔστιν
1225 1040 1265 1102 ἐν
1287 1060 1317 1102 τ,

146 1144 296 1223 οὐρανῷ
321 1180 362 1193 --
387 1143 472 1219 μετὰ
501 1147 554 1208 τοῦ
582 1145 724 1223 σκορπίου
749 1144 898 1224 ιὀστρον
921 1145 1080 1222 μέγιστον.
1127 1143 1317 1211 Hababato

145 1248 253 1315 oculos
275 1270 459 1335 perversum
484 1251 611 1334 οίνεύς,
636 1251 675 1317 da
699 1271 762 1337 quo
785 1249 1019 1342 Buttmannus:
1046 1251 1161 1337 „plane
1185 1251 1317 1319 cesentio

146 1353 299 1421 Creunero
330 1376 386 1441 pro
419 1357 526 1428 οίνεύς
554 1356 728 1444 legendum
760 1378 828 1423 esse
851 1357 997 1436 ’Τριεύς.”
1042 1357 1203 1443 Equidem
1227 1364 1317 1444 pure

146 1467 377 1549 corruptionem
407 1483 468 1528 non
495 1471 559 1528 tum
583 1474 684 1529 ortam
709 1485 775 1529 essa
797 1485 836 1529 ex
859 1466 993 1543 ’Τριεύςι
1018 1485 1114 1548 quam
1137 1485 1176 1528 ex
1201 1469 1317 1552 cogunt

145 1570 247 1636 forma
282 1568 429 1648 Ὠριεθς,
466 1570 544 1635 dum
579 1569 703 1635 librarii
736 1569 905 1636 tralatioiis
938 1572 1095 1637 erroribus
1127 1581 1154 1637 ο
1186 1591 1317 1657 ponem

146 1697 201 1762 pro
227 1684 273 1753 Ω,
298 1685 310 1740 1
335 1696 391 1761 pro
414 1685 448 1760 P,
472 1683 502 1740 N
527 1697 583 1761 pro
604 1685 628 1740 Ι.
652 1675 713 1742 Sed
732 1677 792 1742 hoc
810 1697 873 1741 non
890 1697 1042 1762 premam.
1069 1677 1154 1758 Quid
1172 1677 1315 1744 Eudocia

146 1778 385 1849 Commemorat
417 1790 587 1868 utrumque
616 1802 750 1859 nomen,
777 1821 818 1832 -
845 1783 902 1847 ὐπὸ
933 1789 987 1848 τοῦ
1018 1783 1166 1863 Ὠριθιις,
1193 1785 1279 1850 κατὰ
1302 1785 1317 1851 i

145 1913 250 1973 τινας,
286 1889 344 1953 dxl
377 1893 430 1953 τοῦ
466 1890 597 1968 Οἰνέος,
623 1927 664 1937 -
688 1911 728 1955 ns
761 1892 921 1973 suspicata
959 1892 1088 1974 quidem
1128 1891 1267 1957 alterum
1296 1912 1317 1958 a

146 1995 245 2061 altero
279 1997 401 2062 scribae
431 2016 534 2062 errore
564 2017 631 2062 esse
662 2001 866 2084 prognatum.
913 1995 1027 2085 Pergit
1059 1997 1214 2063 liudocia:
1245 1997 1317 2063 τθύ

148 2099 295 2182 Ὠρίωνος
331 2101 420 2181 ξίφος
457 2104 471 2167 θ
508 2103 663 2180 Διομήδης
699 2098 801 2182 εἶχεν,
832 2101 943 2168 ἔπειτα
976 2103 1006 2167 δὲ
1035 2100 1214 2185 Ἥφαιστος
1239 2115 1317 2181 lion

146 2213 235 2276 τούτο
269 2211 440 2289 ἐχαρίσατο
449 2258 458 2287 ,
493 2209 614 2285 Πηλεὺς
652 2209 683 2275 δὲ
714 2211 881 2289 Ἀχιλλεῖ·
914 2211 948 2273 ἐκ
978 2207 1006 2274 δ’
1039 2211 1216 2290 Ἀχιλλέως
1246 2215 1317 2278 roric

146 2317 364 2395 Νεοπτόλεμος
389 2315 531 2394 ἐδέξατο,
556 2337 636 2402 quae
660 2315 789 2382 aliunde
813 2318 935 2382 adscita
958 2323 1049 2395 suut,
1074 2323 1162 2382 tum:
1188 2315 1317 2384 θλασιύ

146 2423 250 2496 ἄλλως
280 2425 346 2504 τερ)
378 2428 432 2488 τοῦ
467 2422 613 2504 Ὠρίιονθς
638 2431 736 2502 Φασιν
760 2420 870 2500 οὐτιος,
896 2424 1012 2509 quibus
1038 2425 1141 2490 verbis
1164 2425 1249 2510 apud
1272 2422 1317 2490 lm

146 2534 335 2617 perstricem
359 2534 516 2616 incipiunt
539 2551 594 2614 ea,
619 2552 698 2615 quae
722 2533 755 2594 in
779 2529 905 2595 Scholio
931 2533 969 2595 ad
994 2529 1029 2594 Il.
1053 2541 1079 2595 Σ
1101 2529 1179 2605 486,
1201 2539 1238 2597 ut
1257 2530 1317 2597 dixi

145 2660 237 2721 mus,
269 2639 308 2703 de
331 2639 441 2704 eodem
466 2645 655 2725 argumento
680 2638 848 2719 dicuntur,
872 2637 912 2701 ad
936 2637 1071 2701 verbum
1096 2657 1169 2701 cum
1194 2636 1317 2704 lectioni

145 2747 204 2810 bus
223 2744 336 2810 Veneti
357 2745 474 2810 codicis
493 2746 723 2830 conspirantia,
743 2764 782 2807 ne
802 2742 938 2807 ridiculo
957 2743 1088 2827 quidem
1109 2746 1190 2809 vitio
1210 2747 1317 2810 ommst

145 2858 226 2937 qnod
259 2859 291 2917 et
321 2850 483 2916 Venatum
514 2854 598 2916 Aet
621 2848 818 2915 Scholiorum
843 2847 1055 2936 Vulgatorum
1081 2848 1137 2935 (D)
1160 2851 1317 2916 editionet

144 2957 305 3024 Iuntinam
336 2967 384 3042 et,
412 2965 449 3023 ut
479 2979 562 3022 nnnc
592 2956 757 3028 videmus,
786 2954 944 3020 Eudocica
968 2976 1092 3040 quoque
1115 2957 1256 3022 codicem
1281 2957 1317 3023 ok

145 3065 247 3139 sidet,
279 3064 496 3152 irrefragabile
527 3063 871 3148 communisoriginis
900 3062 1146 3128 documentum:
1173 3064 1293 3140 ἐγένετο

148 3173 262 3252 Οὐρίαν
295 3171 392 3254 (mule
423 3192 473 3256 ap.
501 3171 619 3236 Eudoc.
644 3169 783 3252 Ὠρίων),
807 3166 899 3239 οὕτως
924 3171 1099 3245 ὀνομασθείς
1124 3171 1191 3235 irai
1214 3174 1257 3238 τὸ
1279 3171 1317 3237 οὐ

144 3287 262 3358 ρησαι
282 3275 410 3357 ὐστερ
430 3279 519 3349 τοὺς
542 3278 670 3345 θεούς·
689 3274 800 3340 ἔπειτα
820 3275 859 3338 δὲ
879 3277 1016 3358 (omittit
1037 3276 1096 3341 hoc
1116 3277 1317 3366 Endoc.)xcs

144 3385 343 3466 εὐφημισμὸν
368 3382 492 3463 Ὠρίων.
519 3382 680 3448 Pervelim
705 3383 823 3459 doceri,
848 3382 1003 3467 quomodo
1023 3382 1159 3449 editores
1171 3385 1317 3452 intellexe

144 3495 210 3556 rint
232 3492 284 3558 διὰ
308 3491 342 3555 τύ
366 3492 489 3571 οὐρῆσαι
514 3489 639 3570 ιύστερ
663 3490 732 3560 τούς
758 3489 849 3561 θεούς.
894 3488 985 3567 Quod
1009 3491 1036 3552 ai
1060 3489 1151 3554 nullo
1175 3488 1317 3576 probabi]

145 3601 239 3665 modo
270 3601 447 3684 potuerint,
477 3597 608 3664 fortasse
639 3617 700 3661 non
735 3595 927 3661 recusabunt
957 3617 1084 3660 mecum
1107 3599 1252 3663 insanam
1274 3599 1317 3664 let

144 3709 263 3772 tionem
289 3713 414 3770 mutare
436 3707 488 3768 in:
514 3703 622 3768 διὰτὸ
646 3704 769 3781 οὐρῆσαι
796 3700 957 3777 στθρμα
984 3701 1054 3774 τοὺς
1079 3704 1173 3775 θεούς.

190 3811 251 3878 Sed
279 3815 356 3876 satis
380 3811 418 3875 de
441 3811 506 3887 his;
534 3809 672 3894 reliquas
695 3807 953 3894 interpolationes
978 3808 1151 3874 ordiamur.

192 4047 219 4101 ε,
252 4024 329 4089 211.
366 4024 401 4089 In
433 4031 507 4089 nota
539 4025 709 4109 Porphyrii
734 4045 772 4088 ex
796 4023 988 4087 Antisthene
1012 4023 1156 4087 derivata
1179 4023 1317 4104 multon:

146 4151 207 4216 que
237 4131 412 4209 celebrata,
442 4153 499 4196 cur
528 4130 639 4196 Ulixes
675 4127 846 4217 Calypsoni
870 4132 1088 4213 obtemperare
1111 4130 1251 4196 noluerit
1271 4134 1317 4196 im

145 4236 341 4301 mortalitem
373 4241 402 4302 ei
434 4237 618 4321 spondenti,
648 4238 725 4303 haec
755 4244 846 4302 sunt:
880 4233 1070 4309 Ἀντισθένης
1104 4237 1200 4317 φησὶν
1223 4236 1317 4303 οὐδένα

146 4345 240 4426 σοφὸν
262 4343 336 4407 ὄντα
360 4344 410 4408 τύν
435 4345 608 4426 Ὀθοσσία,
634 4340 679 4406 ὅτι
703 4345 728 4408 οἱ
754 4344 874 4423 ἐρῶντος
899 4343 1004 4408 πολλοὶ
1024 4343 1194 4424 ψεύδονται
1215 4344 1267 4409 καί
1286 4361 1317 4407 r
