2978 4950
720 219 763 297 43

323 416 394 491 τοὺς
417 418 475 497 μὲν
497 415 559 498 ἄρα
581 418 737 498 χρυσέοισι
761 418 925 491 κυπέλλοις
950 413 1011 491 υίες
1037 419 1177 499 Ἀχαιῶν

325 522 483 603 δειδέχατ’
509 521 639 589 ἄλλοθεν
665 523 762 595 ἄλλος
787 524 972 591 οξνασταὸίν.

147 630 162 707 ἢ
194 629 336 712 ὸιοίΦορος
368 625 401 704 ἦν
431 629 444 693 ὸ
474 629 585 706 τύπος,
610 631 662 693 καί
686 632 746 711 οὐχ
769 629 868 712 ὥσπερ
892 631 928 696 τὸ
951 630 1048 704 ὸέπας
1072 630 1124 695 καί
1150 628 1184 694 τὸ
1211 627 1334 693 ἴιλεισον
1439 627 1444 631 ’

145 736 386 818 ἀμφικύπελλον
416 732 493 800 οὕτω
524 736 555 799 li
587 736 639 800 καί
672 741 780 813 τοῦτο,
814 738 943 819 κυφὸν
974 737 1007 802 δέ
1037 736 1143 821 μένους
1168 735 1246 800 οὸπὸ
1271 736 1334 814 μὸιρ

144 852 210 917 τῆς
243 842 416 924 κυφότητος
446 843 481 905 τὸ
515 841 669 906 κύπελλον
698 841 797 923 ίίσπερ
822 847 874 909 καί
898 844 933 908 τὸ
958 844 1219 926 ἀμφικύπελλον·
1246 842 1263 916 ἢ
1287 840 1333 906 ὅτι

144 952 360 1028 παραπλήσιον
395 943 429 1021 ἦν
461 954 530 1020 ταῖς
556 946 708 1033 πέλλαις,
733 951 920 1026 συνηγμένοι
941 953 1064 1027 μᾶλλον
1088 950 1130 1019 είς
1153 950 1209 1021 την
1233 947 1332 1028 κυφά·

144 1078 236 1129 τηπα.
272 1089 354 1104 --·
386 1053 529 1128 Σειληνὸς
574 1054 605 1118 δέ
647 1062 724 1137 Φησι
768 1058 939 1135 »κύπελλα
981 1058 1158 1134 ἐκπώματα
1202 1055 1330 1135 σκύφοις

144 1158 252 1245 ὸμοια,
284 1163 323 1233 cir
347 1159 398 1225 καί
424 1161 590 1239 Νίκανδρος
616 1161 629 1224 ὸ
655 1165 860 1243 Κολοφώνιος·
886 1162 1032 1227 κύπελλα
1056 1162 1082 1226 δ’
1108 1162 1208 1238 ἔνειμε
1235 1161 1334 1240 συβώ-

144 1266 228 1343 της.”
264 1267 484 1342 Εὔμολπος
517 1266 554 1330 δέ
586 1269 779 1345 ποτηριόυ
804 1271 918 1346 γένος
943 1269 1019 1332 οὶπὸ
1044 1272 1112 1332 τοῦ
1137 1266 1261 1348 κυφὸν
1287 1263 1334 1331 εί-

144 1398 218 1438 ναι.
256 1375 442 1451 Σιμάριστος
476 1372 507 1436 di
538 1375 572 1436 τὸ
604 1373 708 1436 ὸίιοτον
740 1374 876 1453 ποτιίριον
908 1376 1073 1454 Κυπρίους.
1106 1374 1141 1438 τὸ
1175 1373 1207 1437 δὲ
1230 1373 1332 1438 ὸίυτον

144 1481 193 1545 καί
226 1479 397 1558 τετράωτον
430 1487 566 1558 Κρῆτας·
600 1483 737 1552 Φιλητᾶς
769 1481 801 1544 ti
827 1482 1029 1559 Συρακοσίους
1053 1483 1199 1546 κύπελλα
1223 1486 1332 1545 καλεῖν

144 1587 184 1650 τοὸ
214 1595 271 1660 της
302 1584 404 1666 μοίζης
436 1584 489 1649 καί
522 1591 579 1648 τῶν
610 1583 707 1663 ἄρτων
733 1586 784 1649 ε’πὸ
809 1594 864 1661 τῆς
889 1587 1043 1668 τραπέζης
1067 1589 1333 1664 καταλείμματα.

146 1692 232 1777 (Ath.
265 1690 350 1757 4820
380 1699 481 1775 seqq.)
523 1690 609 1755 Hinc
638 1692 793 1756 discimus
823 1705 855 1757 et
886 1713 982 1778 quam
1016 1697 1102 1759 varie
1130 1695 1336 1782 grammatici

145 1801 206 1863 iam
239 1796 399 1862 Athenaei
427 1805 570 1881 tempore
594 1796 633 1862 de
656 1797 759 1863 forma
783 1805 926 1864 veterum
952 1799 1138 1884 poculorum
1164 1801 1334 1877 senserint,

145 1910 175 1968 et
204 1903 400 1988 Eumolpum
434 1903 593 1988 quendam
623 1911 786 1969 auctorem
820 1905 921 1970 videri
952 1904 1169 1992 etymologiae
1202 1909 1255 1969 τοῦ
1281 1904 1336 1968 κύ-

146 2027 258 2076 πελλον
294 2010 381 2091 παρὸ
416 2010 450 2073 τὸ
486 2011 582 2091 κυφὸς
617 2009 668 2074 vel
700 2013 734 2075 τὸ
766 2012 912 2096 κύπτειν,
945 2033 1042 2097 quam
1074 2015 1218 2096 sequitur
1240 2013 1336 2076 etiam

146 2116 333 2202 Apollonius
367 2113 516 2200 Sophiste
550 2119 571 2179 i.
594 2137 638 2192 v.,
677 2117 848 2181 adrestos:
884 2119 919 2182 τὸ
954 2117 988 2193 ἐξ
1024 2119 1205 2199 ἀμφοτέρων
1239 2122 1336 2196 μερῶν

147 2228 406 2302 περικεκυφυ
416 2224 535 2299 μένον
570 2225 708 2301 ποτήριον
742 2226 975 2308 interpretetus.
1023 2225 1146 2289 Locum
1180 2225 1337 2290 Athenaei

147 2329 214 2394 ideo
246 2348 371 2414 quoque
402 2327 577 2412 pleniorem
609 2328 779 2413 adscripsi,
804 2336 841 2393 ut
864 2350 939 2395 eum
963 2331 1078 2394 mendo
1100 2333 1232 2395 initium
1256 2329 1338 2395 obsi·

147 2435 239 2500 deute
263 2434 451 2506 liberarem.
477 2435 561 2519 quod
586 2442 618 2498 et
641 2433 820 2500 Meinelsius
845 2433 881 2499 V.
908 2433 956 2501 sl.
982 2435 1093 2503 tollere
1117 2443 1247 2501 conatus
1270 2442 1337 2520 est,

146 2563 193 2607 me
225 2541 357 2626 quidem
390 2540 495 2605 iudice
526 2543 633 2605 minus
656 2539 800 2606 feliciter.
849 2541 970 2607 Unicus
995 2543 1093 2609 codex
1117 2544 1233 2608 habere
1256 2542 1337 2607 dici·

145 2654 209 2713 tur:
239 2649 256 2722 ἢ
282 2647 450 2723 ὸνίματι
472 2646 746 2719 διαλλάσσει,
768 2647 852 2732 quod
872 2650 938 2713 iam
958 2645 1181 2715 casaubonum
1213 2647 1342 2712 offendit

145 2756 188 2819 ita
219 2759 417 2820 monentem:
446 2751 585 2834 ,locutio
608 2751 708 2838 digna
731 2773 811 2838 quae
836 2773 892 2817 nos
915 2753 1078 2820 advertat:
1103 2775 1178 2819 nam
1203 2759 1271 2818 erat
1294 2752 1343 2816 di·

145 2861 300 2936 cendum,
326 2860 392 2923 καὸ
419 2858 545 2935 ὸνίματι
565 2857 685 2934 μόνον
705 2860 929 2943 διαλλασσει,”
951 2860 1161 2945 similiterque
1178 2859 1341 2945 Schweig-

145 2966 352 3043 haeuaerum,
389 2968 444 3050 qui
480 2964 636 3030 breviter:
670 2968 791 3041 „immo
815 2967 883 3030 καί
908 2965 1065 3043 ίνόματι.”
1112 2964 1336 3039 Meinekiusci

146 3073 294 3149 retinuit,
330 3082 400 3157 post
431 3071 556 3148 ὀνόματι
590 3077 700 3135 autern
731 3072 848 3137 adiecit
879 3073 1017 3148 μόνον,
1050 3093 1113 3158 que
1144 3073 1182 3137 de
1217 3093 1249 3136 re
1277 3070 1342 3136 lec-

147 3187 244 3245 torem
283 3178 410 3243 monuit
447 3180 481 3241 in
516 3176 680 3242 Analectis
711 3175 839 3243 Oritiois
872 3179 999 3265 (Athen.
1043 3185 1067 3244 t.
1103 3179 1146 3244 IV
1180 3200 1209 3263 p.
1250 3177 1341 3260 224.)

146 3282 262 3351 Verum
301 3285 378 3370 quid
412 3285 471 3348 hoc
504 3280 649 3368 prodest?
681 3283 776 3348 Fatui
807 3290 854 3349 est
886 3303 1016 3371 rogare:
1047 3291 1136 3349 τοῦτο
1160 3284 1342 3364 (κύπελλον)

148 3392 270 3472 πίτερίν
296 3392 362 3455 ε’στι
388 3391 502 3455 ταύτὸν
527 3392 568 3468 τῷ
593 3390 708 3469 ιὶλείσιρ
733 3413 762 3455 κ.
790 3416 820 3454 τ.
848 3390 957 3464 δέπαϊ,
986 3394 1003 3467 ἢ
1029 3392 1201 3469 ίνίμαπι
1224 3391 1345 3467 μόνον

149 3498 414 3572 ὸιαλλοίσσει;
454 3494 523 3574 Qua
558 3495 687 3560 tandem
724 3495 787 3559 alia
822 3499 943 3561 ratione
978 3495 1101 3561 differre
1135 3513 1270 3583 possunt
1296 3516 1345 3561 res

150 3608 273 3670 nomine
308 3603 451 3667 diversae
486 3601 591 3664 forma
629 3622 738 3685 pares,
775 3604 837 3666 nisi
872 3600 1021 3667 nomine‘l
1054 3602 1089 3668 Si
1125 3603 1201 3687 quid
1235 3602 1345 3685 video,

150 3711 328 3776 Athenaeus
359 3708 502 3792 scripsit:
535 3713 623 3771 τοῦτο
655 3708 822 3786 πότερόν
853 3709 918 3771 ἔστι
943 3711 1057 3772 ταύτὸν
1081 3712 1122 3789 τῷ
1150 3710 1263 3791 οὸλείσιρ
1293 3710 1345 3773 καὸ

150 3821 186 3897 τῷ
210 3817 323 3893 δέπαϊ,
351 3816 399 3900 [ἦ]
420 3815 546 3889 ὸνίματι
570 3814 683 3899 (μόνον)
713 3815 949 3893 ὸιαλλοίσσον,
981 3817 1069 3899 ,τοὺς
1098 3817 1155 3891 μέν
1181 3813 1276 3896 ι’ίρα-
1294 3852 1346 3867 -·-

151 3920 352 3999 ὸνασπαὸίν,”
372 3917 415 3984 Ἢ
439 3919 580 3999 διάφορος
606 3914 639 3991 ἦν
662 3921 676 3984 ὸ
701 3921 809 3994 τύπος,
836 3922 886 3983 καί
913 3925 972 4000 οὐχ
995 3919 1094 4000 ὥσπερ
1115 3922 1150 3985 τὸ
1171 3922 1268 3995 δέπας
1291 3924 1343 3991 καί

152 4032 181 4095 τὸ
211 4029 335 4094 ἄλεισον
367 4028 609 4109 ἀμφικύπελλον
640 4023 715 4089 οὕτω
748 4027 779 4089 δὲ
813 4029 865 4090 καί
898 4033 987 4092 τοῦτο
997 4076 1005 4105 ,
1037 4033 1134 4110 κυφὸν
1169 4029 1199 4093 δέ
1237 4031 1345 4111 μίνον;

155 4172 188 4185 -
221 4141 381 4220 expuncto
421 4133 436 4207 ἢ
477 4137 548 4216 post
586 4132 680 4195 ὸέπαί
711 4132 929 4218 dittographia
962 4139 1030 4197 orto
1061 4136 1113 4200 vel
1146 4144 1348 4222 praepostere

154 4242 281 4319 inserto,
306 4246 340 4305 et
364 4241 602 4304 διαλλάσσειν
627 4242 658 4302 in
682 4238 902 4302 διαλλάσσον
928 4247 1075 4319 mutato,
1100 4245 1146 4307 ita
1165 4251 1202 4308 ut
1224 4244 1349 4325 πίπερίν

155 4345 211 4413 ἐστι
244 4345 404 4413 ταύτὸν
545 4345 562 4420 ἢ
587 4343 782 4427 διοίφορος
808 4340 841 4418 ἦν
866 4346 928 4411 sibi
952 4348 1093 4413 invicem
1117 4350 1347 4434 respondeant,

158 4453 420 4538 quemadmodum
448 4473 555 4517 rerum
583 4457 696 4516 natura
720 4450 870 4536 postulat.
