2978 4950
732 174 798 243 446

168 367 236 432 iam
269 366 551 431 demonstraverat.
599 366 762 433 Mehlerus
789 368 943 433 mendum
966 387 1030 432 non
1055 363 1193 431 dubium
1216 365 1338 431 amenda-

169 476 255 538 tione
287 473 464 538 tollendum
495 476 564 538 inre
596 481 703 555 ratus,
736 475 897 560 disputat:
925 477 992 552 „ita
1016 474 1141 539 codices
1165 480 1282 558 praeter
1300 471 1338 549 A,

169 583 225 665 qni
261 579 502 655 ἐναπεδειξαμεν
539 601 601 645 nno
634 588 741 646 tenore
772 584 926 666 scriptum
960 580 1102 645 exhibet.
1151 580 1203 645 Ita
1219 579 1340 644 dormo

169 690 325 752 sententia
349 696 396 751 eat
420 687 657 754 constituenda:
682 688 738 751 κᾶν
762 690 788 752 sl
813 695 872 752 τῶν
896 688 1056 766 έέρκμένιον
1080 687 1127 750 ἔτι
1148 679 1179 750 ἓν
1198 685 1340 763 &schlic-

170 818 247 871 μεν,
281 795 412 868 ἐκφῆναι
444 798 496 856 τοῦ
528 791 612 865 ἔτους
638 794 687 856 τὸν
713 796 832 876 καιρὸν,
857 794 921 858 ον’.”
967 792 1010 859 ut
1032 796 1164 878 adripuit
1186 793 1340 877 aliquidin

169 900 249 964 hanc
280 904 470 964 sententiam
503 899 707 981 Heraclitus,
740 901 811 975 sed,
845 904 877 964 ni
910 899 1020 975 fallor,
1052 920 1115 964 non
1149 902 1195 964 ita
1226 901 1339 983 scripsit

168 1006 252 1070 Nam
286 1014 318 1070 et
340 1007 376 1069 τό
399 1008 433 1069 in
457 1003 517 1069 fine
542 1004 636 1088 plane
660 1027 893 1090 supervacuum
919 1006 1067 1082 videtur,
1092 1015 1126 1071 et
1149 1027 1189 1072 ne
1211 1006 1245 1070 in
1265 1005 1340 1070 usu

168 1111 227 1176 leri
250 1111 380 1196 quidem
407 1112 609 1176 restitutione
631 1112 764 1196 expedio
788 1111 869 1177 illnd
889 1118 947 1176 τῶν
968 1113 1138 1191 εἰρημένων.
1187 1112 1340 1197 Numquid
1368 1113 1371 1124 '

169 1226 217 1282 est
240 1214 271 1281 ἓν
295 1215 339 1280 ἔτι
364 1218 576 1281 ἀποδεικνύναι
602 1224 659 1280 τῶν
685 1219 871 1297 εἰρκμένωνῖ)
893 1219 981 1284 Num
1007 1219 1070 1282 sibi
1090 1216 1255 1298 εἷρκμέναέ
1273 1217 1339 1282 Num

168 1321 330 1389 Homero?
364 1323 521 1407 Equidem
545 1326 651 1408 potius
676 1326 883 1389 correxerim:
910 1323 1021 1404 σχεδὸν
1046 1325 1111 1401 γὰρ
1136 1323 1280 1406 ἀπόχρη,
1298 1325 1341 1388 e»

169 1430 235 1494 ἐπὶ
272 1437 356 1500 τοῖς
393 1428 622 1507 εἰρημένοις
647 1421 684 1492 ἓν
712 1430 799 1514 (ἔτι)
823 1429 1129 1507 ἀποδείξωμεν,
1155 1431 1281 1512 ἐκφῆναι
1301 1434 1341 1492 τοῦ

169 1533 253 1605 drove
283 1535 334 1598 τὸν
368 1534 477 1612 καιρόν.
524 1534 575 1618 Si,
607 1538 730 1621 inquit,
761 1545 885 1621 praeter
913 1558 951 1602 ea
975 1540 1064 1622 gqnae
1089 1541 1155 1603 iam
1182 1538 1342 1602 dictasunt

67 1666 70 1674 ·
170 1662 272 1706 unum
303 1643 529 1724 observavero,
554 1645 631 1706 satis
655 1643 908 1708 demonstratum
934 1643 1012 1720 erit,
1035 1664 1098 1727 quo
1124 1647 1200 1708 anni
1223 1652 1340 1728 temporo

171 1747 327 1813 bellatum
351 1751 404 1812 sit.

214 1957 250 2023 (l.
275 1955 355 2021 XIII
379 1958 424 2041 (p.
449 1954 527 2036 28):
562 1960 663 2038 Ἀρχὴ
698 1957 728 2020 δέ
758 1960 876 2033 ταύτης
909 1969 965 2034 τῆς
997 1957 1086 2034 δέξας
1119 1964 1247 2046 (nempe
1267 1959 1341 2032 oleti

169 2065 272 2142 κωφὸς
300 2065 359 2127 οὐδ’
384 2061 548 2140 ἄφθογγός
574 2064 657 2127 ἐστιν
680 2064 693 2125 i
716 2064 842 2148 κόσμος)
862 2066 1018 2150 Ὄμηρος,
1039 2068 1132 2131 εἰπὼν
1152 2069 1212 2138 τὰς
1232 2066 1341 2139 insuit

170 2175 301 2242 ἀκτῖνας
340 2172 553 2245 οὶλλκγορικῶς
590 2171 688 2248 βέλη,
721 2172 858 2250 προσθεὶς
890 2171 917 2236 δ’
951 2169 996 2236 ὅτι
1028 2175 1200 2252 φερόμεναι
1231 2172 1278 2237 tet
1301 2175 1340 2234 ειῖι

171 2277 253 2356 νὶέρος
288 2274 449 2353 ἔκλαγξαν
475 2275 577 2346 ἡδεῖαν
601 2301 670 2341 τινα
695 2278 748 2341 καὶ
774 2278 868 2342 ἔνθεον
891 2284 1006 2355 duodo.
1053 2280 1182 2345 Nullibi
1205 2279 1342 2346 Homerus

169 2384 327 2469 Apollinis
357 2385 492 2467 sagittas
522 2384 636 2445 dudem
667 2388 808 2449 sonitum
841 2386 983 2450 emisisse
1015 2387 1117 2470 dixit,
1143 2395 1254 2472 estque
1272 2384 1301 2450 id
1318 2388 1342 2447 et

169 2493 283 2555 rationi
309 2492 500 2552 contrarium
526 2500 557 2552 ot
581 2494 770 2553 narrationis
796 2495 906 2555 tenori.
955 2494 1157 2577 Quapropter
1180 2492 1340 2558 Schovviua:

169 2601 246 2660 ἰδίαν
280 2597 372 2660 ἔνθεον
404 2619 472 2657 τινα
507 2597 629 2673 φωνήν,
656 2599 844 2679 videturque
869 2608 929 2662 voa
954 2601 1033 2662 ἰδίαν
1058 2621 1126 2664 esse
1151 2601 1184 2664 in
1210 2596 1342 2664 Heracliti

169 2707 338 2769 codicibus.
389 2702 423 2764 ln
456 2703 585 2765 scholiis
618 2702 724 2766 Iliacis
756 2718 821 2768 est:
856 2706 919 2777 ἦτοι
955 2706 1056 2774 ἡδεῖαν
1090 2732 1161 2769 τινα
1194 2709 1243 2768 καὶ
1268 2704 1342 2767 inlesa

168 2813 270 2890 Φωνὴν
302 2810 506 2871 οὶπετέλεοαν.
556 2810 664 2891 Nuper
696 2811 830 2891 (Mnem.
857 2811 942 2874 N.S.
970 2812 1011 2875 Vl
1035 2834 1064 2896 p.
1093 2813 1174 2896 404)
1201 2811 1342 2877 Mehlerua

170 2920 207 2981 dc
231 2919 289 2980 lrao
314 2917 424 2979 cadem
451 2938 482 2977 re
511 2918 555 2977 ite
581 2917 773 2998 disputavit:
805 2940 897 2992 „cum
925 2922 978 2981 vix
1004 2919 1140 2982 dubium
1162 2941 1230 2984 esse
1247 2917 1343 3003 possit,

166 3028 242 3108 quin
267 3044 322 3107 pro
349 3023 450 3091 ἡδεῖαν
476 3045 543 3081 τινα
569 3021 621 3082 καὶ
647 3022 740 3084 ἔνθεον
765 3024 885 3100 ponde,
911 3025 1020 3088 habita
1045 3026 1167 3089 ratione
1191 3027 1227 3090 ll.
1253 3021 1341 3092 Λ49,

168 3122 265 3206 υδεινὴ
290 3131 319 3192 δὲ
346 3129 476 3204 κλαγγὴ
502 3128 602 3201 γένετ’
628 3129 780 3203 νὶργνρὲοιο
807 3130 921 3206 (leofest
941 3130 1116 3216 legendum
1136 3137 1180 3195 sit
1201 3130 1342 3207 ἔκλαγξαν

165 3240 298 3307 δεινήν
329 3260 397 3296 τινκ
431 3235 507 3304 ars,
544 3248 613 3296 tum
650 3256 710 3298 non
736 3240 842 3298 miuus
869 3238 1074 3300 manifestum
1102 3249 1150 3302 est
1175 3240 1266 3316 λόγον
1287 3258 1342 3301 mn·

166 3344 298 3407 tandum
324 3363 389 3404 esse
415 3345 445 3402 iu
467 3341 608 3412 λοιμιῡ.”
647 3340 692 3403 De
715 3342 838 3406 ultimis
860 3346 969 3405 statim
995 3344 1190 3409 videbimus.
1224 3346 1280 3410 Sed
1297 3344 1341 3406 hoc

168 3461 288 3513 certum
324 3460 389 3525 est,
423 3446 506 3508 male
542 3447 603 3508 huc
628 3450 761 3510 traxisse
788 3449 971 3512 Mehlerum
998 3471 1128 3513 versum
1154 3452 1342 3516 Homericum

167 3576 260 3638 quom
285 3554 416 3616 citavit.
443 3560 479 3613 ut
504 3551 576 3613 iude
601 3573 696 3613 suum
723 3554 817 3626 δεινήν
843 3579 912 3617 τινα
938 3558 1040 3632 φωνήν
1066 3556 1276 3622 confirmaret.
1316 3554 1341 3617 ln

165 3664 227 3724 isto
252 3662 337 3723 enim
364 3679 456 3721 versu
482 3658 519 3719 de
544 3677 634 3719 arcus
664 3679 738 3721 sono
765 3664 890 3744 agitur.
917 3662 1001 3743 apud
1027 3661 1233 3726 Heraclitum
1255 3664 1290 3726 de
1306 3681 1341 3722 sa·

164 3771 330 3852 gittarum.
381 3763 660 3826 Considerantibus
686 3764 857 3829 Homerica
883 3770 922 3850 (Α
949 3767 1008 3839 tu,
1034 3768 1110 3851 47):

372 3868 533 3943 ἔκλαγξαν
559 3867 585 3929 δ’
613 3868 659 3946 ἄρ’
685 3874 778 3934 ε”ιότοι
806 3874 855 3934 ἐπ’
879 3873 965 3947 ὤμων
994 3875 1160 3951 χωομένοιο

370 3979 465 4039 αὐτοῦ
492 3976 676 4045 κινηθέντος·
702 3979 715 4039 o'
744 3979 769 4040 δ’
796 3979 840 4051 ἤιε
867 3980 950 4041 νυκτὶ
977 3980 1089 4055 ἐοικώς,

169 4088 274 4147 verius
299 4084 473 4148 videbitur.
502 4077 545 4141 ὅτι
568 4082 735 4157 Φερέμεναι
758 4087 808 4148 δια
829 4092 881 4148 τοῦ
903 4086 987 4163 μέρος
1010 4086 1175 4162 ἔκλαγξαν
1195 4086 1342 4163 λίγειαν

169 4214 237 4250 τινα
269 4192 319 4252 καὶ
354 4189 447 4251 ἔνθεον
480 4189 603 4263 φωνήν,
639 4193 721 4271 quod
747 4196 940 4278 sagittarum
967 4196 1129 4276 proprium
1157 4215 1224 4258 esse
1247 4204 1341 4278 potest

172 4294 337 4360 Praeterea
369 4296 402 4356 τὸ
429 4294 504 4357 ἴδιον
530 4299 583 4355 τοῦ
610 4294 703 4371 λόγον
729 4299 875 4381 equidem
900 4319 960 4363 nou
986 4303 1162 4386 tetigerim.
1210 4299 1344 4365 Absolute
