2978 4950
705 180 772 251 318

144 399 174 441 r.
208 377 264 442 ὑπὸ
288 381 342 442 τοῦ
367 375 458 453 τυρός
483 392 553 441 κτλ.
578 396 705 462 prorsus
729 396 791 442 non
816 396 889 441 cum
914 374 1175 442 antecedentibus
1197 393 1354 443 conum

144 504 231 566 esse,
266 486 455 570 quibuscum
490 489 599 550 tamen
630 488 715 549 arcte
745 487 909 549 cohaerere
940 483 1064 548 debent
1113 479 1345 548 cohaerebunt

144 593 261 657 inserto
293 590 445 656 relativo:
477 591 491 654 ό
524 589 555 654 δὲ
584 591 733 656 Ποσειδῶν
757 624 776 639 -
790 624 810 639 -
833 599 945 666 στομοῖ
974 588 1085 664 αὐτόν,
1119 587 1252 660 δηλονότι
1278 592 1339 655 τὸν

144 696 278 774 σίδηρον,
316 689 381 783 (όν)
417 696 501 773 μετὰ
533 698 589 770 την
621 697 648 760 ri.
681 720 710 761 τ.
736 721 770 760 π.
795 698 991 770 κατασκευὴν
1015 731 1069 745 -·
1094 693 1330 771 κατασβέννυσι.

146 802 199 868 Ad
231 823 298 868 rem
331 803 415 888 quod
446 806 576 878 attinet,
601 808 676 868 sunt
698 804 776 868 haec
799 824 837 867 ex
861 802 1020 869 Heracliti
1043 803 1099 886 qui
1123 800 1240 866 dicitur
1257 800 1333 865 dou·

145 912 246 992 trina,
278 908 393 974 Martia
419 909 608 995 Venerisque
632 908 827 974 adulterium
850 909 1171 993 intercessionemque
1192 902 1325 991 Neptuni

143 1021 181 1079 ut
215 1014 355 1100 plurima
389 1013 561 1081 Homerica
595 1015 766 1101 allegorice
798 1017 1054 1101 interpretantis,
1088 1035 1147 1079 nec
1167 1019 1264 1079 tamn
1278 1028 1322 1076 ex

143 1120 333 1187 Heracliteis
370 1128 529 1207 excerpta,
568 1122 620 1187 sed
658 1125 727 1187 eius
763 1124 951 1187 sententiam
984 1120 1168 1206 paraphrasi
1199 1117 1324 1183 fideliter

55 1280 60 1289 .
144 1228 327 1302 reddentia,
349 1234 386 1292 ut
405 1227 605 1293 Heraclitum
627 1231 732 1314 ipsum
754 1229 923 1293 conferenti
944 1227 1037 1293 lacile
1055 1227 1187 1313 patebit.
1210 1224 1320 1291 Ponam

143 1337 245 1419 ipsius
267 1335 379 1409 rerba,
409 1333 548 1419 (Heracl.
574 1355 603 1399 c.
628 1333 734 1399 LXIX
758 1356 790 1419 p.
814 1333 877 1401 137
901 1332 1021 1417 Mehl.)
1045 1340 1083 1398 ut
1106 1330 1206 1396 simul
1226 1336 1324 1396 venre

145 1440 261 1506 mendo
295 1439 446 1515 liberem,
481 1442 571 1505 cuius
604 1444 744 1518 curatio,
768 1443 904 1506 sirecte
928 1439 1037 1514 video,
1064 1438 1204 1503 Mehlero
1227 1437 1325 1501 minus

148 1565 294 1632 prospers
317 1549 419 1625 cessit.
445 1545 575 1611 δώνωταό
597 1570 638 1623 γε
660 1548 721 1624 μην
745 1547 797 1610 καὶ
823 1547 889 1626 περὶ
914 1553 968 1619 τῆς
989 1551 1202 1625 χαλκευτικιῑς
1220 1542 1324 1623 τέχνης

145 1654 340 1731 ώλλημερεῖν.
367 1654 380 1716 ό
405 1654 461 1731 μὲν
485 1653 548 1731 γὰρ
570 1652 667 1733 Ἄρης
689 1654 811 1728 εἰκότως
832 1655 871 1719 ἂν
892 1650 1067 1733 ὀνομάζοιτο
1086 1651 1329 1730 σόδηρος,τιότσν

148 1759 179 1823 δὲ
201 1758 307 1843 ῥᾳδίως
329 1758 507 1840 Ἥφαιστος
532 1761 736 1840 ἐχειρώσατο·
762 1762 797 1826 τδ
821 1760 883 1840 γὰρ
908 1763 985 1838 πῦρ,
1010 1756 1072 1835 ἅτ’,
1093 1753 1198 1842 οἶμαι,
1218 1754 1326 1830 σιδήρου

146 1865 364 1946 κραταιοτέρας
397 1866 540 1942 δυνάμεις
566 1865 775 1950 μετειληχός,
800 1868 931 1937 εὐκόλως
956 1866 993 1929 ἐν
1017 1865 1124 1945 αὐτῷ
1146 1865 1201 1937 τὴν
1223 1863 1329 1926 ἐκείνου

146 1971 334 2053 στερρότητα
365 1972 495 2048 όηλώνει.
532 1973 630 2038 δεῖδὲ
655 1976 697 2054 τῷ
722 1975 850 2054 τεχνότη
875 1974 945 2053 πρός
970 1970 1004 2035 τό
1030 1967 1330 2049 κατασκευαζόμενον

146 2080 199 2145 καὶ
221 2079 405 2158 Ἀφροδίτης
511 2079 661 2146 Ποσειδῶν
692 2081 718 2146 δ’
752 2082 835 2146 ἐστὶν
859 2082 873 2147 ό
897 2081 1037 2160 ῥυόμενος
1063 2081 1137 2160 παρ’
1160 2076 1330 2156 Ἡφαίστου

146 2186 198 2250 τόν
223 2190 320 2262 Ἄρη,
349 2188 478 2259 πιθανῶς
511 2203 583 2252 κτλ.
612 2186 680 2253 Iam
713 2187 791 2252 olim
817 2189 880 2252 viri
903 2187 987 2252 docti
1011 2188 1045 2250 in
1068 2185 1174 2251 verbis
1196 2184 1225 2247 όν
1245 2178 1329 2257 αὐτῷ

146 2294 334 2366 haeserunt,
370 2293 560 2378 adnotatque
594 2292 775 2359 Mehlerns:
811 2292 986 2376 „vocabula
1017 2292 1046 2355 ἕν
1071 2291 1155 2368 αὐτῷ
1180 2295 1235 2355 sut
1254 2303 1330 2351 cum

146 2397 276 2485 Heyuio
310 2404 384 2462 suut
417 2398 565 2477 dolenda,
603 2407 659 2464 ant
693 2400 893 2464 scribendum
930 2404 977 2463 est
1013 2399 1042 2462 ἐν
1079 2395 1195 2475 αότῷ.”
1239 2386 1331 2458 Nihil

146 2505 284 2590 prolecto
313 2505 439 2569 facilius
472 2527 567 2589 quam
601 2506 735 2571 molesta
766 2504 886 2581 delere,
912 2505 965 2569 sed
990 2510 1022 2569 et
1046 2524 1213 2577 numerus,
1239 2502 1330 2564 cuius

145 2612 251 2676 rhetor
282 2616 329 2675 est
357 2611 626 2688 studiosissime,
652 2633 688 2676 ea
711 2613 818 2676 addita
843 2612 967 2698 flagitat
991 2619 1023 2675 et
1046 2609 1136 2674 nulla
1159 2601 1331 2694 excogitari

145 2738 239 2782 cansa
270 2723 390 2801 potest,
421 2740 477 2782 cur
500 2720 693 2783 extrinsecus
718 2721 928 2782 accessissent.
978 2717 1112 2782 Mehleri
1137 2724 1241 2779 autem
1262 2728 1335 2776 cor-

144 2824 314 2888 rectionem
340 2844 391 2887 me
415 2845 477 2888 nou
501 2846 610 2909 capere
634 2825 764 2888 candide
790 2824 898 2888 fatcor.
934 2823 1016 2903 Quid
1042 2822 1103 2886 sibi
1129 2821 1199 2885 vult
1219 2825 1250 2884 τὸ
1267 2818 1334 2885 πῦρ

146 2929 275 2999 εὐκόλως
308 2931 337 2992 ε’ν
369 2931 451 3009 αὐτῷ
483 2932 535 3000 την
567 2930 683 3007 σιδήρου
717 2929 903 3004 στερρότητα
932 2926 1071 3001 tendere?
1097 2928 1194 2992 Estne
1216 2927 1335 2999 ferron

144 3040 177 3098 ι’νι
213 3059 244 3099 νο
278 3038 436 3100 coniectum
447 3037 464 3098 ό
497 3037 593 3101 Estne
625 3043 687 3100 cuis
718 3037 855 3101 viribus?
886 3037 981 3100 Prius
1004 3036 1173 3117 insanum,
1197 3032 1333 3098 alierum

146 3139 265 3207 Graece
294 3145 340 3206 ita
373 3143 435 3206 dici
466 3147 585 3228 nequit.
630 3143 811 3230 legendnm
837 3149 897 3206 cst:
925 3142 959 3205 τὸ
982 3142 1044 3219 γὰρ
1070 3147 1144 3219 πῦρ,
1171 3138 1223 3204 ἅτ’
1245 3134 1336 3212 οἶμαι

145 3247 261 3326 σιδήρου
297 3251 515 3329 κραταιωτέρας
547 3248 689 3325 δυνώμεις
727 3246 934 3330 μετειληχός,
966 3248 1096 3316 εὐκόλως
1131 3248 1176 3310 δι’
1204 3246 1337 3308 αὐτῶν

147 3353 182 3440 (i.
212 3375 238 3417 e.
269 3355 318 3417 διώ
350 3357 463 3420 τούτων
494 3362 552 3421 τῶν
584 3355 802 3434 κραταιοτέρων
835 3355 1002 3431 δυνώμεων)
1030 3355 1084 3426 την
1109 3354 1219 3417 ἐκείνου
1242 3368 1337 3425 στερ·

145 3462 259 3539 ρότητα
294 3463 429 3539 θηλύνει,
467 3464 738 3548 quemadmodum
771 3463 881 3527 statim
917 3462 998 3526 intra
1033 3462 1155 3525 dictum
1192 3466 1249 3524 est:
1274 3448 1338 3520 διὰ

145 3567 235 3647 πυρός
261 3567 414 3645 μαλάξας
440 3571 490 3634 τόν
517 3571 640 3649 σίδηρον.

192 3781 225 3862 ό,
250 3778 325 3845 271.
552 3785 665 3861 Ἄφαρ
689 3780 720 3844 δέ
745 3781 769 3844 οἱ
795 3777 962 3864 (Vulcano)
987 3776 1127 3855 ἄγγελος
1153 3775 1235 3851 ἦλόεν

394 3888 518 3959 Ἥλιος,
543 3884 561 3950 ό
581 3887 639 3966 σφ’
665 3888 766 3961 ἐνόησε
789 3882 1016 3963 μιγαζομένους
1040 3885 1198 3961 φιλότητι.

146 3990 231 4055 Hinc
255 4013 434 4057 monemur:
461 3994 653 4058 παιδευτικόν
677 3997 718 4073 τῷ
748 3993 829 4067 όντι,
855 3989 898 4055 ότι
927 3992 984 4055 νόον
1008 3992 1078 4062 τοὺς
1104 3991 1217 4062 ἄλλους
1239 4003 1325 4051 nov·

147 4097 242 4177 όσόνη
267 4099 468 4182 οὶμαρτσόνων,
491 4100 541 4164 τόν
562 4100 669 4165 πιόντα
691 4101 845 4177 ἐφορῶντα
868 4099 930 4162 erte
951 4101 1003 4162 οὐκ
1025 4098 1063 4162 cio
1085 4098 1179 4161 λώόοι.
1199 4094 1318 4159 exiret

147 4203 234 4275 εὐθὺς
270 4201 340 4282 ἅμα
376 4216 413 4286 σῇ
447 4207 548 4291 πρώτη
580 4206 688 4285 συνόδῳ
719 4205 920 4285 καταφώρους
946 4205 1086 4282 γενέσθαι
1112 4203 1196 4279 λέγει
1220 4191 1311 4264 atreis

149 4310 205 4388 „ee
239 4313 280 4375 rei
315 4320 419 4392 πρώτα
451 4313 621 4390 ninam?
645 4314 733 4399 (HQ)
768 4313 804 4377 ln
829 4315 932 4397 prima
958 4313 1115 4377 scriteutin
1139 4309 1306 4376 desideratur
