<?xml version="1.0" encoding="UTF-8"?>
<!DOCTYPE html PUBLIC "-//W3C//DTD XHTML 1.0 Transitional//EN"
    "http://www.w3.org/TR/xhtml1/DTD/xhtml1-transitional.dtd">
<html xmlns="http://www.w3.org/1999/xhtml" xml:lang="en" lang="en">
 <head>
  <title>
</title>
<meta http-equiv="Content-Type" content="text/html;charset=utf-8" />
  <meta name='ocr-system' content='tesseract 3.04.00' />
  <meta name='ocr-capabilities' content='ocr_page ocr_carea ocr_par ocr_line ocrx_word'/>
</head>
<body>
  <div class='ocr_page' id='page_1' title='image "./adodysseameiusq00polagoog_0446.png"; bbox 0 0 2978 4950; ppageno 0'>
   <div class='ocr_carea' id='block_1_1' title="bbox 691 161 756 226">
    <p class='ocr_par' dir='ltr' id='par_1_1' title="bbox 691 161 756 226">
     <span class='ocr_line' id='line_1_1' title="bbox 691 161 756 226; baseline -0.015 0"><span class='ocrx_word' id='word_1_1' title='bbox 691 161 756 226; x_wconf 74' lang='lat'><strong>415</strong></span> 
     </span>
    </p>
   </div>
   <div class='ocr_carea' id='block_1_2' title="bbox 126 347 1309 542">
    <p class='ocr_par' dir='ltr' id='par_1_2' title="bbox 126 347 1309 542">
     <span class='ocr_line' id='line_1_2' title="bbox 126 347 1309 435; baseline -0.002 -16"><span class='ocrx_word' id='word_1_2' title='bbox 126 352 198 421; x_wconf 65' lang='grc' dir='ltr'><strong><em>λεπιν</em></strong></span> <span class='ocrx_word' id='word_1_3' title='bbox 229 347 259 420; x_wconf 76' lang='grc' dir='ltr'><strong>ἓν</strong></span> <span class='ocrx_word' id='word_1_4' title='bbox 290 354 379 435; x_wconf 74' lang='grc' dir='ltr'><strong><em>μέρος</em></strong></span> <span class='ocrx_word' id='word_1_5' title='bbox 410 350 506 430; x_wconf 73' lang='grc' dir='ltr'><strong><em>λόγον</em></strong></span> <span class='ocrx_word' id='word_1_6' title='bbox 534 353 586 417; x_wconf 77' lang='grc' dir='ltr'><strong>καὶ</strong></span> <span class='ocrx_word' id='word_1_7' title='bbox 613 355 816 431; x_wconf 74' lang='grc' dir='ltr'><strong><em>περισπῖοπαι.</em></strong></span> <span class='ocrx_word' id='word_1_8' title='bbox 864 351 987 428; x_wconf 86' lang='lat' dir='ltr'><strong>Immo,</strong></span> <span class='ocrx_word' id='word_1_9' title='bbox 1012 347 1111 417; x_wconf 78' lang='lat' dir='ltr'><strong>eiecto</strong></span> <span class='ocrx_word' id='word_1_10' title='bbox 1134 354 1209 429; x_wconf 82' lang='grc' dir='ltr'><strong><em>τοῦ,</em></strong></span> <span class='ocrx_word' id='word_1_11' title='bbox 1236 354 1309 417; x_wconf 81' lang='lat' dir='ltr'><strong>sori·</strong></span> 
     </span>
     <span class='ocr_line' id='line_1_3' title="bbox 126 463 682 542; baseline -0.007 -13"><span class='ocrx_word' id='word_1_12' title='bbox 126 469 230 529; x_wconf 74' lang='lat' dir='ltr'><strong>tatur:</strong></span> <span class='ocrx_word' id='word_1_13' title='bbox 255 464 307 527; x_wconf 75' lang='grc' dir='ltr'><strong>καὶ</strong></span> <span class='ocrx_word' id='word_1_14' title='bbox 332 463 682 542; x_wconf 77' lang='grc' dir='ltr'><strong><em>προπερισπὸιπαι.</em></strong></span> 
     </span>
    </p>
   </div>
   <div class='ocr_carea' id='block_1_3' title="bbox 126 671 1308 1182">
    <p class='ocr_par' dir='ltr' id='par_1_3' title="bbox 126 671 1308 1182">
     <span class='ocr_line' id='line_1_4' title="bbox 156 671 1159 761; baseline -0.001 -22"><span class='ocrx_word' id='word_1_15' title='bbox 156 699 188 758; x_wconf 87' lang='grc' dir='ltr'><strong>ι,</strong></span> <span class='ocrx_word' id='word_1_16' title='bbox 215 672 292 738; x_wconf 84' lang='grc'><strong>399.</strong></span> <span class='ocrx_word' id='word_1_17' title='bbox 339 671 477 761; x_wconf 81' lang='lat' dir='ltr'><strong>Cyclops</strong></span> <span class='ocrx_word' id='word_1_18' title='bbox 500 679 682 740; x_wconf 83' lang='lat' dir='ltr'><strong>oscaeoatus</strong></span> <span class='ocrx_word' id='word_1_19' title='bbox 705 675 825 739; x_wconf 83' lang='lat' dir='ltr'><strong>vicinos</strong></span> <span class='ocrx_word' id='word_1_20' title='bbox 850 672 916 739; x_wconf 88' lang='lat' dir='ltr'><strong>alta</strong></span> <span class='ocrx_word' id='word_1_21' title='bbox 938 692 1015 739; x_wconf 83' lang='lat' dir='ltr'><strong>roos</strong></span> <span class='ocrx_word' id='word_1_22' title='bbox 1037 679 1159 739; x_wconf 78' lang='lat' dir='ltr'><strong>evocat.</strong></span> 
     </span>
     <span class='ocr_line' id='line_1_5' title="bbox 254 776 1194 860; baseline 0 -15"><span class='ocrx_word' id='word_1_23' title='bbox 254 780 354 859; x_wconf 67' lang='grc' dir='ltr'><strong><em>αὐτὰρ</em></strong></span> <span class='ocrx_word' id='word_1_24' title='bbox 378 781 589 854; x_wconf 68' lang='lat' dir='ltr'><strong>illinitum</strong></span> <span class='ocrx_word' id='word_1_25' title='bbox 614 780 735 858; x_wconf 65' lang='grc' dir='ltr'><strong><em>μεγάλ’</em></strong></span> <span class='ocrx_word' id='word_1_26' title='bbox 760 780 874 857; x_wconf 75' lang='grc' dir='ltr'><strong><em>ἤπυεν,</em></strong></span> <span class='ocrx_word' id='word_1_27' title='bbox 900 776 930 843; x_wconf 72' lang='grc' dir='ltr'><strong><em>οἵ</em></strong></span> <span class='ocrx_word' id='word_1_28' title='bbox 947 779 993 860; x_wconf 63' lang='grc' dir='ltr'><strong>ῥα·</strong></span> <span class='ocrx_word' id='word_1_29' title='bbox 1010 804 1062 856; x_wconf 83' lang='grc' dir='ltr'><strong>μιν</strong></span> <span class='ocrx_word' id='word_1_30' title='bbox 1088 781 1194 860; x_wconf 69' lang='grc' dir='ltr'><strong><em>ἀμφίς</em></strong></span> 
     </span>
     <span class='ocr_line' id='line_1_6' title="bbox 253 884 972 968; baseline -0.003 -16"><span class='ocrx_word' id='word_1_31' title='bbox 253 885 342 968; x_wconf 77' lang='grc' dir='ltr'><strong><em>ᾤκεον</em></strong></span> <span class='ocrx_word' id='word_1_32' title='bbox 366 888 395 950; x_wconf 75' lang='grc' dir='ltr'><strong>ἐν</strong></span> <span class='ocrx_word' id='word_1_33' title='bbox 420 888 551 961; x_wconf 76' lang='grc' dir='ltr'><strong><em>σπηεσσι</em></strong></span> <span class='ocrx_word' id='word_1_34' title='bbox 577 886 614 952; x_wconf 75' lang='grc' dir='ltr'><strong>δι’</strong></span> <span class='ocrx_word' id='word_1_35' title='bbox 638 884 746 965; x_wconf 74' lang='grc' dir='ltr'><strong><em>ἄκριας</em></strong></span> <span class='ocrx_word' id='word_1_36' title='bbox 772 884 972 964; x_wconf 74' lang='grc' dir='ltr'><strong><em>ἠνεμοέσσας.</em></strong></span> 
     </span>
     <span class='ocr_line' id='line_1_7' title="bbox 126 990 1305 1079; baseline 0.003 -22"><span class='ocrx_word' id='word_1_37' title='bbox 126 990 177 1058; x_wconf 82' lang='lat' dir='ltr'><strong>Ilo</strong></span> <span class='ocrx_word' id='word_1_38' title='bbox 201 1015 326 1079; x_wconf 88' lang='lat' dir='ltr'><strong>quoque</strong></span> <span class='ocrx_word' id='word_1_39' title='bbox 350 993 520 1059; x_wconf 77' lang='lat' dir='ltr'><strong>difficultas</strong></span> <span class='ocrx_word' id='word_1_40' title='bbox 543 997 702 1079; x_wconf 77' lang='lat' dir='ltr'><strong>quaesita:</strong></span> <span class='ocrx_word' id='word_1_41' title='bbox 724 995 824 1057; x_wconf 79' lang='grc' dir='ltr'><strong><em>καίτοι</em></strong></span> <span class='ocrx_word' id='word_1_42' title='bbox 843 994 876 1056; x_wconf 82' lang='grc' dir='ltr'><strong><em>οὐ</em></strong></span> <span class='ocrx_word' id='word_1_43' title='bbox 896 992 962 1073; x_wconf 75' lang='grc' dir='ltr'><strong><em>περὶ</em></strong></span> <span class='ocrx_word' id='word_1_44' title='bbox 984 992 1076 1057; x_wconf 81' lang='grc' dir='ltr'><strong><em>αὐτὸν</em></strong></span> <span class='ocrx_word' id='word_1_45' title='bbox 1099 991 1208 1074; x_wconf 80' lang='grc' dir='ltr'><strong><em>ᾤκουν,</em></strong></span> <span class='ocrx_word' id='word_1_46' title='bbox 1230 996 1305 1060; x_wconf 70' lang='grc' dir='ltr'><strong>ἀλλ’</strong></span> 
     </span>
     <span class='ocr_line' id='line_1_8' title="bbox 126 1096 1308 1182; baseline 0.006 -22"><span class='ocrx_word' id='word_1_47' title='bbox 126 1099 288 1165; x_wconf 71' lang='grc' dir='ltr'><strong><em>ἰποὶνευθεν</em></strong></span> <span class='ocrx_word' id='word_1_48' title='bbox 312 1101 419 1166; x_wconf 78' lang='grc' dir='ltr'><strong><em>τούτου</em></strong></span> <span class='ocrx_word' id='word_1_49' title='bbox 444 1101 495 1164; x_wconf 74' lang='grc' dir='ltr'><strong>καὶ</strong></span> <span class='ocrx_word' id='word_1_50' title='bbox 521 1100 650 1181; x_wconf 70' lang='grc' dir='ltr'><strong><em>ἐφοίτων</em></strong></span> <span class='ocrx_word' id='word_1_51' title='bbox 674 1098 803 1164; x_wconf 72' lang='grc' dir='ltr'><strong><em>ἄλλοθεν</em></strong></span> <span class='ocrx_word' id='word_1_52' title='bbox 828 1096 936 1173; x_wconf 76' lang='grc' dir='ltr'><strong><em>ἄλλος.</em></strong></span> <span class='ocrx_word' id='word_1_53' title='bbox 962 1099 1028 1165; x_wconf 79' lang='grc' dir='ltr'><strong><em>λύει</em></strong></span> <span class='ocrx_word' id='word_1_54' title='bbox 1052 1101 1083 1182; x_wconf 64' lang='grc' dir='ltr'><strong>δὲ</strong></span> <span class='ocrx_word' id='word_1_55' title='bbox 1103 1102 1158 1174; x_wconf 80' lang='grc' dir='ltr'><strong>την</strong></span> <span class='ocrx_word' id='word_1_56' title='bbox 1178 1103 1308 1182; x_wconf 77' lang='grc' dir='ltr'><strong><em>οὶπορίαν</em></strong></span> 
     </span>
    </p>
   </div>
   <div class='ocr_carea' id='block_1_4' title="bbox 126 1310 1317 4397">
    <p class='ocr_par' dir='ltr' id='par_1_4' title="bbox 126 1310 1317 4397">
     <span class='ocr_line' id='line_1_9' title="bbox 126 1310 1311 1394; baseline 0.007 -22"><span class='ocrx_word' id='word_1_57' title='bbox 126 1310 171 1374; x_wconf 69' lang='lat' dir='ltr'><strong>on</strong></span> <span class='ocrx_word' id='word_1_58' title='bbox 190 1314 327 1386; x_wconf 73' lang='grc' dir='ltr'><strong><em>εἲσῆλθον</em></strong></span> <span class='ocrx_word' id='word_1_59' title='bbox 348 1314 380 1379; x_wconf 73' lang='grc' dir='ltr'><strong>δὲ</strong></span> <span class='ocrx_word' id='word_1_60' title='bbox 397 1315 426 1378; x_wconf 83' lang='grc' dir='ltr'><strong>ἕν</strong></span> <span class='ocrx_word' id='word_1_61' title='bbox 448 1315 490 1394; x_wconf 79' lang='grc' dir='ltr'><strong><em>πῷ</em></strong></span> <span class='ocrx_word' id='word_1_62' title='bbox 514 1314 675 1394; x_wconf 78' lang='grc' dir='ltr'><strong><em>σπηλαίῳ·</em></strong></span> <span class='ocrx_word' id='word_1_63' title='bbox 696 1316 731 1378; x_wconf 81' lang='grc' dir='ltr'><strong>πὸ</strong></span> <span class='ocrx_word' id='word_1_64' title='bbox 752 1314 814 1393; x_wconf 71' lang='grc' dir='ltr'><strong>γὰρ</strong></span> <span class='ocrx_word' id='word_1_65' title='bbox 836 1313 980 1378; x_wconf 72' lang='grc' dir='ltr'><strong><em>εἰσελθεῖν</em></strong></span> <span class='ocrx_word' id='word_1_66' title='bbox 992 1311 1108 1391; x_wconf 72' lang='grc' dir='ltr'><strong><em>ὄλεθρον</em></strong></span> <span class='ocrx_word' id='word_1_67' title='bbox 1120 1320 1178 1379; x_wconf 81' lang='grc' dir='ltr'><strong>τῶν</strong></span> <span class='ocrx_word' id='word_1_68' title='bbox 1198 1315 1215 1379; x_wconf 80' lang='grc' dir='ltr'>ὅ</span> <span class='ocrx_word' id='word_1_69' title='bbox 1221 1340 1311 1380; x_wconf 85' lang='grc' dir='ltr'><strong><em>νπων</em></strong></span> 
     </span>
     <span class='ocr_line' id='line_1_10' title="bbox 126 1418 1312 1508; baseline 0.003 -25"><span class='ocrx_word' id='word_1_70' title='bbox 126 1418 266 1499; x_wconf 66' lang='grc' dir='ltr'><strong><em>ἐποίει,</em></strong></span> <span class='ocrx_word' id='word_1_71' title='bbox 288 1421 340 1486; x_wconf 78' lang='grc' dir='ltr'><strong>καὶ</strong></span> <span class='ocrx_word' id='word_1_72' title='bbox 362 1423 463 1504; x_wconf 72' lang='grc' dir='ltr'><strong><em>οὶνῄρει</em></strong></span> <span class='ocrx_word' id='word_1_73' title='bbox 483 1423 538 1494; x_wconf 76' lang='grc' dir='ltr'><strong>την</strong></span> <span class='ocrx_word' id='word_1_74' title='bbox 556 1418 748 1485; x_wconf 71' lang='grc' dir='ltr'><strong><em>ὑπόθεσιν</em></strong></span> <span class='ocrx_word' id='word_1_75' title='bbox 769 1429 825 1494; x_wconf 72' lang='grc' dir='ltr'><strong>πῆς</strong></span> <span class='ocrx_word' id='word_1_76' title='bbox 843 1419 946 1494; x_wconf 78' lang='grc' dir='ltr'><strong><em>ποὶσης</em></strong></span> <span class='ocrx_word' id='word_1_77' title='bbox 968 1420 1202 1491; x_wconf 72' lang='grc' dir='ltr'><strong><em>ὑποθέσεως.</em></strong></span> <span class='ocrx_word' id='word_1_78' title='bbox 1225 1423 1312 1508; x_wconf 74' lang='lat' dir='ltr'><strong><em>(BQ)</em></strong></span> 
     </span>
     <span class='ocr_line' id='line_1_11' title="bbox 126 1522 1313 1612; baseline 0.004 -22"><span class='ocrx_word' id='word_1_79' title='bbox 126 1522 270 1594; x_wconf 74' lang='lat' dir='ltr'><strong>Mendosa</strong></span> <span class='ocrx_word' id='word_1_80' title='bbox 304 1551 371 1595; x_wconf 88' lang='lat' dir='ltr'><strong>esse</strong></span> <span class='ocrx_word' id='word_1_81' title='bbox 406 1528 524 1594; x_wconf 90' lang='lat' dir='ltr'><strong>ultima</strong></span> <span class='ocrx_word' id='word_1_82' title='bbox 558 1548 619 1592; x_wconf 89' lang='lat' dir='ltr'><strong>non</strong></span> <span class='ocrx_word' id='word_1_83' title='bbox 651 1534 698 1593; x_wconf 88' lang='lat' dir='ltr'><strong>est</strong></span> <span class='ocrx_word' id='word_1_84' title='bbox 730 1527 813 1612; x_wconf 91' lang='lat' dir='ltr'><strong>quod</strong></span> <span class='ocrx_word' id='word_1_85' title='bbox 843 1527 1085 1592; x_wconf 79' lang='lat' dir='ltr'><strong>demonstretur.</strong></span> <span class='ocrx_word' id='word_1_86' title='bbox 1138 1529 1313 1595; x_wconf 82' lang='lat' dir='ltr'><strong>Adnotavit</strong></span> 
     </span>
     <span class='ocr_line' id='line_1_12' title="bbox 126 1630 1312 1718; baseline 0.003 -21"><span class='ocrx_word' id='word_1_87' title='bbox 126 1630 299 1701; x_wconf 81' lang='lat' dir='ltr'><strong>Diodorfius</strong></span> <span class='ocrx_word' id='word_1_88' title='bbox 319 1635 359 1700; x_wconf 91' lang='lat' dir='ltr'><strong>ad</strong></span> <span class='ocrx_word' id='word_1_89' title='bbox 377 1633 557 1705; x_wconf 65' lang='lat' dir='ltr'><strong>taolieres:</strong></span> <span class='ocrx_word' id='word_1_90' title='bbox 581 1634 661 1711; x_wconf 86' lang='lat' dir='ltr'><strong>„hoo</strong></span> <span class='ocrx_word' id='word_1_91' title='bbox 682 1653 738 1718; x_wconf 93' lang='lat' dir='ltr'><strong>pro</strong></span> <span class='ocrx_word' id='word_1_92' title='bbox 760 1632 824 1698; x_wconf 86' lang='lat' dir='ltr'><strong>alio</strong></span> <span class='ocrx_word' id='word_1_93' title='bbox 846 1632 1001 1699; x_wconf 80' lang='lat' dir='ltr'><strong>vocabulo</strong></span> <span class='ocrx_word' id='word_1_94' title='bbox 1016 1633 1159 1712; x_wconf 86' lang='lat' dir='ltr'><strong>illatum,</strong></span> <span class='ocrx_word' id='word_1_95' title='bbox 1183 1635 1312 1701; x_wconf 86' lang='lat' dir='ltr'><strong>librario</strong></span> 
     </span>
     <span class='ocr_line' id='line_1_13' title="bbox 126 1734 1313 1825; baseline 0.005 -24"><span class='ocrx_word' id='word_1_96' title='bbox 126 1734 161 1801; x_wconf 79' lang='lat' dir='ltr'><strong>sd</strong></span> <span class='ocrx_word' id='word_1_97' title='bbox 194 1741 381 1825; x_wconf 81' lang='lat' dir='ltr'><strong>praecedens</strong></span> <span class='ocrx_word' id='word_1_98' title='bbox 412 1741 551 1805; x_wconf 76' lang='grc' dir='ltr'><strong><em>ὑπόθεσιν</em></strong></span> <span class='ocrx_word' id='word_1_99' title='bbox 584 1739 776 1805; x_wconf 87' lang='lat' dir='ltr'><strong>aberrante.”</strong></span> <span class='ocrx_word' id='word_1_100' title='bbox 823 1738 913 1820; x_wconf 83' lang='lat' dir='ltr'><strong>Quod</strong></span> <span class='ocrx_word' id='word_1_101' title='bbox 946 1743 973 1804; x_wconf 92' lang='lat' dir='ltr'><strong>si</strong></span> <span class='ocrx_word' id='word_1_102' title='bbox 1001 1762 1114 1805; x_wconf 87' lang='lat' dir='ltr'><strong>verum</strong></span> <span class='ocrx_word' id='word_1_103' title='bbox 1145 1749 1244 1819; x_wconf 90' lang='lat' dir='ltr'><strong>esset,</strong></span> <span class='ocrx_word' id='word_1_104' title='bbox 1279 1744 1313 1806; x_wconf 92' lang='lat' dir='ltr'><strong>in</strong></span> 
     </span>
     <span class='ocr_line' id='line_1_14' title="bbox 126 1847 1313 1934; baseline 0.003 -25"><span class='ocrx_word' id='word_1_105' title='bbox 126 1855 268 1934; x_wconf 82' lang='lat' dir='ltr'><strong>promptu</strong></span> <span class='ocrx_word' id='word_1_106' title='bbox 299 1851 381 1915; x_wconf 80' lang='lat' dir='ltr'><strong>toret</strong></span> <span class='ocrx_word' id='word_1_107' title='bbox 410 1851 510 1930; x_wconf 66' lang='grc' dir='ltr'><strong><em>ἀνηρει</em></strong></span> <span class='ocrx_word' id='word_1_108' title='bbox 545 1850 599 1922; x_wconf 78' lang='grc' dir='ltr'><strong>την</strong></span> <span class='ocrx_word' id='word_1_109' title='bbox 624 1847 762 1912; x_wconf 75' lang='grc' dir='ltr'><strong><em>ὑπόθεσιν</em></strong></span> <span class='ocrx_word' id='word_1_110' title='bbox 788 1856 843 1921; x_wconf 72' lang='grc' dir='ltr'><strong>πῆς</strong></span> <span class='ocrx_word' id='word_1_111' title='bbox 870 1847 972 1922; x_wconf 80' lang='grc' dir='ltr'><strong><em>ποὶσης</em></strong></span> <span class='ocrx_word' id='word_1_112' title='bbox 998 1847 1178 1920; x_wconf 74' lang='grc' dir='ltr'><strong><em>ἐπιθέσεως</em></strong></span> <span class='ocrx_word' id='word_1_113' title='bbox 1204 1851 1313 1914; x_wconf 84' lang='lat' dir='ltr'><strong>rescri-</strong></span> 
     </span>
     <span class='ocr_line' id='line_1_15' title="bbox 126 1948 1312 2041; baseline 0.003 -27"><span class='ocrx_word' id='word_1_114' title='bbox 126 1948 204 2037; x_wconf 81' lang='lat' dir='ltr'><strong>bere,</strong></span> <span class='ocrx_word' id='word_1_115' title='bbox 223 1955 306 2040; x_wconf 91' lang='lat' dir='ltr'><strong>quod</strong></span> <span class='ocrx_word' id='word_1_116' title='bbox 326 1964 410 2021; x_wconf 85' lang='lat' dir='ltr'><strong>reete</strong></span> <span class='ocrx_word' id='word_1_117' title='bbox 428 1976 523 2041; x_wconf 88' lang='lat' dir='ltr'><strong>supra</strong></span> <span class='ocrx_word' id='word_1_118' title='bbox 541 1955 580 2019; x_wconf 94' lang='lat' dir='ltr'><strong>ad</strong></span> <span class='ocrx_word' id='word_1_119' title='bbox 596 1976 643 2020; x_wconf 88' lang='lat' dir='ltr'><strong>vs.</strong></span> <span class='ocrx_word' id='word_1_120' title='bbox 657 1952 722 2018; x_wconf 82' lang='grc'><strong>348</strong></span> <span class='ocrx_word' id='word_1_121' title='bbox 735 1955 880 2019; x_wconf 90' lang='lat' dir='ltr'><strong>restituit</strong></span> <span class='ocrx_word' id='word_1_122' title='bbox 891 1953 1061 2020; x_wconf 88' lang='lat' dir='ltr'><strong>Prellerus.</strong></span> <span class='ocrx_word' id='word_1_123' title='bbox 1097 1955 1157 2020; x_wconf 85' lang='lat' dir='ltr'><strong>Sed</strong></span> <span class='ocrx_word' id='word_1_124' title='bbox 1170 1955 1312 2020; x_wconf 94' lang='lat' dir='ltr'><strong>multum</strong></span> 
     </span>
     <span class='ocr_line' id='line_1_16' title="bbox 126 2051 1313 2135; baseline 0.006 -17"><span class='ocrx_word' id='word_1_125' title='bbox 126 2051 231 2126; x_wconf 86' lang='lat' dir='ltr'><strong>lubito</strong></span> <span class='ocrx_word' id='word_1_126' title='bbox 253 2082 293 2126; x_wconf 88' lang='lat' dir='ltr'><strong>an</strong></span> <span class='ocrx_word' id='word_1_127' title='bbox 315 2063 361 2127; x_wconf 84' lang='lat' dir='ltr'><strong>sio</strong></span> <span class='ocrx_word' id='word_1_128' title='bbox 384 2070 416 2127; x_wconf 94' lang='lat' dir='ltr'><strong>et</strong></span> <span class='ocrx_word' id='word_1_129' title='bbox 443 2083 552 2128; x_wconf 88' lang='lat' dir='ltr'><strong>veram</strong></span> <span class='ocrx_word' id='word_1_130' title='bbox 572 2063 646 2127; x_wconf 89' lang='lat' dir='ltr'><strong>vitii</strong></span> <span class='ocrx_word' id='word_1_131' title='bbox 665 2060 773 2126; x_wconf 90' lang='lat' dir='ltr'><strong>sedem</strong></span> <span class='ocrx_word' id='word_1_132' title='bbox 797 2067 962 2126; x_wconf 82' lang='lat' dir='ltr'><strong>teneamus</strong></span> <span class='ocrx_word' id='word_1_133' title='bbox 982 2066 1014 2126; x_wconf 90' lang='lat' dir='ltr'><strong>et</strong></span> <span class='ocrx_word' id='word_1_134' title='bbox 1032 2064 1170 2135; x_wconf 85' lang='lat' dir='ltr'><strong>auctoris</strong></span> <span class='ocrx_word' id='word_1_135' title='bbox 1189 2067 1313 2126; x_wconf 89' lang='lat' dir='ltr'><strong>senten·</strong></span> 
     </span>
     <span class='ocr_line' id='line_1_17' title="bbox 126 2161 1313 2253; baseline 0.003 -23"><span class='ocrx_word' id='word_1_136' title='bbox 126 2161 202 2230; x_wconf 73' lang='lat' dir='ltr'><strong>itm</strong></span> <span class='ocrx_word' id='word_1_137' title='bbox 222 2168 462 2235; x_wconf 78' lang='lat' dir='ltr'>reddiderimus.</span> <span class='ocrx_word' id='word_1_138' title='bbox 510 2169 638 2234; x_wconf 74' lang='lat' dir='ltr'><strong>Etenim</strong></span> <span class='ocrx_word' id='word_1_139' title='bbox 662 2167 755 2232; x_wconf 91' lang='lat' dir='ltr'><strong>dolus</strong></span> <span class='ocrx_word' id='word_1_140' title='bbox 779 2167 835 2232; x_wconf 88' lang='lat' dir='ltr'><strong>illa</strong></span> <span class='ocrx_word' id='word_1_141' title='bbox 858 2169 1007 2233; x_wconf 86' lang='lat' dir='ltr'><strong>omnibus</strong></span> <span class='ocrx_word' id='word_1_142' title='bbox 1029 2171 1231 2253; x_wconf 89' lang='lat' dir='ltr'><strong>notissimus,</strong></span> <span class='ocrx_word' id='word_1_143' title='bbox 1252 2188 1313 2252; x_wconf 92' lang='lat' dir='ltr'><strong>quo</strong></span> 
     </span>
     <span class='ocr_line' id='line_1_18' title="bbox 126 2262 1312 2362; baseline 0.002 -24"><span class='ocrx_word' id='word_1_144' title='bbox 126 2262 230 2339; x_wconf 79' lang='lat' dir='ltr'><strong>llixes</strong></span> <span class='ocrx_word' id='word_1_145' title='bbox 261 2296 357 2361; x_wconf 87' lang='lat' dir='ltr'><strong>seque</strong></span> <span class='ocrx_word' id='word_1_146' title='bbox 386 2279 581 2362; x_wconf 76' lang='lat' dir='ltr'><strong>comitesque</strong></span> <span class='ocrx_word' id='word_1_147' title='bbox 605 2295 678 2339; x_wconf 89' lang='lat' dir='ltr'><strong>suos</strong></span> <span class='ocrx_word' id='word_1_148' title='bbox 702 2296 742 2339; x_wconf 84' lang='lat' dir='ltr'><strong>er</strong></span> <span class='ocrx_word' id='word_1_149' title='bbox 766 2272 917 2360; x_wconf 80' lang='lat' dir='ltr'><strong>Oyolopis</strong></span> <span class='ocrx_word' id='word_1_150' title='bbox 941 2285 1031 2339; x_wconf 87' lang='lat' dir='ltr'><strong>antro</strong></span> <span class='ocrx_word' id='word_1_151' title='bbox 1055 2274 1159 2341; x_wconf 81' lang='lat' dir='ltr'><strong>salvos</strong></span> <span class='ocrx_word' id='word_1_152' title='bbox 1183 2276 1312 2359; x_wconf 84' lang='lat' dir='ltr'><strong>eduxit,</strong></span> 
     </span>
     <span class='ocr_line' id='line_1_19' title="bbox 126 2381 1314 2467; baseline 0.001 -21"><span class='ocrx_word' id='word_1_153' title='bbox 126 2403 152 2420; x_wconf 92' lang='lat'><strong>··</strong></span> <span class='ocrx_word' id='word_1_154' title='bbox 197 2401 288 2466; x_wconf 90' lang='lat' dir='ltr'><strong>quem</strong></span> <span class='ocrx_word' id='word_1_155' title='bbox 319 2390 427 2448; x_wconf 88' lang='lat' dir='ltr'><strong>tamen</strong></span> <span class='ocrx_word' id='word_1_156' title='bbox 459 2381 564 2448; x_wconf 90' lang='lat' dir='ltr'><strong>solum</strong></span> <span class='ocrx_word' id='word_1_157' title='bbox 595 2387 705 2447; x_wconf 78' lang='lat' dir='ltr'><strong>auctor</strong></span> <span class='ocrx_word' id='word_1_158' title='bbox 735 2388 840 2446; x_wconf 89' lang='lat' dir='ltr'><strong>noster</strong></span> <span class='ocrx_word' id='word_1_159' title='bbox 864 2383 1013 2467; x_wconf 83' lang='lat' dir='ltr'><strong>respicit,</strong></span> <span class='ocrx_word' id='word_1_160' title='bbox 1038 2418 1081 2430; x_wconf 90' lang='grc'><strong>-</strong></span> <span class='ocrx_word' id='word_1_161' title='bbox 1104 2403 1166 2447; x_wconf 87' lang='lat' dir='ltr'><strong>non</strong></span> <span class='ocrx_word' id='word_1_162' title='bbox 1190 2389 1314 2467; x_wconf 89' lang='lat' dir='ltr'><strong>poterat</strong></span> 
     </span>
     <span class='ocr_line' id='line_1_20' title="bbox 126 2480 1311 2593; baseline 0.002 -41"><span class='ocrx_word' id='word_1_163' title='bbox 126 2480 210 2552; x_wconf 66' lang='lat' dir='ltr'><strong>»eius</strong></span> <span class='ocrx_word' id='word_1_164' title='bbox 229 2509 323 2573; x_wconf 86' lang='lat' dir='ltr'><strong>quam</strong></span> <span class='ocrx_word' id='word_1_165' title='bbox 339 2510 396 2575; x_wconf 94' lang='lat' dir='ltr'><strong>per</strong></span> <span class='ocrx_word' id='word_1_166' title='bbox 416 2488 608 2555; x_wconf 75' lang='lat' dir='ltr'><strong>rotabulum</strong></span> <span class='ocrx_word' id='word_1_167' title='bbox 622 2489 754 2559; x_wconf 72' lang='grc' dir='ltr'><strong><em>ἐπίθεσις</em></strong></span> <span class='ocrx_word' id='word_1_168' title='bbox 768 2487 927 2574; x_wconf 78' lang='lat' dir='ltr'><strong>designari</strong></span> <span class='ocrx_word' id='word_1_169' title='bbox 935 2509 942 2564; x_wconf 93' lang='lat'>;</span> <span class='ocrx_word' id='word_1_170' title='bbox 957 2495 990 2552; x_wconf 90' lang='lat' dir='ltr'><strong>at</strong></span> <span class='ocrx_word' id='word_1_171' title='bbox 1003 2508 1078 2553; x_wconf 88' lang='lat' dir='ltr'><strong>vera</strong></span> <span class='ocrx_word' id='word_1_172' title='bbox 1089 2487 1147 2554; x_wconf 89' lang='lat' dir='ltr'><strong>illa</strong></span> <span class='ocrx_word' id='word_1_173' title='bbox 1159 2490 1311 2593; x_wconf 56' lang='grc' dir='ltr'><strong><em>ἐπίθεσις,</em></strong></span> 
     </span>
     <span class='ocr_line' id='line_1_21' title="bbox 126 2594 1311 2682; baseline 0.005 -27"><span class='ocrx_word' id='word_1_174' title='bbox 126 2600 195 2655; x_wconf 68' lang='lat' dir='ltr'><strong>mm</strong></span> <span class='ocrx_word' id='word_1_175' title='bbox 215 2597 280 2659; x_wconf 86' lang='lat' dir='ltr'><strong>iam</strong></span> <span class='ocrx_word' id='word_1_176' title='bbox 304 2603 377 2661; x_wconf 87' lang='lat' dir='ltr'><strong>ante</strong></span> <span class='ocrx_word' id='word_1_177' title='bbox 400 2594 580 2682; x_wconf 75' lang='lat' dir='ltr'><strong>Cyclopum</strong></span> <span class='ocrx_word' id='word_1_178' title='bbox 602 2594 775 2660; x_wconf 88' lang='lat' dir='ltr'><strong>adventum</strong></span> <span class='ocrx_word' id='word_1_179' title='bbox 797 2601 878 2660; x_wconf 86' lang='lat' dir='ltr'><strong>esset</strong></span> <span class='ocrx_word' id='word_1_180' title='bbox 897 2601 1042 2679; x_wconf 86' lang='lat' dir='ltr'><strong>peraeta,</strong></span> <span class='ocrx_word' id='word_1_181' title='bbox 1063 2595 1113 2659; x_wconf 90' lang='lat' dir='ltr'><strong>his</strong></span> <span class='ocrx_word' id='word_1_182' title='bbox 1132 2599 1311 2681; x_wconf 90' lang='lat' dir='ltr'><strong>irrumpen-</strong></span> 
     </span>
     <span class='ocr_line' id='line_1_22' title="bbox 126 2686 1312 2786; baseline 0.005 -24"><span class='ocrx_word' id='word_1_183' title='bbox 126 2686 206 2764; x_wconf 66' lang='lat' dir='ltr'><strong>i&#39;lbus</strong></span> <span class='ocrx_word' id='word_1_184' title='bbox 235 2704 364 2767; x_wconf 89' lang='lat' dir='ltr'><strong>omnino</strong></span> <span class='ocrx_word' id='word_1_185' title='bbox 395 2703 541 2767; x_wconf 83' lang='lat' dir='ltr'><strong>frustrari</strong></span> <span class='ocrx_word' id='word_1_186' title='bbox 572 2702 735 2786; x_wconf 89' lang='lat' dir='ltr'><strong>nequibat.</strong></span> <span class='ocrx_word' id='word_1_187' title='bbox 783 2700 980 2786; x_wconf 82' lang='lat' dir='ltr'><strong>Quapropter</strong></span> <span class='ocrx_word' id='word_1_188' title='bbox 1013 2704 1087 2767; x_wconf 82' lang='lat' dir='ltr'><strong>vitii</strong></span> <span class='ocrx_word' id='word_1_189' title='bbox 1120 2704 1227 2768; x_wconf 85' lang='lat' dir='ltr'><strong>sedem</strong></span> <span class='ocrx_word' id='word_1_190' title='bbox 1251 2724 1312 2769; x_wconf 91' lang='lat' dir='ltr'><strong>non</strong></span> 
     </span>
     <span class='ocr_line' id='line_1_23' title="bbox 127 2792 1314 2893; baseline 0.005 -23"><span class='ocrx_word' id='word_1_191' title='bbox 127 2810 197 2870; x_wconf 69' lang='grc' dir='ltr'><strong><em>θῦσε</em></strong></span> <span class='ocrx_word' id='word_1_192' title='bbox 213 2807 376 2874; x_wconf 87' lang='lat' dir='ltr'><strong>Dindorfio</strong></span> <span class='ocrx_word' id='word_1_193' title='bbox 396 2812 430 2873; x_wconf 91' lang='lat' dir='ltr'><strong>in</strong></span> <span class='ocrx_word' id='word_1_194' title='bbox 450 2806 631 2884; x_wconf 79' lang='grc' dir='ltr'><strong><em>ὑποθέσεως,</em></strong></span> <span class='ocrx_word' id='word_1_195' title='bbox 653 2806 708 2872; x_wconf 89' lang='lat' dir='ltr'><strong>sed</strong></span> <span class='ocrx_word' id='word_1_196' title='bbox 730 2811 764 2871; x_wconf 91' lang='lat' dir='ltr'><strong>in</strong></span> <span class='ocrx_word' id='word_1_197' title='bbox 785 2808 988 2893; x_wconf 85' lang='lat' dir='ltr'><strong>praecedente</strong></span> <span class='ocrx_word' id='word_1_198' title='bbox 1008 2831 1083 2875; x_wconf 82' lang='lat' dir='ltr'><strong>vose</strong></span> <span class='ocrx_word' id='word_1_199' title='bbox 1097 2792 1235 2875; x_wconf 72' lang='lat' dir='ltr'><strong>ortissu</strong></span> <span class='ocrx_word' id='word_1_200' title='bbox 1248 2831 1314 2876; x_wconf 86' lang='lat' dir='ltr'><strong>esse</strong></span> 
     </span>
     <span class='ocr_line' id='line_1_24' title="bbox 126 2915 1312 3001; baseline 0.005 -27"><span class='ocrx_word' id='word_1_201' title='bbox 126 2915 350 2999; x_wconf 75' lang='lat' dir='ltr'><strong>quaerendam,</strong></span> <span class='ocrx_word' id='word_1_202' title='bbox 382 2938 466 2980; x_wconf 86' lang='lat' dir='ltr'><strong>nuno</strong></span> <span class='ocrx_word' id='word_1_203' title='bbox 499 2915 583 3000; x_wconf 87' lang='lat' dir='ltr'><strong>apud</strong></span> <span class='ocrx_word' id='word_1_204' title='bbox 617 2935 670 2979; x_wconf 88' lang='lat' dir='ltr'><strong>me</strong></span> <span class='ocrx_word' id='word_1_205' title='bbox 694 2921 828 2979; x_wconf 83' lang='lat' dir='ltr'><strong>constat.</strong></span> <span class='ocrx_word' id='word_1_206' title='bbox 875 2915 984 2979; x_wconf 77' lang='lat' dir='ltr'><strong>Etiam</strong></span> <span class='ocrx_word' id='word_1_207' title='bbox 1009 2918 1055 2980; x_wconf 90' lang='lat' dir='ltr'><strong>sio</strong></span> <span class='ocrx_word' id='word_1_208' title='bbox 1077 2926 1223 3001; x_wconf 86' lang='lat' dir='ltr'><strong>apertum</strong></span> <span class='ocrx_word' id='word_1_209' title='bbox 1247 2923 1312 2995; x_wconf 90' lang='lat' dir='ltr'><strong>est,</strong></span> 
     </span>
     <span class='ocr_line' id='line_1_25' title="bbox 126 3001 1313 3109; baseline 0.003 -24"><span class='ocrx_word' id='word_1_210' title='bbox 126 3001 286 3090; x_wconf 81' lang='lat' dir='ltr'><strong>librarium</strong></span> <span class='ocrx_word' id='word_1_211' title='bbox 316 3027 382 3088; x_wconf 86' lang='lat' dir='ltr'><strong>ism</strong></span> <span class='ocrx_word' id='word_1_212' title='bbox 413 3044 545 3107; x_wconf 88' lang='lat' dir='ltr'><strong>sequens</strong></span> <span class='ocrx_word' id='word_1_213' title='bbox 578 3020 743 3093; x_wconf 74' lang='grc' dir='ltr'><strong><em>ὑποθέσεως</em></strong></span> <span class='ocrx_word' id='word_1_214' title='bbox 781 3026 888 3087; x_wconf 90' lang='lat' dir='ltr'><strong>mente</strong></span> <span class='ocrx_word' id='word_1_215' title='bbox 923 3022 1125 3108; x_wconf 77' lang='lat' dir='ltr'><strong>complexum</strong></span> <span class='ocrx_word' id='word_1_216' title='bbox 1159 3045 1215 3109; x_wconf 92' lang='lat' dir='ltr'><strong>pro</strong></span> <span class='ocrx_word' id='word_1_217' title='bbox 1250 3023 1313 3089; x_wconf 89' lang='lat' dir='ltr'><strong>alio</strong></span> 
     </span>
     <span class='ocr_line' id='line_1_26' title="bbox 126 3127 1313 3216; baseline -0.003 -20"><span class='ocrx_word' id='word_1_218' title='bbox 126 3129 273 3196; x_wconf 70' lang='lat' dir='ltr'><strong>tooabulo</strong></span> <span class='ocrx_word' id='word_1_219' title='bbox 295 3150 371 3197; x_wconf 90' lang='lat' dir='ltr'><strong>sono</strong></span> <span class='ocrx_word' id='word_1_220' title='bbox 390 3151 452 3196; x_wconf 91' lang='lat' dir='ltr'><strong>non</strong></span> <span class='ocrx_word' id='word_1_221' title='bbox 473 3129 647 3195; x_wconf 79' lang='lat' dir='ltr'><strong>admodum</strong></span> <span class='ocrx_word' id='word_1_222' title='bbox 667 3128 817 3193; x_wconf 77' lang='lat' dir='ltr'><strong>dissimili</strong></span> <span class='ocrx_word' id='word_1_223' title='bbox 838 3127 921 3192; x_wconf 91' lang='lat' dir='ltr'><strong>illud</strong></span> <span class='ocrx_word' id='word_1_224' title='bbox 942 3129 1080 3194; x_wconf 74' lang='grc' dir='ltr'><strong><em>ὑπόθεσιν</em></strong></span> <span class='ocrx_word' id='word_1_225' title='bbox 1100 3153 1156 3216; x_wconf 91' lang='lat' dir='ltr'><strong>per</strong></span> <span class='ocrx_word' id='word_1_226' title='bbox 1175 3150 1313 3197; x_wconf 87' lang='lat' dir='ltr'><strong>errorem</strong></span> 
     </span>
     <span class='ocr_line' id='line_1_27' title="bbox 126 3234 1314 3320; baseline -0.001 -15"><span class='ocrx_word' id='word_1_227' title='bbox 126 3242 308 3307; x_wconf 74' lang='lat' dir='ltr'><strong>txamvisse.</strong></span> <span class='ocrx_word' id='word_1_228' title='bbox 355 3237 426 3303; x_wconf 87' lang='lat' dir='ltr'><strong>Nisi</strong></span> <span class='ocrx_word' id='word_1_229' title='bbox 450 3257 503 3301; x_wconf 95' lang='lat' dir='ltr'><strong>me</strong></span> <span class='ocrx_word' id='word_1_230' title='bbox 527 3238 635 3301; x_wconf 87' lang='lat' dir='ltr'><strong>omnia</strong></span> <span class='ocrx_word' id='word_1_231' title='bbox 658 3234 792 3318; x_wconf 81' lang='lat' dir='ltr'><strong>tollunt,</strong></span> <span class='ocrx_word' id='word_1_232' title='bbox 818 3237 851 3298; x_wconf 91' lang='lat' dir='ltr'><strong>in</strong></span> <span class='ocrx_word' id='word_1_233' title='bbox 875 3235 1050 3320; x_wconf 83' lang='lat' dir='ltr'><strong>exemplari</strong></span> <span class='ocrx_word' id='word_1_234' title='bbox 1075 3258 1133 3302; x_wconf 92' lang='lat' dir='ltr'><strong>suo</strong></span> <span class='ocrx_word' id='word_1_235' title='bbox 1156 3246 1240 3304; x_wconf 86' lang='lat' dir='ltr'><strong>erat:</strong></span> <span class='ocrx_word' id='word_1_236' title='bbox 1260 3241 1314 3311; x_wconf 77' lang='grc' dir='ltr'><strong>την</strong></span> 
     </span>
     <span class='ocr_line' id='line_1_28' title="bbox 126 3340 1316 3430; baseline 0.01 -31"><span class='ocrx_word' id='word_1_237' title='bbox 126 3344 303 3412; x_wconf 54' lang='lat' dir='ltr'><strong>initam</strong></span> <span class='ocrx_word' id='word_1_238' title='bbox 334 3353 389 3419; x_wconf 69' lang='grc' dir='ltr'><strong>τῆς</strong></span> <span class='ocrx_word' id='word_1_239' title='bbox 424 3344 526 3417; x_wconf 74' lang='grc' dir='ltr'><strong><em>ποὶσης</em></strong></span> <span class='ocrx_word' id='word_1_240' title='bbox 560 3342 736 3413; x_wconf 73' lang='grc' dir='ltr'><strong><em>ὑποθέσεως.</em></strong></span> <span class='ocrx_word' id='word_1_241' title='bbox 785 3340 1028 3428; x_wconf 87' lang='lat' dir='ltr'><strong>Perfrequentes</strong></span> <span class='ocrx_word' id='word_1_242' title='bbox 1056 3344 1116 3410; x_wconf 91' lang='lat' dir='ltr'><strong>looi</strong></span> <span class='ocrx_word' id='word_1_243' title='bbox 1143 3352 1235 3430; x_wconf 88' lang='lat' dir='ltr'><strong>sunt,</strong></span> <span class='ocrx_word' id='word_1_244' title='bbox 1259 3346 1316 3411; x_wconf 91' lang='lat' dir='ltr'><strong>ubi</strong></span> 
     </span>
     <span class='ocr_line' id='line_1_29' title="bbox 126 3447 1316 3549; baseline -0.003 -28"><span class='ocrx_word' id='word_1_245' title='bbox 126 3451 309 3523; x_wconf 82' lang='lat' dir='ltr'><strong>oholisstae</strong></span> <span class='ocrx_word' id='word_1_246' title='bbox 332 3453 391 3517; x_wconf 89' lang='lat' dir='ltr'><strong>hoo</strong></span> <span class='ocrx_word' id='word_1_247' title='bbox 416 3450 468 3517; x_wconf 89' lang='lat' dir='ltr'><strong>vel</strong></span> <span class='ocrx_word' id='word_1_248' title='bbox 491 3450 573 3515; x_wconf 93' lang='lat' dir='ltr'><strong>illud</strong></span> <span class='ocrx_word' id='word_1_249' title='bbox 597 3470 615 3513; x_wconf 90' lang='lat' dir='ltr'><strong>a</strong></span> <span class='ocrx_word' id='word_1_250' title='bbox 640 3453 733 3534; x_wconf 73' lang='lat' dir='ltr'><strong>poeta</strong></span> <span class='ocrx_word' id='word_1_251' title='bbox 756 3447 809 3514; x_wconf 86' lang='lat' dir='ltr'><strong>vel</strong></span> <span class='ocrx_word' id='word_1_252' title='bbox 832 3454 996 3549; x_wconf 66' lang='lat' dir='ltr'><strong>narpatum</strong></span> <span class='ocrx_word' id='word_1_253' title='bbox 1021 3472 1087 3516; x_wconf 85' lang='lat' dir='ltr'><strong>esse</strong></span> <span class='ocrx_word' id='word_1_254' title='bbox 1111 3460 1241 3517; x_wconf 90' lang='lat' dir='ltr'><strong>monent</strong></span> <span class='ocrx_word' id='word_1_255' title='bbox 1264 3450 1316 3517; x_wconf 87' lang='lat' dir='ltr'><strong>vel</strong></span> 
     </span>
     <span class='ocr_line' id='line_1_30' title="bbox 126 3555 1316 3644; baseline -0.004 -16"><span class='ocrx_word' id='word_1_256' title='bbox 126 3559 294 3635; x_wconf 70' lang='lat' dir='ltr'><strong>missum,</strong></span> <span class='ocrx_word' id='word_1_257' title='bbox 307 3579 347 3623; x_wconf 89' lang='lat' dir='ltr'><strong>ne</strong></span> <span class='ocrx_word' id='word_1_258' title='bbox 366 3557 493 3623; x_wconf 85' lang='lat' dir='ltr'><strong>fabulae</strong></span> <span class='ocrx_word' id='word_1_259' title='bbox 515 3558 697 3622; x_wconf 84' lang='lat' dir='ltr'><strong>oeconomia</strong></span> <span class='ocrx_word' id='word_1_260' title='bbox 709 3556 901 3621; x_wconf 89' lang='lat' dir='ltr'><strong>turbaretur.</strong></span> <span class='ocrx_word' id='word_1_261' title='bbox 925 3555 1035 3621; x_wconf 89' lang='lat' dir='ltr'><strong>Unum</strong></span> <span class='ocrx_word' id='word_1_262' title='bbox 1048 3579 1086 3622; x_wconf 85' lang='lat' dir='ltr'><strong>ex</strong></span> <span class='ocrx_word' id='word_1_263' title='bbox 1099 3557 1316 3644; x_wconf 87' lang='lat' dir='ltr'><strong>compluribus</strong></span> 
     </span>
     <span class='ocr_line' id='line_1_31' title="bbox 126 3662 1315 3752; baseline -0.008 -15"><span class='ocrx_word' id='word_1_264' title='bbox 126 3663 304 3750; x_wconf 73' lang='lat' dir='ltr'><strong>templum</strong></span> <span class='ocrx_word' id='word_1_265' title='bbox 328 3664 468 3752; x_wconf 79' lang='lat' dir='ltr'><strong>eligam,</strong></span> <span class='ocrx_word' id='word_1_266' title='bbox 493 3663 577 3749; x_wconf 90' lang='lat' dir='ltr'><strong>quod</strong></span> <span class='ocrx_word' id='word_1_267' title='bbox 600 3662 705 3727; x_wconf 92' lang='lat' dir='ltr'><strong>solum</strong></span> <span class='ocrx_word' id='word_1_268' title='bbox 731 3665 797 3727; x_wconf 92' lang='lat' dir='ltr'><strong>iam</strong></span> <span class='ocrx_word' id='word_1_269' title='bbox 820 3682 916 3746; x_wconf 87' lang='lat' dir='ltr'><strong>quam</strong></span> <span class='ocrx_word' id='word_1_270' title='bbox 935 3666 1084 3748; x_wconf 89' lang='lat' dir='ltr'><strong>proposui</strong></span> <span class='ocrx_word' id='word_1_271' title='bbox 1103 3667 1315 3729; x_wconf 89' lang='lat' dir='ltr'><strong>mutationem</strong></span> 
     </span>
     <span class='ocr_line' id='line_1_32' title="bbox 126 3766 1314 3856; baseline -0.002 -19"><span class='ocrx_word' id='word_1_272' title='bbox 126 3773 305 3845; x_wconf 74' lang='lat' dir='ltr'><strong>[missime</strong></span> <span class='ocrx_word' id='word_1_273' title='bbox 332 3771 534 3856; x_wconf 79' lang='lat' dir='ltr'><strong>comprobat,</strong></span> <span class='ocrx_word' id='word_1_274' title='bbox 568 3768 608 3834; x_wconf 86' lang='lat' dir='ltr'><strong>ad</strong></span> <span class='ocrx_word' id='word_1_275' title='bbox 639 3794 661 3833; x_wconf 93' lang='grc' dir='ltr'><strong><em>α</em></strong></span> <span class='ocrx_word' id='word_1_276' title='bbox 688 3766 771 3833; x_wconf 79' lang='lat'><strong>328:</strong></span> <span class='ocrx_word' id='word_1_277' title='bbox 806 3769 959 3834; x_wconf 78' lang='grc' dir='ltr'><strong><em>κωλύεται</em></strong></span> <span class='ocrx_word' id='word_1_278' title='bbox 983 3771 1026 3833; x_wconf 81' lang='grc' dir='ltr'><strong>παὶ</strong></span> <span class='ocrx_word' id='word_1_279' title='bbox 1050 3770 1116 3849; x_wconf 78' lang='grc' dir='ltr'><strong><em>περὶ</em></strong></span> <span class='ocrx_word' id='word_1_280' title='bbox 1142 3768 1314 3843; x_wconf 72' lang='grc' dir='ltr'><strong><em>Ὀδυσσέως</em></strong></span> 
     </span>
     <span class='ocr_line' id='line_1_33' title="bbox 126 3862 1316 3965; baseline -0.004 -19"><span class='ocrx_word' id='word_1_281' title='bbox 126 3883 222 3965; x_wconf 70' lang='lat' dir='ltr'><strong>lysis</strong></span> <span class='ocrx_word' id='word_1_282' title='bbox 242 3877 257 3941; x_wconf 83' lang='lat' dir='ltr'><strong>o‘</strong></span> <span class='ocrx_word' id='word_1_283' title='bbox 280 3876 370 3958; x_wconf 60' lang='lat' dir='ltr'><strong>otte,</strong></span> <span class='ocrx_word' id='word_1_284' title='bbox 395 3878 460 3942; x_wconf 70' lang='grc' dir='ltr'><strong><em>ἐπεὶ</em></strong></span> <span class='ocrx_word' id='word_1_285' title='bbox 481 3875 572 3956; x_wconf 63' lang='lat' dir='ltr'><strong>rotza</strong></span> <span class='ocrx_word' id='word_1_286' title='bbox 593 3876 728 3944; x_wconf 79' lang='grc' dir='ltr'><strong><em>οὶιιούσαο</em></strong></span> <span class='ocrx_word' id='word_1_287' title='bbox 749 3873 763 3938; x_wconf 78' lang='grc' dir='ltr'><em>ὃ</em></span> <span class='ocrx_word' id='word_1_288' title='bbox 784 3862 979 3955; x_wconf 78' lang='grc' dir='ltr'><strong><em>Τηλέμαχος</em></strong></span> <span class='ocrx_word' id='word_1_289' title='bbox 1001 3875 1316 3954; x_wconf 75' lang='grc' dir='ltr'><strong><em>οὐκᾶνοὶπεδημησε,</em></strong></span> 
     </span>
     <span class='ocr_line' id='line_1_34' title="bbox 126 3980 1317 4063; baseline -0.008 -7"><span class='ocrx_word' id='word_1_290' title='bbox 126 3990 160 4056; x_wconf 75' lang='grc' dir='ltr'><strong>αὶ</strong></span> <span class='ocrx_word' id='word_1_291' title='bbox 189 3987 220 4055; x_wconf 82' lang='grc' dir='ltr'><strong>σι’</strong></span> <span class='ocrx_word' id='word_1_292' title='bbox 242 3990 411 4063; x_wconf 74' lang='grc' dir='ltr'><strong><em>μνηστῆρες</em></strong></span> <span class='ocrx_word' id='word_1_293' title='bbox 430 3980 671 4056; x_wconf 68' lang='grc' dir='ltr'><strong><em>ἀπηλλάττοντο</em></strong></span> <span class='ocrx_word' id='word_1_294' title='bbox 691 3988 744 4054; x_wconf 74' lang='grc' dir='ltr'><strong>τῆς</strong></span> <span class='ocrx_word' id='word_1_295' title='bbox 767 3980 966 4062; x_wconf 78' lang='grc' dir='ltr'><strong><em>Πηνελόπης,</em></strong></span> <span class='ocrx_word' id='word_1_296' title='bbox 987 3980 1091 4050; x_wconf 72' lang='grc' dir='ltr'><strong><em>οὗτοι</em></strong></span> <span class='ocrx_word' id='word_1_297' title='bbox 1112 3982 1183 4056; x_wconf 67' lang='lat' dir='ltr'><strong>til</strong></span> <span class='ocrx_word' id='word_1_298' title='bbox 1207 3987 1317 4048; x_wconf 80' lang='grc' dir='ltr'><strong>ποῖσα</strong></span> 
     </span>
     <span class='ocr_line' id='line_1_35' title="bbox 126 4065 1317 4175; baseline -0.007 -13"><span class='ocrx_word' id='word_1_299' title='bbox 126 4090 334 4168; x_wconf 70' lang='grc' dir='ltr'><strong><em>[κονομία</em></strong></span> <span class='ocrx_word' id='word_1_300' title='bbox 369 4099 437 4164; x_wconf 79' lang='grc' dir='ltr'><strong>πῆς</strong></span> <span class='ocrx_word' id='word_1_301' title='bbox 473 4088 700 4159; x_wconf 73' lang='grc' dir='ltr'><strong><em>ὑποδέσεως</em></strong></span> <span class='ocrx_word' id='word_1_302' title='bbox 740 4086 942 4152; x_wconf 77' lang='grc' dir='ltr'><strong><em>διελύετο.</em></strong></span> <span class='ocrx_word' id='word_1_303' title='bbox 990 4087 1043 4153; x_wconf 80' lang='lat' dir='ltr'><strong>Sic</strong></span> <span class='ocrx_word' id='word_1_304' title='bbox 1079 4065 1182 4175; x_wconf 63' lang='lat' dir='ltr'><strong>igitur</strong></span> <span class='ocrx_word' id='word_1_305' title='bbox 1211 4096 1317 4154; x_wconf 90' lang='lat' dir='ltr'><strong>nostro</strong></span> 
     </span>
     <span class='ocr_line' id='line_1_36' title="bbox 126 4193 1316 4289; baseline -0.006 -24"><span class='ocrx_word' id='word_1_306' title='bbox 126 4219 245 4289; x_wconf 64' lang='lat' dir='ltr'><strong>loque</strong></span> <span class='ocrx_word' id='word_1_307' title='bbox 269 4196 338 4262; x_wconf 90' lang='lat' dir='ltr'><strong>looo</strong></span> <span class='ocrx_word' id='word_1_308' title='bbox 362 4196 477 4262; x_wconf 84' lang='lat' dir='ltr'><strong>dixisse</strong></span> <span class='ocrx_word' id='word_1_309' title='bbox 497 4216 550 4260; x_wconf 88' lang='lat' dir='ltr'><strong>eos</strong></span> <span class='ocrx_word' id='word_1_310' title='bbox 569 4215 695 4260; x_wconf 86' lang='lat' dir='ltr'><strong>censeo:</strong></span> <span class='ocrx_word' id='word_1_311' title='bbox 722 4195 755 4258; x_wconf 79' lang='lat' dir='ltr'><strong>ri</strong></span> <span class='ocrx_word' id='word_1_312' title='bbox 777 4196 839 4273; x_wconf 72' lang='grc' dir='ltr'><strong>γὰρ</strong></span> <span class='ocrx_word' id='word_1_313' title='bbox 862 4195 1007 4259; x_wconf 73' lang='grc' dir='ltr'><strong><em>εἷσελθεῖν</em></strong></span> <span class='ocrx_word' id='word_1_314' title='bbox 1027 4193 1142 4274; x_wconf 73' lang='grc' dir='ltr'><strong><em>ὄλεθρον</em></strong></span> <span class='ocrx_word' id='word_1_315' title='bbox 1162 4194 1200 4280; x_wconf 73' lang='grc' dir='ltr'><strong>(ἃ</strong></span> <span class='ocrx_word' id='word_1_316' title='bbox 1210 4197 1240 4274; x_wconf 85' lang='grc' dir='ltr'><strong>ν)</strong></span> <span class='ocrx_word' id='word_1_317' title='bbox 1258 4199 1316 4258; x_wconf 81' lang='grc' dir='ltr'><strong>τῶν</strong></span> 
     </span>
     <span class='ocr_line' id='line_1_37' title="bbox 137 4299 1316 4397; baseline -0.004 -23"><span class='ocrx_word' id='word_1_318' title='bbox 137 4308 212 4397; x_wconf 78' lang='grc' dir='ltr'><strong>ν)ό</strong></span> <span class='ocrx_word' id='word_1_319' title='bbox 221 4329 267 4369; x_wconf 90' lang='grc' dir='ltr'><strong>νπ</strong></span> <span class='ocrx_word' id='word_1_320' title='bbox 278 4327 325 4368; x_wconf 83' lang='grc' dir='ltr'><strong>ων</strong></span> <span class='ocrx_word' id='word_1_321' title='bbox 346 4303 457 4382; x_wconf 79' lang='grc' dir='ltr'><strong><em>ἐποίει,</em></strong></span> <span class='ocrx_word' id='word_1_322' title='bbox 478 4306 530 4365; x_wconf 78' lang='grc' dir='ltr'><strong>καὶ</strong></span> <span class='ocrx_word' id='word_1_323' title='bbox 549 4303 650 4385; x_wconf 66' lang='grc' dir='ltr'><strong><em>ἀνῄρει</em></strong></span> <span class='ocrx_word' id='word_1_324' title='bbox 669 4303 723 4377; x_wconf 73' lang='grc' dir='ltr'><strong>τὴν</strong></span> <span class='ocrx_word' id='word_1_325' title='bbox 748 4301 783 4364; x_wconf 82' lang='grc' dir='ltr'><strong>δι</strong></span> <span class='ocrx_word' id='word_1_326' title='bbox 793 4301 815 4365; x_wconf 77' lang='grc' dir='ltr'><strong><em>οὶ</em></strong></span> <span class='ocrx_word' id='word_1_327' title='bbox 825 4302 839 4364; x_wconf 74' lang='grc' dir='ltr'><em>Α</em></span> <span class='ocrx_word' id='word_1_328' title='bbox 849 4324 891 4365; x_wconf 87' lang='grc' dir='ltr'><strong><em>εσ</em></strong></span> <span class='ocrx_word' id='word_1_329' title='bbox 902 4325 936 4365; x_wconf 93' lang='grc' dir='ltr'><strong>ιν</strong></span> <span class='ocrx_word' id='word_1_330' title='bbox 954 4309 1009 4377; x_wconf 76' lang='grc' dir='ltr'><strong>πῆς</strong></span> <span class='ocrx_word' id='word_1_331' title='bbox 1023 4299 1126 4377; x_wconf 67' lang='grc' dir='ltr'><strong><em>πάσης</em></strong></span> <span class='ocrx_word' id='word_1_332' title='bbox 1140 4301 1316 4375; x_wconf 76' lang='grc' dir='ltr'><strong><em>ὑποθέσεως.</em></strong></span> 
     </span>
    </p>
   </div>
   <div class='ocr_carea' id='block_1_5' title="bbox 0 0 1499 4950">
    <p class='ocr_par' dir='ltr' id='par_1_5' title="bbox 0 0 1499 4950">
     <span class='ocr_line' id='line_1_38' title="bbox 0 0 1499 4950; baseline 0 0"><span class='ocrx_word' id='word_1_333' title='bbox 0 0 1499 4950; x_wconf 95' lang='lat' dir='ltr'><strong> </strong></span> 
     </span>
    </p>
   </div>
  </div>
 </body>
</html>
