2978 4950
620 216 685 284 319

126 430 233 476 remen
265 408 485 494 indefinitum
516 409 555 473 de
585 409 691 475 Marte
722 411 805 474 enim
833 428 930 494 preve
954 407 1072 474 dieitur
1095 405 1153 473 κάν
1176 424 1250 473 λαν-

126 546 132 590 r
162 555 201 566 --
228 518 282 581 οὐκ
306 516 344 582 άν
367 517 470 590 λάθοι,
495 534 569 602 pro:
595 516 647 580 καί
673 519 698 582 εί
725 515 815 582 ἔλαθε
830 550 870 566 --
895 515 947 580 τδν
971 540 1006 581 π.
1032 517 1084 596 ἐφ.
1110 518 1172 580 θεὸν
1196 518 1249 581 οὐκ

126 626 167 689 ts.
207 624 245 688 In
277 623 375 688 alters
406 626 561 689 sententis
582 626 723 689 mirarer
753 626 781 688 si
808 625 906 688 καίτοι
938 630 1022 688 reete
1053 624 1184 689 heberet
1213 629 1252 688 ut

132 737 251 797 etenim.
298 729 401 796 Miror
431 736 592 816 praeterea
613 730 786 795 Homerica
808 733 846 804 άς
870 731 913 795 τά
937 755 988 811 πρ.
1012 733 1153 808 μίγησαν
1176 751 1250 796 αιτιοι

126 838 321 904 sordentibus
353 858 416 902 non
442 857 594 911 connexa,
621 837 697 902 adeo
722 844 759 901 ut
782 858 909 922 prorsus
926 837 1096 916 παρέλκειν
1120 837 1250 903 videan-

166 965 221 1009 nee
253 949 370 1029 exputo
401 944 557 1028 quomodo
586 942 768 1008 Dindorfius
798 966 837 1009 ex
866 941 932 1028 οὖν,
957 943 1040 1029 quod
1060 947 1094 1009 in
1117 948 1251 1028 utroque

126 1070 173 1115 ‚os
205 1054 267 1128 est,
304 1051 413 1135 (verbs
445 1050 532 1122 εὐθὺς
559 1089 600 1099 --
625 1049 713 1127 λέγει
745 1053 869 1116 omittit
899 1049 939 1132 Q)
973 1051 1084 1122 αὐτούς
1109 1049 1251 1135 exsculp-

126 1163 153 1221 t.
197 1154 352 1222 Omnibus
378 1156 429 1221 his
453 1156 665 1221 medebnntur
690 1157 769 1222 dnae
792 1177 909 1241 parvae
932 1159 1126 1222 mutationes
1149 1163 1181 1222 et
1203 1159 1251 1220 in-

126 1265 241 1328 metio
272 1262 388 1328 melius
419 1265 608 1328 constituta:
635 1262 830 1327 παιδευτικὸν
856 1265 899 1343 τῷ
923 1262 1002 1339 θντι,
1028 1259 1072 1328 ὅτι
1098 1263 1156 1328 κάν
1181 1263 1251 1334 τοὺς

126 1392 182 1440 ους
211 1368 345 1451 λανθάνη
375 1371 465 1454 (τις)
493 1369 699 1452 ἁμαρτάνων,
723 1370 774 1434 σδν
797 1368 905 1434 πάντα
930 1370 1087 1452 ἐφορῶντα
1111 1369 1174 1434 θεδν
1199 1372 1251 1435 οὐκ

126 1472 222 1540 λάθοι.
247 1477 310 1540 καί
339 1477 416 1554 γάρ
440 1475 526 1547 εὐθὺς
551 1472 623 1553 άμα
646 1485 684 1557 τῇ
710 1479 810 1556 πρώτη
833 1475 943 1558 συνόδῳ
968 1478 1170 1557 καταφώρους
1195 1501 1252 1555 γε·

126 1604 184 1645 αι·
207 1582 294 1660 λέγει
318 1587 411 1659 γοῦν
437 1583 495 1659 „ele
519 1583 561 1646 τά
586 1588 691 1661 πρῶτα
716 1583 888 1661 μίγησαν.”
913 1581 1001 1662 Quod
1025 1588 1098 1668 post
1117 1582 1252 1665 λανθάνη

126 1691 238 1771 rposni
272 1712 320 1759 τις
354 1688 495 1753 stabiliet
518 1686 544 1752 'P
568 1687 678 1753 eedem
703 1689 766 1754 fere
790 1690 960 1755 exhibens:
985 1689 1123 1755 παιδεύει
1147 1691 1186 1761 ὡς
1209 1690 1253 1754 δι-

126 1815 185 1857 τιων
207 1790 252 1859 ὅτι
277 1792 336 1859 κάν
356 1795 425 1860 τοὺς
446 1794 579 1866 πολλοὺς
600 1794 736 1876 λανθάνη
752 1819 799 1864 τις
820 1796 985 1876 άμαρτάν,
999 1796 1050 1859 τδν
1068 1801 1142 1874 γοῦν
1162 1795 1255 1861 πάντ’

126 1903 206 1966 κατ’
226 1899 333 1966 Ἥλιον
357 1903 389 1965 οὐ
413 1901 573 1974 λανθάνει,
599 1901 654 1966 sed
678 1911 710 1967 et
733 1904 802 1987 ipse
825 1902 888 1968 alia
912 1908 1000 1988 parte
1022 1923 1125 1990 aeger.
1157 1901 1253 1967 Sum·

126 2023 192 2087 ¹>ere
225 2010 312 2073 enim
348 2006 515 2092 displicent
547 2009 644 2073 verbs
674 2009 709 2071 in
740 2009 833 2074 initio
862 2012 966 2094 posite
991 2008 1130 2074 παιδεύει
1151 2009 1189 2079 ὣς
1214 2007 1255 2071 δι-

126 2131 201 2191 xes,
224 2135 281 2179 nec
305 2115 482 2179 resisterem
507 2116 534 2177 si
560 2116 631 2199 quis
656 2114 825 2178 contendet
847 2115 925 2180 haee
949 2120 1005 2179 sut
1029 2113 1112 2179 mele
1136 2115 1255 2198 scripta

158 2219 238 2286 male
273 2218 357 2285 lecta
391 2241 457 2285 esse
493 2238 565 2305 pro:
599 2219 876 2292 παιδευτικῶς
909 2222 1096 2286 διδάσκει
1127 2217 1173 2285 ὅτι
1197 2219 1256 2284 κάν

127 2325 194 2413 ·¹)

134 2580 147 2614 ,
178 2536 256 2604 274.
290 2539 357 2602 Οάκ
388 2534 451 2604 οἶδε
481 2538 512 2603 δὲ
545 2539 558 2602 ὃ
587 2541 712 2613 ποιητὴς
736 2542 787 2605 τὸν
809 2537 986 2620 Ἥφαιστον
1010 2541 1252 2622 θργαζάμενονῆ

126 2644 255 2728 Λιπάρα
286 2653 341 2718 τῆς
367 2644 513 2716 Σικελίας
538 2651 596 2709 τῶν
619 2646 765 2710 Αἰολίδων
789 2646 895 2723 νήσων,
922 2648 939 2723 ἢ
965 2648 995 2711 ἒν
1019 2651 1153 2729 Λάμνιρ,
1179 2651 1255 2712 α’λλ·

126 2744 292 2832 Ὀλύμπῳ.
322 2749 376 2836 (Q)
400 2748 483 2816 Ουτοι
509 2772 571 2817 non
594 2751 722 2817 videam
745 2752 829 2817 unde
852 2753 986 2838 pendent
1009 2757 1172 2841 genitivus
1196 2761 1254 2819 reis

126 2852 211 2921 ιίδων
235 2861 347 2934 νάσων,
374 2894 416 2905 -
439 2878 514 2923 nem
539 2857 662 2923 dietum
686 2859 869 2925 existimare
892 2877 967 2944 pro:
992 2861 1022 2923 ε’ν
1047 2860 1175 2945 Λιπάρα
1195 2868 1254 2927 τῶν

126 2954 148 3019 ἃ
174 2964 323 3029 Σικελίαν
347 2964 493 3028 Αἰολίδων
518 2964 612 3038 νήσων
636 2967 812 3029 contortius
836 2972 939 3030 est—
953 2965 1038 3030 haud
1061 2969 1126 3032 seio
1150 2986 1189 3032 an
1213 2971 1256 3034 eit

126 3070 284 3136 sendum:
310 3071 376 3146 ἢέν
396 3071 526 3154 Λιπάρρι
544 3076 600 3144 τῆς
623 3071 770 3139 Σικελίας
791 3074 891 3155 (μιᾷ)
913 3077 971 3135 τῶν
993 3072 1138 3138 Αίολίδων
1152 3075 1255 3149 νάσων.
1349 3131 1352 3136 .

126 3323 131 3348 ε
173 3285 254 3352 294.
288 3286 406 3358 Σίντιες
438 3286 602 3350 ἐκαλοῦντο
636 3285 661 3348 ot
694 3284 842 3360 Λάμνιοι,
875 3287 914 3357 ὥς
938 3285 1120 3359 Ἑλλάνικος
1146 3289 1260 3367 ἱστορεῖ

126 3389 170 3465 rr}
208 3391 274 3470 περί
311 3392 383 3457 Χίου
418 3393 564 3475 κτίσεως,
595 3391 646 3454 τδν
677 3390 784 3470 τρόπον
816 3397 956 3457 τοιοῦτον.
989 3393 1021 3458 ἐκ
1046 3403 1101 3467 τῆς
1125 3394 1254 3461 Τενέδου

126 3512 180 3561 ’το
216 3500 259 3570 εἰς
292 3500 344 3563 σδν
374 3498 510 3562 Μέλανα
533 3496 645 3562 κθλπον
670 3499 722 3561 καί
747 3500 941 3577 πρῶτονμὲν
965 3500 1007 3570 είς
1032 3507 1155 3576 Λῆμνον
1181 3501 1258 3582 άφί·

126 3618 165 3657 0·
202 3601 280 3679 ἦσαν
311 3603 341 3668 δὲ
373 3603 477 3669 αὐτίθι
509 3609 718 3677 κατοικοῦντες
752 3604 871 3687 Θρᾷκές
904 3628 983 3677 τινες
1009 3607 1043 3670 οὐ
1068 3606 1175 3671 πολλοί
1200 3606 1255 3671 άν-

126 3722 193 3772 ·οι·
228 3710 426 3789 ἐγεγόνεισαν
463 3712 494 3774 δὲ
525 3708 719 3787 μιξέλληνες.
751 3712 876 3786 τούτους
908 3712 1036 3777 ἐκάλουν
1068 3715 1093 3777 οί
1116 3715 1256 3796 περίοικοι

126 3829 192 3890 ’σας
226 3832 296 3883 νσλ.
323 3816 403 3902 (EQ)
427 3816 463 3881 Si
486 3817 590 3882 loenm
614 3818 785 3904 intellege,
812 3819 1032 3884 inserendum:
1059 3821 1092 3883 ίκ
1116 3829 1171 3895 τῆς
1197 3828 1258 3885 Τε·

126 3939 139 3976 ³
168 3923 288 4008 ᾤχονσθ
312 3923 446 4010 (τινες)
472 3925 513 3996 είς
540 3923 591 3987 τδν
615 3922 749 3988 Μάλανα
774 3922 897 3988 κθλπον.
940 3924 1012 3991 Non
1036 3926 1121 3991 enim
1145 3929 1256 3992 statim

126 4084 241 4107 N·—

148 4191 200 4244 cfr.
219 4196 234 4245 i.
253 4211 273 4244 e.
294 4215 311 4246 α
329 4194 388 4246 207ι
409 4197 568 4253 πειραστικως
587 4189 737 4240 πυνθάνεται.
760 4206 776 4238 α
795 4191 856 4240 289ι
878 4189 1015 4252 ἀναγκαίως
1034 4192 1146 4248 ποικίλας
1164 4189 1258 4257 διιφίρσι

128 4281 238 4345 mm.
259 4300 276 4332 a
298 4285 360 4335 305:
383 4279 557 4339 διδασκαλικῶς
578 4279 689 4342 'mmet
708 4278 782 4329 πάλιν
801 4279 856 4342 περί
874 4284 922 4331 τάν
941 4279 1029 4330 ame.
1049 4298 1066 4331 a
1084 4279 1257 4343 417τδτθντυς

126 4364 164 4430 ill
184 4375 262 4436 mur.
282 4373 300 4436 β
319 4375 363 4426 lt:
379 4373 477 4432 εἰκάσας
497 4369 640 4437 δημηγορεῖ,
659 4376 683 4424 et
700 4373 734 4422 sie
750 4372 886 4423 sexcenties.
