2978 4950
691 240 756 309 227

150 434 207 499 Hoc
224 453 315 497 unum
334 437 457 498 certum
482 432 781 501 5115155.’ἐντεῡ15
809 433 998 499 5115155155
1024 451 1089 495 5555
1113 430 1151 494 51
1176 425 1239 491 iesu
1264 423 1317 490 ad·

149 541 290 624 ttriptum.
314 537 382 605 Nec
404 541 510 605 minus
532 544 654 605 certum
678 549 741 620 551,
765 561 820 626 555
841 536 1119 617 κατακερτομήσας
1139 534 1209 604 τοὺς
1229 534 1317 613 15551-

149 668 245 717 55555
273 645 469 733 singularem
497 648 632 732 requiri,
657 648 723 711 rto
746 646 943 726 θεράποντα,
968 665 1041 709 555
1066 646 1098 706 15
1123 647 1190 706 1515
1211 660 1317 706 narra-

149 754 220 818 tione
246 752 281 818 de
304 772 367 818 555
391 759 516 818 tantum
542 753 664 819 famulo
687 775 790 820 sermo
815 759 871 819 est.
920 751 968 816 Ex
992 750 1124 834 reliquis
1146 738 1316 836 oorrnptia‹

150 859 225 923 simis
260 857 315 923 diu
356 857 561 944 multumque
597 861 747 949 agitando
783 859 863 925 nihil
897 860 965 924 sani
1001 855 1172 922 extundere
1208 856 1317 940 potui:

153 961 280 1050 „Sisyphi
304 985 435 1041 saxum,
461 1003 502 1014 —
527 971 564 1030 ut
588 966 672 1050 apud
695 966 878 1031 Ciceronem
904 965 1021 1029 dicitur
1049 1000 1089 1011 —
1117 964 1241 1026 versari
1267 982 1317 1025 su-

154 1068 249 1146 15515,
273 1090 374 1155 55555
396 1071 515 1156 profeci
538 1071 642 1136 hilum
656 1071 683 1147 ;''
705 1075 812 1157 115555
835 1071 913 1136 haec
932 1069 1125 1134 acutioribus
1145 1067 1218 1132 aliis
1235 1088 1318 1132 nuno

156 1173 236 1260 relinq
239 1196 285 1241 55.
309 1174 396 1240 Illud
417 1182 525 1241 autem
545 1198 607 1242 non
627 1178 682 1242 abs
704 1200 737 1244 re
757 1180 817 1242 erit
829 1178 931 1243 obiter
942 1181 1082 1252 notasse,
1096 1194 1193 1259 quam
1206 1174 1321 1238 vitiosa

156 1278 289 1368 elegantis
311 1287 423 1346 utatur
444 1283 516 1361 hic,
540 1286 720 1369 quicunque
748 1285 824 1350 haec
855 1284 938 1348 unde
968 1282 1052 1347 unde
1081 1281 1320 1345 consarcinavit.

110 1396 114 1491 5
158 1387 249 1466 115155
269 1388 339 1460 coir
363 1390 508 1467 μεγάλου
528 1389 668 1455 effictum
688 1391 794 1456 estod
815 1388 930 1455 similit
931 1389 1060 1454 udinem
1080 1387 1320 1473 Xenophontei:

158 1493 296 1568 55551555
330 1495 536 1570 καταβάλλει
567 1497 621 1568 τὴν
652 1496 788 1578 ἔ,15φ5ν
822 1494 918 1559 καλόν
904 1520 978 1558 uro
1009 1500 1119 1575 χρῆμα
1144 1493 1196 1557 καὶ
1221 1494 1319 1573 μέγα.

110 1594 112 1599 ’
157 1594 317 1686 (1155551,
350 1599 713 1688 418),ἔπιζαρῆααι
746 1603 884 1687 sumpsit
870 1602 945 1666 tab
969 1599 1131 1684 Euripidis
1153 1602 1321 1666 notissimo

156 1701 209 1771 1555
230 1602 420 1792 (Pholnissl
422 1729 470 1772 vs
477 1602 577 1795 )45.),
599 1709 807 1807 προσέθετο
775 1733 829 1783 rav
850 1707 963 1772 κύλικα
983 1726 1055 1791 pro:
1076 1708 1169 1769 lubrie
1192 1708 1322 1772 adcreuit

158 1810 238 1894 ipsius
258 1819 302 1879 est
325 1820 358 1879 51
381 1817 583 1900 sequiorem,
608 1797 877 1901 quemadmodum
901 1812 996 1899 paulo
1019 1818 1091 1878 ante
1110 1813 1210 1878 dixit:
1231 1838 1320 1893 προα-

158 1915 281 1994 nitimur
313 1920 377 1999 515
407 1921 557 1992 Ἀντίνοος
587 1921 623 1986 rt
655 1919 787 1999 ἔκπωμα
822 1920 994 1998 βάλλεται.
1042 1918 1152 2004 Aeque
1186 1919 1322 1987 ridicula

110 2052 113 2089 ;
159 2029 216 2086 runt
242 2046 316 2155 quae
343 2029 378 2090 in
409 2025 471 2092 fine
502 2026 671 2116 leguntur:
702 2027 771 2092 ἔνθα
800 2028 834 2112 (ἱ.
860 2048 887 2092 e.
912 2026 1058 2111 ἐνταῦθα)
1091 2025 1190 2105 W?
1221 2050 1321 2092 κατα-

110 2188 112 2207 ,
158 2133 320 2205 51551515
354 2133 532 2212 παροιμίαν.
580 2133 695 2214 Quis
686 2141 734 2199 51
721 2130 865 2199 tellexic?
888 2134 1073 2197 Ancaeusne
1095 2132 1134 2197 ab
1159 2153 1233 2218 apro
1256 2137 1320 2201 iam

110 2228 114 2271 ²¹
158 2231 339 2305 interemtus?
363 2239 438 2305 Sed
448 2240 579 2306 15515555
602 2244 698 2308 1555
721 2241 818 2305 15155
841 2236 1135 2304 551155515151111155
1158 2239 1321 2306 absolven-

110 2294 272 2409 11111
229 2352 285 2423 551,
320 2367 356 2412 55
387 2347 468 2427 φασὶ
502 2348 736 2436 corrigendum,
771 2346 855 2433 quod
887 2345 925 2410 de
948 2344 1091 2433 cognatis
1114 2345 1322 2434 affinibusque

160 2442 253 2515 115551
272 2453 471 2520 commodius
493 2454 646 2539 capietur.

193 2679 225 2742 o,
248 2662 317 2729 192.
342 2668 565 2755 Agamemnon
588 2665 671 2752 apud
694 2667 809 2732 inferos
835 2678 998 2751 procorum
1021 2668 1151 2733 umbras
1174 2689 1322 2745 5555555,

160 2755 350 2836 tutisimam
389 2771 496 2837 Ulixis
536 2772 698 2857 praedicat
737 2778 872 2855 sortem,
908 2794 1039 2838 uxorem
1078 2780 1148 2859 post
1185 2780 1231 2839 151
1264 2796 1321 2841 55-

160 2882 250 2938 nomm
278 2879 455 2944 absentiam
487 2876 613 2944 fidelem
643 2880 705 2945 sibi
739 2868 843 2956 nacti,
880 2885 974 2964 51555
1007 2882 1041 2943 15
1074 2881 1152 2946 1555
1186 2881 1323 2949 admira·

161 2962 261 3046 tutus
280 2984 379 3050 verba
401 2987 558 3069 erumpit:
583 2982 671 3063 ὄλβιε
696 2985 840 3062 Λαέρταο
863 2982 940 3059 mii,
970 2991 1002 3050 51
1029 3006 1108 3071 5555
1138 2993 1321 3071 sequuntur.

162 3075 198 3142 11
226 3085 294 3155 haec
327 3096 475 3175 excerpta
506 3091 634 3169 ἀπορίας
667 3092 832 3155 cuiusdam
865 3091 1019 3177 leguntur
1048 3095 1082 3156 in
1113 3092 1157 3157 V:
1185 3095 1322 3173 51555πέ5

163 3186 223 3258 0²⁰¹
240 3196 376 3276 παρέντα
394 3197 429 3260 51
448 3197 622 3271 συμπαθεῖν
643 3198 685 3277 τῷ
705 3196 931 3277 'Andocidem
945 3198 1078 3262 ἐπαινεῖν
1093 3198 1143 3262 τὸν
1156 3200 1322 3268 Ὀδυσσέα.

161 3287 202 3354 tlt
224 3300 359 3374 15551515
391 3303 422 3367 di
454 3303 504 3367 151
537 3302 571 3366 51
602 3303 655 3367 καὶ
684 3302 762 3391 [τὸν]
790 3302 964 3368 5151511151
988 3311 1043 3378 τῆς
1068 3305 1257 3380 succinctione
1282 3307 1325 3372 551

162 3393 270 3473 derra
294 3408 484 3475 πεπονθέναι
517 3410 699 3475 Articulum
727 3409 835 3475 abesse
859 3415 1001 3495 oportere
1024 3431 1203 3477 5555555
1226 3413 1323 3481 videt.

161 3497 214 3574 1155
244 3513 352 3582 Ulixes
384 3536 423 3581 ex
454 3536 551 3580 uxore
581 3540 624 3580 τα
655 3514 792 3580 κάκιστα
824 3515 985 3592 πέπονθεν,
1011 3515 1065 3581 se'd
1088 3516 1324 3605 Agamemnon.

161 3600 303 3687 (11115555
327 3643 425 3706 5555
458 3620 591 3687 mirifice
622 3628 770 3705 corrupta
794 3633 826 3685 et
850 3620 965 3708 glossis
988 3625 1326 3707 155111511555515515

161 3707 217 3788 1155
236 3725 542 3812 disputatiuncula
533 3748 565 3791 in
592 3727 783 3791 editionibus
806 3727 967 3791 veteribus
989 3729 1326 3805 5155515515,νί-

133 3816 212 3893 ltro
233 3839 278 3898 est
302 3832 388 3918 apud
413 3832 666 3915 Β51111555555,
697 3853 792 3917 5555
822 3835 855 3897 15
886 3832 1081 3898 emendando
1110 3835 1326 3921 eiiciendoque

158 3944 246 4002 'turm
270 3939 390 4004 vidisse
414 3942 542 4024 opinor,
566 3942 624 4003 etsi
645 3883 781 4004 ilbenter
800 3959 1020 4024 cognoscerem
1039 3942 1115 4025 quid
1135 3941 1327 4009 Bodleianus

152 4027 216 4109 liber
244 4044 299 4132 (Ο)
332 4068 352 4111 5
382 4044 544 4112 Dindorfio
575 4053 744 4129 usurpatus
773 4045 825 4109 hic
848 4045 1006 4130 praebeat.
1054 4045 1115 4112 Sed
1139 4048 1198 4113 hoc
1221 4056 1327 4116 nostro

110 4156 122 4231 ,1
153 4140 207 4217 loco
228 4154 267 4218 de
290 4151 456 4217 Bodleiani
480 4151 614 4217 lectione
637 4150 738 4216 altum
763 4162 810 4215 est
833 4151 1005 4215 silentium.

110 4250 113 4255 ’
182 4255 249 4325 Hae
273 4261 380 4346 igitur
402 4264 477 4322 5551
500 4261 637 4344 potiores
661 4256 934 4342 interpolationem
960 4278 1038 4342 quas
1057 4258 1245 4344 plerumque
1264 4261 1328 4327 alia

142 4381 258 4451 555555
293 4363 367 4429 1515
400 4367 457 4428 551
488 4362 606 4429 leviore
638 4368 694 4428 551
728 4364 874 4449 graviore
905 4362 1043 4430 odiectas
1072 4367 1105 4431 15
1137 4365 1265 4432 scholiis
1288 4369 1328 4434 ad
