2978 4950
710 176 776 246 4⁷7

142 373 296 456 quinatur
338 371 492 437 vitiorum
529 390 703 454 eorumque
739 368 864 435 medela
899 367 1100 453 perspieitur.
1154 363 1272 430 Statim
1307 365 1341 428 in

143 478 240 543 initio
271 476 474 543 seribendum
506 497 591 541 esse:
622 477 819 540 τδιτααῦτα
844 476 859 540 ί
883 474 953 538 Ὀδ.
981 473 1077 555 ἐρωτᾷ
1101 505 1155 520 --
1178 471 1245 549 περί
1271 473 1343 534 τοῦ

144 584 287 649 συνειίνου
311 585 439 658 αὐτῆς
464 585 515 647 καὶ
541 586 610 647 τοῦ
635 583 801 665 παιδός,
821 581 1005 666 probatione
1022 599 1085 644 non
1105 598 1198 666 egere
1218 584 1342 661 putem.

144 689 288 776 &quens
321 691 479 754 sententia
514 688 608 774 plana
644 691 705 754 erit
739 694 772 753 et
805 690 972 773 perspieua
1007 688 1125 768 eiecto,
1162 683 1245 769 quod
1276 683 1342 748 iam

144 798 314 882 proposui,
338 800 393 860 τοῦ
416 795 590 880 eodemque
615 801 685 880 post
709 803 809 866 καλῶς
835 797 975 877 inserto,
995 799 1133 858 correcto
1153 790 1253 856 simul
1272 783 1341 868 εἶχε

144 904 199 968 τδν
235 903 407 986 ἐρωτῶντα,
435 905 562 967 -nisi
598 904 670 987 quis
705 902 853 986 expedire
886 902 986 987 possit
1022 898 1098 985 quid
1134 901 1195 963 sit:
1228 896 1344 971 είδνσιν

146 1008 328 1087 λαμβάνειν
358 1007 426 1091 ἔχει
453 1011 503 1075 τδν
528 1010 704 1089 ἐρωτῶντα,
731 1046 772 1056 -
797 1006 882 1093 quod
907 1012 1100 1072 tamennon
1124 1006 1243 1070 vitium
1266 1004 1343 1068 sori·

145 1116 262 1181 barum
299 1122 364 1190 est,
397 1114 450 1180 sed
481 1114 603 1180 Strurii
635 1114 868 1194 παραδιίρίυσις
892 1133 947 1197 pro
971 1113 1089 1179 oodioia
1112 1112 1248 1177 leetione
1271 1104 1342 1190 εἶχε

146 1225 200 1288 τὸν
233 1220 341 1300 ἔρωτα.
387 1221 500 1307 Itaque·
528 1221 702 1286 scribatur:
736 1220 840 1296 ἐπειδὴ
875 1257 915 1268 -
948 1221 980 1284 αί
1005 1221 1110 1300 ψυχαί
1138 1255 1178 1266 -ν
1205 1215 1344 1289 αἵσίνσιν

146 1326 258 1408 ἔχουσί
286 1350 350 1399 ποις
380 1335 437 1392 τῶν
462 1328 535 1408 τῇδε
559 1328 611 1391 καί
638 1332 750 1405 γνῶσιν
774 1326 1026 1406 οἰσομασοιτὲραν
1050 1326 1103 1391 καί
1128 1324 1343 1407 οίπλουστὲραν

146 1441 208 1500 τῶν
232 1434 463 1511 συντεθειμένων
487 1432 521 1498 ἔκ
542 1458 577 1499 τε
602 1438 711 1515 ψυχῆς
737 1434 789 1498 καί
810 1434 970 1516 σώματος,
991 1439 1095 1504 καλῶς
1112 1433 1208 1516 (τοῦ)
1228 1429 1343 1506 λαβεῖν

146 1547 208 1606 τῶν
231 1540 371 1605 τοιούτων
395 1532 455 1614 τὴν
474 1539 587 1612 είδνσιν
612 1541 646 1603 ἐκ
670 1547 725 1615 τῆς
750 1538 894 1621 μητρῴας
915 1544 1023 1620 ψυχῆς
1049 1537 1192 1620 είχετο
1221 1536 1344 1615 ἔρυτο.

147 1646 214 1712 Sed
238 1649 382 1713 omnium
407 1649 544 1731 pessime
569 1646 711 1712 mulcata
739 1653 813 1711 sunt
836 1651 990 1711 extrema.
1014 1643 1196 1709 Pelluoebit
1220 1650 1343 1708 senten·

148 1756 215 1836 tia,
239 1752 296 1817 ubi
319 1752 371 1817 hio
394 1773 518 1838 quoque
542 1754 652 1818 eiectis
678 1755 716 1822 ὡς
741 1772 778 1817 ex
796 1751 1032 1838 dittographia,
1054 1757 1090 1815 ut
1111 1748 1249 1826 videtur,
1269 1755 1344 1814 nato

148 1866 184 1926 et
216 1860 230 1924 d
263 1858 431 1928 Ὀδυσσεύς
463 1858 571 1946 glossa
590 1859 718 1935 inutili,
743 1871 866 1924 caetera
891 1860 1063 1922 constituta
1086 1859 1180 1920 erunt
1202 1854 1235 1919 in
1260 1855 1344 1919 hune

149 1966 306 2033 modum:
339 1963 409 2041 ἑξῆς
434 1965 486 2029 καί
512 1965 573 2029 ἐνὸν
598 1965 723 2040 ἤκουσεν
746 1963 826 2044 ἅπερ
850 1963 943 2036 αὐτὸς
969 1964 1119 2042 πρὸτῆς
1145 1961 1257 2025 αὐτοῦ
1278 1961 1345 2039 ἔροι-

152 2073 270 2148 τιίσεως
296 2075 349 2138 οὐκ
373 2073 536 2151 ἐγίνωσκεν
560 2071 761 2150 οὐδαμῶς,
787 2071 956 2157 καίίπερ)
979 2067 1072 2133 τόπον
1096 2067 1179 2148 τίπιρ
1203 2066 1346 2146 ὁμείβιον

149 2182 165 2247 ὅ
191 2180 348 2255 δύστηνος.

198 2408 238 2473 a,
263 2392 341 2459 213.
387 2391 559 2459 Homerios
588 2394 772 2479 paraphrasi
802 2397 847 2458 sio
871 2390 1063 2457 dilatantur:
1088 2386 1124 2473 ἦ,
1148 2389 1261 2469 Φιρσίν,
1284 2389 1346 2468 οὐχ

150 2499 306 2582 ὑποίρχεις
340 2500 377 2565 σὺ
410 2502 427 2576 ἧ
459 2499 519 2577 ἐμὶν
549 2501 667 2579 μήτηρ,
700 2502 776 2564 ἀλλ’
800 2497 921 2564 είδοιλίν
944 2521 975 2560 τι
999 2496 1051 2561 καί
1076 2496 1286 2573 αποσκίασμα
1310 2495 1345 2558 τδ

149 2608 230 2687 παρ’
253 2607 321 2685 ἑμοί
346 2611 396 2671 νῦν
420 2606 564 2686 δρώμενίν
589 2607 686 2682 ἒστιν;
712 2605 802 2691 (HQ)
832 2606 871 2670 In
894 2603 928 2668 H
951 2612 999 2670 est
1023 2602 1107 2679 ἐμοί,
1132 2604 1167 2667 in
1191 2601 1233 2682 Q:
1259 2603 1345 2678 ἡμῖν.

148 2714 312 2780 Neutrum
337 2719 479 2790 rectum,
505 2713 559 2778 sed
584 2713 619 2777 τδ
643 2717 716 2793 παρ’
739 2713 836 2789 ἐμοῦ
863 2745 882 2760 -
908 2712 1062 2790 δρώμενον.

200 2944 239 3005 λ,
264 2925 342 2991 238.
390 2925 530 3010 Enipeus
553 2927 754 3011 praedicatur
775 2928 854 2991 πολὺ
875 2926 1042 2998 κάλλιστος
1065 2925 1225 2999 ποταμῶν.
1249 2922 1349 3003 Quae-

153 3037 256 3100 ritur:
289 3040 351 3103 πῶς
383 3026 431 3096 οὖν
462 3032 492 3095 ίν
524 3031 634 3096 Ἰλιοίδι
667 3033 680 3096 t
712 3031 838 3108 ’Ἂξιοςς
867 3032 962 3107 ἢτοῦ
987 3031 1043 3108 μὲν
1068 3025 1171 3105 Ἀξίου
1196 3030 1231 3093 τδ
1256 3025 1348 3107 ὕδωρ,

155 3144 212 3205 τοῦ
249 3139 280 3203 δὲ
322 3137 465 3209 Ἐνιπέος
497 3137 532 3201 τί
564 3141 668 3216 σῶμα.
702 3134 765 3203 δίεν
797 3141 849 3203 καί
880 3138 1010 3218 ε’ραστοὶ.
1042 3136 1100 3221 (V)
1132 3134 1350 3200 Buttmannus

157 3247 317 3327 ἠράσσατο
353 3245 503 3321 eomedit,
541 3245 641 3330 possis
676 3243 794 3311 lenius:
834 3241 899 3308 ὅθεν
934 3245 986 3309 καί
1020 3240 1209 3324 ἐραστίν,
1239 3261 1283 3305 so.
1315 3239 1350 3304 τὸ

155 3362 261 3432 σῶμα.
285 3349 393 3417 Simul
416 3355 562 3435 apparet.
588 3349 723 3416 alteram
748 3350 938 3417 solutionem
966 3351 1064 3432 (κατὰ
1081 3344 1179 3433 λέξιν)
1197 3346 1352 3413 excidisse

154 3465 191 3528 in
221 3459 283 3524 hae
311 3456 449 3542 epitome
480 3476 611 3541 eorum,
643 3477 723 3542 quae
754 3456 880 3542 plenius
911 3456 1065 3544 leguntur
1087 3455 1126 3520 ad
1150 3474 1197 3518 vs.
1222 3451 1288 3517 239
1313 3472 1352 3517 ex

153 3563 263 3648 Hor,
288 3563 364 3628 linet
386 3561 465 3628 haee
489 3568 521 3625 et
543 3565 613 3647 ipsa
636 3563 889 3648 compendifaeta
912 3565 986 3627 sint.

204 3788 245 3856 λ,
267 3769 343 3838 271.
392 3770 491 3842 neres
515 3808 556 3821 -—
570 3770 723 3861 μαντείαν
748 3772 857 3849 λαβὼν
881 3767 926 3836 ὅτι
950 3774 964 3834 o'
989 3770 1167 3847 τικτόμενος
1192 3777 1268 3839 παῖς
1294 3769 1353 3832 ἀπ’

154 3882 257 3947 αὐτοῦ
280 3879 400 3955 οίναιρεί
422 3875 527 3950 αὐτόν,
558 3874 750 3952 Ἐπικοίσσνν
776 3877 884 3954 γήμας
909 3882 1005 3959 γεννᾷ
1031 3875 1183 3942 Οἰδίποδα
1207 3874 1259 3938 καί
1285 3878 1353 3938 τοῦ·

155 4011 210 4054 τον
236 3984 379 4057 ἐκτίθησι.
406 3981 462 4068 (Vi
491 3983 668 4047 audiverat
691 3982 806 4059 Laius,
832 3986 951 4068 opinor,
977 3979 1022 4047 ὅτι
1043 3981 1057 4046 ὃ
1078 3980 1255 4056 τικτόμενος
1277 3987 1353 4050 ταῖς

157 4094 222 4160 ὑπ’
256 4092 351 4155 αὐτοῦ
381 4090 599 4166 ἀναιρήσει
632 4088 736 4154 αὐτόν.
769 4090 940 4154 Interieoto
963 4095 1104 4174 tempore
1129 4087 1268 4172 Oedipus
1287 4108 1354 4153 ma·

159 4206 246 4266 irem
278 4196 398 4260 inanius
420 4196 455 4258 in
479 4197 723 4259 matrimonium
748 4193 837 4259 duait
861 4195 1086 4273 ἑπιλυσοίμενος
1110 4194 1144 4258 πδ
1168 4200 1223 4266 τῆς
1249 4198 1355 4273 Σφιγ-

161 4305 219 4384 γὸς
253 4300 389 4379 αἴνιγμα
419 4303 455 4365 rt
478 4299 587 4384 λίνον,
612 4300 645 4364 τί
669 4300 792 4385 δίπους,
816 4300 848 4364 τί
870 4301 1012 4381 τρίπους,
1037 4301 1070 4367 τί
1092 4300 1277 4379 τετράπους.
1301 4300 1355 4367 καί
