2978 4950
700 160 761 229 :let

181 354 216 429 θ,
254 351 328 416 532.
363 356 448 417 Ἔνθ’
486 320 602 426 eluda
638 357 695 428 μὲν
730 355 853 425 πάντας
885 354 1033 418 ἐλάνθανε
1066 353 1183 432 δάκρυα
1214 350 1326 431 λείβων

136 458 261 526 Ulixes.
293 459 455 546 Rogetur:
488 462 538 523 διά
570 462 602 522 σι’
626 463 695 523 τοὺς
719 460 834 531 ἄλλους
861 461 1007 526 ἐλάνθανε
1031 464 1180 538 δακρύων;
1205 459 1249 524 ἔτι
1275 464 1327 526 ούκ

135 563 252 644 ἑφεξῆς
285 569 391 639 αὐτοῖς
416 567 576 643 συνέβαινε
600 566 790 646 καθέζεσθαι.
817 568 927 631 ἔπειτα
949 570 1228 646 ἀπεστραμμένος
1255 568 1326 647 πρὸς

133 673 192 744 τήν
227 672 304 747 ᾠδήν
336 710 355 721 -
374 710 393 722 -
422 673 544 744 εἱκθτως
576 674 698 751 ήγνύονν
729 674 765 736 τὸ
798 676 964 750 γινόμενον.
983 674 1042 760 (Τ)
1076 673 1326 761 Corrigendum:

135 781 415 857 άπεστραμμένοι
441 782 513 859 πρὸς
538 783 593 851 τήν
617 779 704 858 ᾠδήν.

180 989 219 1063 θ,
245 987 323 1055 537.
349 991 523 1067 Alcinous,
546 992 602 1056 ubi
628 993 785 1076 hospitem
811 993 938 1057 flentem
962 993 1205 1069 animadvertit,
1219 993 1327 1056 oontui

135 1091 235 1159 linem
274 1098 428 1180 imponit:
468 1098 649 1173 Δημόδοκος,
678 1099 704 1161 δ’
735 1099 789 1172 ήδη
823 1098 959 1178 σχεθέτω
990 1100 1159 1179 Φύρμιγγα
1191 1102 1327 1176 λίγειαν.

136 1198 225 1267 Cum
255 1202 315 1268 hoo
347 1206 449 1290 igitur
478 1204 628 1269 lemmate
658 1205 703 1268 T:
734 1207 778 1276 ὠς
804 1204 925 1277 οὕτως
950 1207 1058 1271 αὐτοὶ
1082 1204 1202 1276 εἴπας
1227 1228 1327 1268 κατα-

133 1306 283 1387 σιγάζει,
309 1317 367 1372 σιῖιν
391 1311 524 1390 δακρύων
549 1313 725 1386 αἰτιώμενος
748 1315 789 1389 τῷ
811 1310 970 1389 ξείνω...
996 1320 1109 1391 πρῶτον
1136 1313 1192 1389 μὲν
1217 1309 1326 1388 άνθριύ-

132 1436 271 1478 που....
297 1415 424 1496 ἔπασχε
447 1415 500 1488 τήν
524 1419 625 1496 τύχην
650 1419 821 1496 ὀδυρόμενος
842 1417 876 1493 ἐξ
895 1417 959 1482 οἵων
980 1420 1023 1489 εἰς
1048 1416 1096 1483 οἶα
1116 1419 1327 1501 μετελήλυθε,

130 1521 223 1597 μετά
258 1528 365 1585 ταῦτα
395 1525 427 1588 δὲ
460 1525 579 1595 κλαίει,
612 1522 660 1588 ἵνα
687 1525 833 1603 άφορμήν
857 1527 1026 1602 ἐρωτήσεως
1039 1572 1178 1589 ........
1217 1523 1328 1587 Priora

132 1627 235 1691 verbo
267 1650 400 1715 gravem
424 1631 506 1693 mihi
530 1629 635 1694 labem
663 1631 943 1714 pessumdentur,
970 1634 1127 1696 insertum
1150 1631 1325 1695 scribarum

130 1753 174 1797 en
200 1734 360 1799 editorum
386 1739 519 1801 inonrie.
551 1736 635 1801 Nem
655 1735 738 1799 nihil
754 1736 936 1823 significent
952 1739 990 1807 ὡς
1011 1736 1103 1807 ούτως
1123 1737 1208 1802 αύτα
1221 1735 1324 1808 εἴπας,

130 1843 167 1905 in
201 1842 319 1925 quibus
352 1862 443 1906 nemo
477 1843 578 1918 diost,
613 1863 713 1926 neque
737 1863 799 1927 quo
823 1846 978 1927 pertineat
1002 1844 1102 1926 αὐτά,
1127 1863 1227 1927 neque
1251 1863 1326 1925 quo

130 1948 231 2012 modo
268 1949 457 2032 capiendum
490 1951 695 2032 participium
721 1949 759 2013 de
783 1949 931 2024 Alcinoo,
957 1955 995 2013 ut
1018 1951 1160 2025 videtur,
1181 1950 1324 2025 dictum,

129 2054 239 2138 qnod,
275 2057 337 2118 nisi
374 2077 426 2119 me
460 2058 568 2119 omnis
603 2053 736 2130 fallunt,
768 2055 807 2119 de
840 2062 965 2120 cantore
998 2057 1118 2120 dietum
1151 2056 1324 2139 oportebat.

128 2159 246 2244 ltaque
266 2169 479 2226 enormiorem
501 2161 685 2226 huiusmodi
708 2161 784 2245 quid
806 2162 929 2227 dedisse
949 2162 1103 2247 suspicor:
1124 2164 1162 2232 ὡς
1183 2163 1325 2239 οἰκτρὰ

128 2266 300 2350 ᾄσαντα
324 2267 492 2338 εἰκότως
522 2267 749 2348 κατασιγάζει,
775 2267 1043 2350 quemadmodum
1069 2270 1106 2333 ad
1133 2290 1177 2332 vs.
1202 2267 1267 2331 542
1292 2272 1324 2331 in

126 2371 191 2448 HQ
227 2380 293 2438 est:
330 2372 379 2439 ἵνα
413 2377 456 2449 μή
494 2374 544 2438 τὸν
580 2374 674 2450 ξεῖνον
712 2373 869 2438 Ὀδυσσέα
907 2376 959 2437 καὶ
995 2378 1064 2447 τοὺς
1098 2375 1278 2452 ξεινοδόκονς
1304 2414 1323 2426 -

126 2480 286 2560 ε’πέλθη
320 2481 529 2560 θλιβεροῖς
570 2480 765 2563 ᾄσμασιν.
826 2479 888 2545 eed
926 2484 958 2544 in
992 2482 1043 2546 his
1078 2482 1116 2547 de
1151 2488 1324 2550 sententiae

126 2586 264 2670 quidem
298 2589 332 2650 in
364 2588 549 2651 universum
578 2593 684 2651 tenore
709 2608 770 2652 non
794 2587 906 2650 dubito
929 2589 1005 2671 quin
1030 2595 1114 2652 reete
1136 2592 1321 2667 statuerim,

126 2693 182 2757 sed
221 2714 263 2757 sn
295 2697 422 2778 propris
454 2693 593 2758 auctoris
631 2694 726 2757 verbe
758 2693 972 2757 revocaverim
1006 2702 1038 2757 et
1068 2697 1135 2777 ipse
1165 2716 1226 2759 non
1250 2718 1322 2760 sum

126 2801 330 2865 certissimus
357 2821 459 2885 neque
483 2799 562 2864 adeo
587 2798 664 2864 alios
690 2800 884 2880 dissensuros
907 2800 1056 2864 mirabor.
1105 2799 1233 2866 Caetera
1257 2805 1322 2866 iem

126 2905 219 2970 nullo
254 2910 382 2993 negotio
418 2907 519 2971 veluti
556 2927 593 2969 ex
627 2906 708 2970 Orco
737 2906 975 2970 excitabuntur:
1004 2909 1042 2976 ως
1068 2908 1173 2985 οἰκτρά
1197 2907 1322 2990 ᾅσαντα

126 3012 254 3084 εἰκότως
279 3013 508 3094 κατασιγάζει,
522 3020 581 3076 τῶν
602 3012 736 3090 δακρύων
758 3014 935 3088 αἰτιώμενος
956 3015 998 3092 τῷ
1017 3011 1102 3090 ξείνῳ
1120 3017 1203 3097 (τήν
1224 3015 1322 3094 ᾠδήν

126 3120 275 3185 αἰτίαν
310 3116 436 3196 εἶναι,
463 3101 524 3200 4ὃς)
559 3125 673 3195 πρῶτον
698 3119 753 3194 μὲν
777 3119 930 3196 άνθρύπον
956 3119 1004 3202 (δι’
1013 3123 1093 3202 unu)
1118 3120 1244 3201 ἔπασχε
1268 3126 1322 3193 τήν

126 3225 233 3304 τύχην
268 3227 440 3303 ύδορύμενος
478 3225 512 3302 ἐξ
547 3223 612 3288 οἵων
645 3227 686 3295 εἷς
719 3219 768 3287 οἶα
798 3226 1005 3300 μετελήλυθε,
1037 3227 1123 3300 μετά
1153 3233 1258 3290 ταῦτα
1289 3230 1319 3293 δὲ

126 3333 255 3410 κλαίει,
286 3330 335 3396 ἵνα
359 3335 503 3410 άφορμήν
528 3333 696 3411 ἐρωτήσεως
726 3330 959 3413 ιπαράσχη).
1008 3328 1140 3396 (laetere
1163 3354 1322 3398 commen·

126 3440 212 3505 terio
248 3460 309 3502 non
341 3440 502 3526 indigent3
539 3459 618 3522 quse
649 3437 795 3521 supplevi
826 3445 898 3522 post
921 3440 962 3516 τῷ
985 3435 1086 3530 ξείνῳ,
1117 3440 1176 3503 leui
1200 3448 1321 3505 veteres

126 3552 279 3618 secutus,
293 3547 360 3630 .qoi
383 3548 509 3629 saepius
533 3544 591 3610 hoc
615 3544 739 3607 dicendi
761 3544 856 3607 modo
876 3550 1024 3618 utuntur,
1047 3547 1137 3608 ouius
1157 3547 1201 3609 rei
1221 3566 1322 3629 pauco

126 3652 279 3737 exemplo
298 3653 486 3718 adscribam.
520 3651 613 3714 Dixit
633 3648 807 3733 Xenophon
829 3652 942 3723 (Anah.
963 3648 1001 3724 V,
1024 3649 1051 3713 V
1072 3651 1089 3733 ᾖ
1110 3650 1175 3731 lei:
1199 3654 1322 3731 ήτιῶντο

126 3762 158 3826 δὲ
196 3761 250 3823 τδν
281 3761 354 3835 παρ’
386 3763 468 3834 ὑμῶν
499 3758 653 3832 άρμοστήν
685 3758 798 3818 τούτων
829 3755 926 3819 αἴτιον
950 3752 1041 3838 εἶναι,
1066 3756 1148 3821 dixit
1171 3757 1264 3822 Plato
1288 3759 1320 3822 in

126 3866 253 3952 Hippia
276 3865 401 3929 Minore
426 3886 452 3927 o.
477 3861 537 3926 XV
563 3867 608 3946 (p.
631 3860 696 3927 372
718 3860 774 3944 ltj:
797 3864 944 3938 αἰτιῶμαι
969 3862 1074 3925 diroti
1100 3868 1149 3926 νῦν
1173 3863 1320 3942 παρθντος

126 3974 317 4047 παθήματος
352 3971 422 4040 τοὺς
454 3969 620 4044 ἔμπροσθεν
653 3967 764 4043 λύγους
796 3970 911 4039 αἱτιόιις
942 3965 1035 4044 εἶναι,
1071 3969 1153 4033 dixit
1175 3970 1260 4033 idem
1285 3974 1319 4035 in

126 4079 266 4144 Philebo
296 4099 323 4142 e.
355 4076 404 4141 XI
433 4078 475 4159 (p.
502 4074 544 4137 22
568 4072 630 4158 Di:
656 4073 748 4153 τάχα
774 4080 836 4150 γάρ
860 4073 898 4139 ov
921 4080 974 4138 τοῦ
999 4079 1094 4138 κοινοῦ
1117 4077 1224 4140 τούτου
1247 4077 1317 4153 βίον

126 4184 289 4266 αἰτιώμεθ’
324 4184 363 4247 ἂν
393 4182 535 4258 ἑκάτερος
567 4182 581 4245 θ
613 4181 669 4256 μὲν
700 4180 752 4243 τὸν
783 4186 847 4244 νοῦν
871 4179 983 4263 αἴτιον,
1009 4181 1021 4243 ὁ
1047 4183 1073 4245 δ’
1098 4182 1200 4256 ήδονήν
1222 4179 1316 4262 εἶναι,

126 4299 226 4377 nique
251 4289 328 4354 tolie
351 4291 469 4374 passim
495 4287 663 4363 dixerunt,
689 4286 773 4351 unde
796 4287 917 4351 imitati
941 4294 1015 4351 sunt
1038 4290 1206 4372 sequiores.
