2978 4950
710 215 776 285 228

149 404 321 493 Odysseam
347 407 427 472 mihi
451 427 534 469 nuuc
559 406 798 492 deprehendisse
822 410 911 473 risus
933 430 1024 486 sum,
1046 416 1171 496 praeter
1189 434 1244 481 eas
1264 433 1278 499 q

149 520 180 579 et
203 515 306 579 obiter
329 517 362 577 in
387 512 645 579 antecedentibus
668 518 700 577 et
723 513 802 578 olim
827 514 935 580 dedita
959 537 1054 600 opera
1079 519 1113 582 in
1137 516 1278 587 Observa

149 620 245 685 nibus
268 621 418 687 indicari.
442 618 531 694 Quos
553 638 662 684 omnes
684 622 711 683 si
736 622 769 684 in
792 642 892 685 unum
918 622 1141 708 conferuntur,
1171 645 1278 693 numer

151 725 237 792 haud
271 746 345 792 sane
381 728 536 813 exiguum
573 722 728 804 efficient,
766 746 801 791 ao
835 749 1061 813 nonnunquam
1097 733 1209 797 ruirari
1243 752 1278 797 su

150 852 260 897 eornm
284 832 440 898 scribendi
464 832 553 917 qnasi
577 834 787 919 pruriginem,
813 834 929 917 quihus
953 834 1031 900 talia
1055 836 1210 904 debemus
1237 859 1278 924 qu

151 939 203 1003 hie
215 937 283 1004 illie
295 938 480 1024 expellenda
493 938 715 1004 demonstravi.
742 938 848 1004 Unum
861 940 935 1005 hinc
948 940 1072 1007 utiliter
1083 944 1252 1029 docemur,
1264 965 1278 1030 q

150 1044 209 1109 hos
227 1047 261 1109 in
280 1053 402 1113 veteres
422 1046 588 1131 scriptores
608 1047 692 1131 ipsos
709 1067 745 1110 ac
762 1050 947 1130 praesertim
968 1047 1136 1115 intellectu
1147 1048 1278 1116 difficili<

150 1151 297 1218 intulisse
327 1158 496 1238 putemus,
528 1151 583 1236 qui
612 1173 652 1217 ne
675 1153 708 1216 in
733 1154 848 1217 nostris
872 1154 1001 1237 quidem
1026 1157 1212 1222 auctoribus
1234 1177 1278 1223 exc

151 1258 262 1344 pendis
284 1257 560 1342 describendisque
583 1258 644 1322 sibi
669 1242 845 1344 temperare
864 1262 1040 1344 potuerint,
1061 1265 1278 1346 quineossem

149 1367 271 1450 inepte,
301 1384 541 1449 nonnumquam
573 1384 669 1449 supra
698 1385 795 1449 quam
827 1365 890 1430 dici
920 1373 1025 1452 potest
1055 1368 1173 1434 stolide
1195 1368 1278 1434 ann

148 1470 382 1556 interpolarent.
408 1470 516 1556 Atque
546 1469 628 1535 illud
640 1470 785 1555 equidem
806 1473 887 1547 scio,
913 1478 1030 1557 quanta
1049 1476 1199 1540 cantione
1216 1477 1278 1540 ins

149 1578 271 1642 toribus
302 1577 335 1642 id
358 1598 460 1665 genus
483 1597 561 1663 opus
584 1579 628 1641 sit
651 1579 683 1641 in
707 1576 911 1643 emblematis
933 1579 1130 1665 iudicandis,
1156 1584 1210 1666 qui
1231 1601 1278 1648 mu

149 1683 339 1750 addiderunt
358 1704 438 1770 qnae
457 1686 563 1750 sanior
586 1686 758 1768 antiquitas
784 1689 819 1748 ut
842 1684 1001 1768 superflua
1023 1686 1213 1765 delevisset,
1234 1708 1278 1771 neq

147 1789 231 1857 illud
263 1794 393 1879 ignoro.
422 1811 531 1856 omnes
554 1790 736 1876 posterioris
757 1794 825 1857 aevi
850 1792 1025 1877 sophistas,
1048 1793 1208 1879 rhetores,
1230 1812 1278 1882 gra

148 1901 282 1966 maticos
304 1901 393 1964 inani
417 1897 587 1963 verborum
610 1917 726 1982 pompa
750 1917 845 1980 quam
870 1899 1011 1964 maxime
1034 1899 1194 1965 delectari.
1226 1898 1278 1983 Itaq

149 2005 337 2092 procedente
367 2009 470 2069 aetate
500 2004 621 2068 cautior
652 2003 754 2069 factus
786 2024 870 2068 nuuc
901 2024 937 2069 ea
960 2011 1087 2070 tantum
1111 2004 1240 2072 delenda
1257 2025 1278 2091 pr

146 2115 256 2198 posui,
282 2112 398 2198 quibus
418 2109 546 2196 aliquod
566 2110 679 2183 νοθείας
700 2116 928 2198 argumentum
948 2115 1145 2179 extrinsecus
1165 2111 1278 2180 amedeo

147 2219 229 2285 illud
264 2219 443 2304 imprimis,
479 2219 531 2282 cui
564 2219 618 2302 qui
652 2237 727 2281 seno
757 2219 921 2303 sobrioque
950 2218 1068 2285 iudicio
1100 2225 1149 2285 est
1171 2216 1278 2305 praedit

146 2346 209 2392 non
232 2325 325 2392 facile
347 2325 554 2410 obloquetur,
579 2325 605 2388 si
629 2323 830 2409 interpolatio
852 2326 953 2410 ipsius
976 2327 1114 2391 auctoris
1133 2325 1278 2393 manifesti

147 2435 338 2498 sententiam
369 2434 402 2496 in
434 2430 497 2495 alia
528 2432 636 2495 omnia
670 2432 832 2514 pervertit.
879 2430 973 2495 Nunc
1009 2438 1079 2517 post
1114 2430 1278 2520 longissime

148 2540 386 2627 divagationem
417 2537 456 2602 ad
488 2539 591 2622 quarti
624 2536 698 2601 libri
721 2535 841 2601 scholia
864 2538 973 2603 ordine
995 2537 1215 2624 perlustranda
1233 2535 1278 2603 rod

193 2755 227 2830 δ,
253 2750 308 2817 81.
347 2749 511 2816 Menelaus
535 2748 618 2834 apud
642 2746 847 2812 Pisistratum
873 2754 905 2813 et
929 2749 1157 2818 Telemachum
1184 2752 1278 2840 glorie

147 2861 269 2946 opibus.
296 2858 489 2923 Observatur
508 2859 539 2920 in
559 2854 673 2934 MHQ:
699 2856 739 2925 εἰς
761 2853 910 2919 σύστασιν
932 2857 1020 2936 περὶ
1043 2864 1097 2924 τοῦ
1111 2854 1278 2934 seidonai}

146 2969 176 3033 δὲ
209 2974 266 3031 τῶν
296 2967 328 3030 ἐκ
360 2964 447 3029 πόνου
472 2961 726 3036 πεπλουτηκότων
750 2962 930 3039 διηγεῖσθκι.
956 2967 1006 3028 xxi
1033 2966 1066 3029 τὸ
1091 2969 1147 3043 μὲν
1172 2972 1278 3040 scarie

148 3074 233 3154 napis
265 3073 415 3154 rpoydvov
447 3070 569 3150 μικράν,
599 3069 632 3132 τὸ
664 3069 695 3131 δὲ
719 3071 892 3142 κτήσασθαι
917 3073 1030 3152 μεῖζον.
1078 3071 1207 3159 Duplex
1228 3070 1278 3138 in?

147 3183 263 3247 vitium
287 3194 345 3246 est.
391 3178 538 3242 Primum
562 3177 648 3241 enim
669 3175 819 3247 σύστκσις
844 3177 909 3256 περὶ
934 3182 987 3241 τοῦ
1013 3178 1146 3253 πλήθους
1171 3199 1231 3245 nou
1250 3176 1277 3243 id

146 3287 253 3353 valere
292 3292 396 3372 potest
430 3307 465 3349 ac
500 3284 550 3348 broi
592 3285 625 3346 τὸ
666 3283 790 3357 πλῆθος.
838 3282 874 3346 In
911 3283 938 3362 Q
981 3306 1036 3370 pro
1082 3288 1148 3367 περὶ
1193 3285 1278 3352 scribi

147 3396 196 3458 τὰ
232 3394 358 3475 παρὰ,
394 3391 566 3474 eademque
600 3400 674 3452 suut
708 3391 740 3451 in
777 3389 809 3452 H
844 3388 960 3472 (Praei.
993 3413 1024 3477 p.
1056 3394 1089 3477 n)
1124 3390 1278 3479 compendi

145 3502 273 3585 scripta.
297 3499 407 3582 ltaque
431 3514 544 3562 verum
568 3501 629 3560 est:
658 3495 698 3564 εἷς
722 3495 870 3558 σύστασιν
896 3498 966 3571 τὴν
992 3498 1101 3578 nepai
1123 3504 1177 3563 τοῦ
1197 3499 1278 3573 ornile

144 3606 210 3672 Nec
234 3604 356 3690 reliqua
380 3603 493 3668 mendo
516 3607 630 3667 carent.
663 3599 747 3664 Nam
772 3602 803 3664 iu
829 3601 895 3665 his:
921 3603 954 3667 rb
979 3605 1036 3680 μὲν
1062 3609 1227 3679 κεκτῆσθαι
1249 3628 1278 3669 rr

145 3710 296 3793 προγόνων
328 3710 450 3790 μικρόν,
481 3708 515 3772 τὸ
541 3707 571 3771 δὲ
597 3706 769 3780 κτήσαισθκι
793 3705 912 3784 μεῖζον,
940 3709 1027 3775 deest
1051 3714 1210 3797 oppositio
1241 3731 1278 3796 qu

145 3821 285 3885 maxime
320 3816 492 3883 necessaria
523 3821 555 3879 et
579 3817 646 3878 sine
670 3834 732 3898 qua
758 3833 882 3897 prorsus
906 3815 988 3880 nihil
1013 3816 1141 3882 dieitur.
1191 3816 1278 3883 Sedr

144 3933 192 3989 est
227 3924 361 3990 arduum
392 3923 559 4009 negotium
592 3922 707 3986 amissa
738 3939 930 4003 recuperare.
980 3920 1065 4002 Quid
1097 3924 1261 4010 opponitur

144 4032 228 4111 stapel
254 4027 404 4108 προγόνων
428 4023 611 4098 scuriolas?
636 4023 807 4090 Videlicet:
834 4025 959 4098 αὐτὸς
983 4028 1014 4092 δὲ
1033 4030 1208 4104 articarius
1220 4025 1278 4119 μεῖζ

144 4138 239 4221 idque
262 4140 295 4200 in
318 4136 353 4200 τὸ
377 4135 475 4200 latere
499 4140 620 4220 putem.

184 4347 218 4422 t,
243 4343 296 4409 86.
332 4342 502 4410 Difficilius
534 4350 582 4409 est
606 4343 689 4429 quod
712 4364 796 4407 nuno
823 4346 978 4429 sequitur.
1027 4347 1146 4415 Narrat
1170 4344 1278 4417 Meneh
