2978 4950
697 168 761 255 '325

126 360 178 441 τέν
211 374 389 458 Ἀχιλλέα,
424 381 586 461 praetores
615 377 697 441 infre
729 380 750 462 (ι
776 375 873 460 275):
907 375 952 441 ὅτι
976 375 1039 455 γαρ
1064 361 1168 441 turm
1192 364 1321 459 (caeteri

126 479 301 568 Syolopes)
321 483 374 546 οὐκ
393 478 471 556 ἦσαν
491 479 572 547 οέέεοι
594 484 778 561 παρίστησιν
799 484 812 547 ὃ
831 484 955 557 ποιητηο
976 481 1076 567 λέγειν
1097 495 1181 554 κτλ..
1203 477 1318 545 κ517;

126 587 266 653 Ἐνταῦθα
291 588 305 651 ὁ
329 590 454 663 ποιητὴς
479 622 499 637 -
514 623 533 637 -
558 590 724 666 παρίστησι
746 624 766 639 ·
780 624 799 638 -
820 589 991 658 οὶέοννοέτους
1016 582 1092 653 εἶναι
1116 587 1175 656 τοὶς
1196 584 1320 666 ψυχάς.

126 696 233 760 etsie
259 695 387 779 passim.

173 917 205 978 r,
244 891 319 958 112.
361 892 563 968 Θεμιστεύειτ
601 883 755 957 κατὰτὸ
791 892 922 977 δίκαιον,
958 889 1035 958 ὅσιον
1065 891 1318 978 Praeteritum

126 997 284 1085 Oportet:
309 999 394 1062 κατὰ
418 997 453 1062 τὸ
477 999 589 1064 δίκαιον
613 1000 707 1084 (καὶ)
737 993 813 1064 ὅσιον
837 999 1012 1077 βασιλεύει.

175 1210 228 1276 Ad
254 1235 280 1288 r,
307 1209 372 1275 240
397 1212 575 1296 quaeritur:
601 1216 664 1279 πῶς
688 1210 718 1274 δέ
743 1211 796 1273 οὐκ
821 1210 950 1288 ἄλογον,
975 1207 1026 1274 ὅτε
1049 1210 1104 1286 μέν
1131 1205 1321 1289 ἠρημωμένον

131 1310 163 1390 ἦν
189 1319 225 1381 τὸ
251 1319 418 1392 σπήλαιον,
444 1313 548 1395 ἄέυρον
569 1317 646 1380 αὐτὸ
675 1326 880 1390 καταλιπεῖν.
908 1316 986 1382 ἔνδον
1012 1317 1042 1381 δὲ
1066 1315 1227 1395 γενόμενον
1252 1316 1320 1380 έπι-

133 1425 262 1501 xistum
295 1424 364 1488 καὶ
393 1428 512 1487 τοῦτο
544 1424 638 1502 πρὸς
669 1427 733 1489 τὸν
762 1425 894 1502 μῦθον.
922 1424 995 1503 ὑπὲρ
1019 1427 1071 1488 τοῦ
1095 1424 1139 1498 μη
1164 1421 1321 1501 διαδρᾶναι

133 1533 202 1602 τοὺς
234 1529 353 1602 ξένους,
386 1532 402 1605 ἢ
435 1527 484 1594 ἵνα
516 1532 560 1608 μη
589 1504 749 1611 έπεισέλέη
773 1530 815 1594 τοὶ
839 1528 962 1608 ἄρσενα.
991 1528 1041 1615 (T)
1068 1528 1168 1594 Utin
1192 1530 1242 1593 his
1266 1526 1323 1593 ali·

135 1637 212 1723 quid
243 1635 349 1701 deesse
381 1638 585 1714 convincam,
618 1637 759 1720 primum
790 1638 1010 1721 exponendum
1042 1639 1120 1718 erit,
1145 1656 1206 1719 quo
1230 1656 1323 1700 sensu

135 1742 319 1828 recipienda
353 1745 416 1807 sint
452 1742 547 1808 verba
583 1742 635 1805 καὶ
673 1746 762 1806 τοῦτο
793 1747 864 1821 πρὸς
897 1744 948 1807 τὸν
978 1744 1081 1820 μῦθον.
1118 1742 1204 1822 Quae
1229 1762 1322 1807 nemo

135 1848 254 1914 melius
283 1849 546 1933 interpretabitur
576 1868 671 1932 quum
704 1851 771 1933 ipse
801 1849 1015 1936 Porphyrius,
1040 1886 1081 1896 -
1107 1855 1213 1914 nostre
1237 1850 1322 1913 enim

133 1976 173 2020 ex
202 1955 301 2018 huius
334 1945 579 2034 Quaestionibns
609 1975 675 2019 esse
704 1963 851 2040 excerpts
873 1977 936 2020 non
960 1938 1007 2020 est
1032 1956 1114 2040 quod
1135 1954 1256 2032 dicam,
1281 1991 1320 2004 -

132 2061 171 2126 ed
194 2085 214 2125 κ
237 2059 282 2123 20
308 2060 346 2125 de
370 2059 471 2126 Aeolo
497 2064 627 2146 eiusque
652 2066 684 2126 in
710 2071 818 2127 ventos
838 2062 972 2146 imperio
993 2061 1167 2146 disputans.
1192 2060 1247 2152 Ex¹
1261 2081 1323 2146 que

134 2166 351 2253 disputatione
374 2188 458 2231 nuno
489 2187 525 2232 es
557 2175 683 2232 tantum
715 2188 847 2253 ponem,
880 2188 959 2250 quoe
987 2166 1027 2231 ad
1050 2173 1192 2231 nostrum
1216 2165 1322 2231 looum

133 2273 408 2359 interpretandum
429 2273 568 2357 faciunt,
590 2282 711 2339 caetera
731 2277 971 2358 corruptissimo
990 2278 1098 2359 postea
1117 2272 1324 2338 deindnstria

132 2384 396 2467 pertractaturos.
422 2379 472 2444 διὰ
498 2382 530 2445 τι’
552 2383 606 2445 οὐκ
630 2380 723 2452 αὐτὸς
748 2379 892 2465 (Aeolus)
916 2379 1050 2460 κατέχει
1080 2379 1149 2451 τοὺς
1174 2378 1322 2458 ἀνέμους,

131 2487 223 2566 μένον
245 2487 396 2558 κελεύσας
421 2488 555 2568 Ζέφυρον
578 2496 678 2565 πνεῖν;
700 2486 879 2571 Respondet
892 2485 1103 2573 Porphyrius:
1123 2485 1322 2559 εἴληπται

131 2595 206 2672 μέν
230 2594 272 2657 τὸ
298 2593 472 2669 πλοέσμα
497 2594 591 2673 πρὸς
615 2595 680 2657 τὸν
704 2593 858 2671 καιρόν,
885 2591 940 2656 διὸ
967 2593 1006 2657 οὐ
1032 2593 1092 2657 δεῖ
1114 2589 1249 2672 ζητεῖν
1272 2593 1321 2656 τοὶ

132 2705 329 2766 τοιαῦτα·
363 2701 561 2765 erstem
586 2699 674 2785 (γὰρ
699 2700 772 2784 ins.)
799 2699 846 2763 roi
870 2705 942 2763 τῶν
966 2700 1105 2777 μύθων.
1148 2698 1323 2765 Saluberri·

131 2827 226 2873 mum
263 2814 465 2892 praeceptum
501 2827 537 2871 eo
573 2807 758 2890 prudentiae
793 2807 856 2871 fere
887 2805 1126 2882 Aristarchess,
1160 2826 1254 2891 quern
1287 2807 1322 2869 in

131 2913 236 2980 simili
273 2935 305 2977 re
339 2911 458 2977 alicubi
489 2912 646 2978 dicentem
677 2914 877 2979 audivimus:
904 2913 1001 2977 δοτέον
1025 2912 1056 2977 δὲ
1080 2915 1121 2993 τῷ
1146 2922 1254 2995 ποιητῇ
1279 2914 1322 2977 τοὶ

134 3025 280 3086 τοιαῦτα.
328 3018 388 3083 Ser
411 3018 613 3084 Aristarchus
637 3022 704 3084 suis
727 3022 794 3104 ipse
817 3022 991 3105 praeceptis
1014 3021 1231 3105 obtemperare
1251 3041 1321 3085 oon·

132 3128 258 3204 suerit,
291 3125 488 3211 Porphyrius
518 3126 575 3189 ubi
606 3146 733 3191 eausam
765 3126 915 3191 subtilius
943 3127 1152 3212 quaerendum
1176 3148 1242 3193 esse
1265 3149 1321 3193 ne·

131 3235 241 3321 gavit,
274 3234 422 3296 continno
454 3253 566 3296 causas
597 3233 714 3316 profert
745 3238 801 3298 eut
824 3253 842 3297 e
865 3254 897 3298 se
920 3242 976 3298 sut
1000 3234 1039 3298 ab
1063 3232 1135 3298 aliis
1158 3233 1320 3299 subtiliter

131 3342 338 3426 excogitatus.
386 3337 475 3404 Ferit
499 3338 557 3404 hoo
581 3348 612 3404 et
636 3339 733 3416 olibi,
759 3348 791 3405 et
814 3361 850 3405 eo
874 3361 969 3424 quem
993 3338 1163 3404 attulimus
1182 3339 1268 3416 loos,
1288 3352 1320 3404 et

131 3457 259 3530 nostro,
285 3446 340 3510 ubi
362 3467 445 3510 nuno
469 3448 546 3511 setis
569 3449 632 3511 iam
657 3455 764 3531 petere
787 3449 897 3531 opinor
920 3447 1141 3533 corrigendum
1161 3467 1245 3512 esse:
1267 3446 1317 3510 καὶ

132 3558 223 3618 τοῦτο
248 3551 319 3631 πρὸς
344 3552 395 3614 τὸν
419 3555 520 3628 μῦθον.
546 3550 618 3639 (Ἢ)
641 3554 713 3631 ὑπὲρ
737 3555 790 3617 τοῦ
815 3555 859 3628 μη
883 3552 1040 3631 διαδρᾶναι
1065 3553 1134 3622 τοὺς
1159 3553 1276 3630 ξένους,
1302 3553 1319 3629 ἢ

132 3655 182 3725 ἵνα
206 3659 250 3736 μη
276 3656 436 3738 ἕπεισέλθη
461 3659 502 3722 τοὶ
527 3658 657 3738 ἄρσενα,
677 3681 716 3724 ne
736 3660 782 3723 rei
799 3679 893 3724 causo
913 3657 1011 3723 simul
1030 3664 1062 3724 et
1081 3680 1144 3724 non
1163 3659 1320 3725 reddenda

131 3774 165 3832 et
187 3764 345 3830 reddenda
370 3785 436 3829 esse
460 3764 594 3830 diostur.
625 3763 713 3829 Haeo
738 3773 845 3830 nostra
864 3787 937 3829 oum
959 3768 1018 3842 iis,
1039 3787 1119 3851 quoe
1138 3765 1320 3830 illustrandi

132 3892 227 3938 seusu
260 3891 299 3935 ex
332 3896 350 3934 κ
381 3868 424 3936 20
457 3869 643 3953 attulimus,
676 3877 761 3936 arete
785 3872 949 3936 cohaerere
973 3871 1087 3949 videri,
1114 3893 1198 3938 nuno
1222 3873 1321 3937 obiter

136 3982 259 4045 tuntum
283 3979 370 4043 etin
395 3985 575 4042 transcursu
599 3997 721 4043 moneo.

180 4200 206 4253 ι,
234 4171 356 4258 391.1)
387 4173 579 4239 Etiamnunc
611 4175 802 4258 quaestionis
815 4141 1011 4260 'excerptum
1035 4174 1148 4240 leviter
1174 4176 1319 4262 suppleri·

138 4289 305 4301 ...—

163 4341 192 4407 1)
209 4342 318 4391 Pertinet
335 4341 440 4390 soholion
459 4342 538 4406 potius
558 4343 586 4391 sd
605 4356 649 4391 sss.
667 4342 730 4400 894,
749 4340 805 4391 395.
