2978 4950
633 195 673 275 θί

66 396 198 474 „excidit
220 395 383 467 ἀπθυτος.”
404 395 542 481 Reliqua
564 397 661 461 huius
685 397 810 484 generis
833 394 993 478 permulta
1016 395 1125 478 postea
1142 386 1251 454 ordine

65 503 265 589 pertractabo.

104 738 144 791 α,
178 711 254 778 378.
288 712 484 790 ἐπιβώσομαι
516 715 685 798 exponitur
716 712 940 796 ε’πιβοιὶσομαι,
1081 716 1249 791 ἐπιμαρ-

65 820 269 899 τθρομαι,«
290 819 539 903 έπικαλέσυμαι,
562 820 618 884 ubi
643 819 727 903 quod
750 819 895 883 medium
918 818 1039 905 legitur
1062 820 1196 884 verbum
1220 821 1254 883 in

66 928 380 1006 ἐπιμαρτυροῦμαι
403 923 588 1012 refingatur.

105 1140 157 1204 Ad
188 1165 231 1215 α,
268 1138 334 1205 389
364 1142 483 1205 iterum
515 1137 689 1222 Porphyrii
719 1136 845 1217 ζήτημα
875 1142 939 1221 est,
970 1140 1004 1202 in
1028 1138 1131 1203 tribus
1154 1134 1252 1202 Oodd.

67 1251 244 1330 muratum,
268 1248 475 1333 integerrime
499 1246 532 1307 in
556 1244 607 1328 H,
638 1246 746 1307 minus
776 1247 900 1330 integre
924 1283 964 1291 —
991 1248 1028 1307 ut
1059 1243 1187 1321 videtur
1211 1281 1252 1292 -

67 1355 96 1416 iu
122 1352 171 1426 D,
205 1351 364 1438 flagitiose
389 1357 588 1417 contractum
611 1351 645 1413 in
668 1349 713 1433 a,
738 1352 829 1413 euius
851 1353 975 1435 partem
997 1353 1061 1414 iam
1086 1352 1120 1414 in
1145 1349 1255 1415 Obser-

68 1466 140 1522 vatt.
175 1459 221 1542 (p.
248 1457 304 1544 45)
341 1460 526 1545 tetigimus,
562 1476 647 1520 nunc
680 1455 804 1540 reliqua
837 1476 1073 1540 persequemur.
1120 1456 1256 1522 Summa

68 1564 289 1649 disputationis
312 1565 390 1628 haeo
415 1569 473 1627 est.
508 1562 650 1627 Antinoo
673 1561 801 1626 Ithacae
824 1583 960 1649 regnum
979 1563 1141 1654 invidiose
1165 1563 1255 1628 Tele·

69 1669 178 1735 macho
214 1670 414 1754 deprecanti,
441 1708 481 1717 —-
507 1672 551 1745 μή
588 1669 623 1731 σε’
658 1670 692 1744 γ’
728 1668 758 1730 ἒν
788 1669 946 1748 ἀμΦιάλῳ
978 1668 1081 1748 Ἰθάκρ
1111 1669 1253 1746 βασιλῆα

70 1777 187 1855 Κρονίων
210 1774 227 1848 ΙΙ
249 1777 417 1859 ποιήσειεν,
442 1774 460 1839 θ’
481 1799 525 1839 τοι
551 1784 644 1856 γενεῇ
668 1775 820 1853 πατρώϊόν
840 1776 922 1839 ἐστιν
943 1783 1003 1855 (vs.
1019 1774 1094 1853 386,
1110 1775 1190 1861 387)
1212 1815 1253 1825 -
1326 1785 1329 1791 “

70 1883 114 1948 hic
136 1885 185 1948 ita
209 1883 391 1967 respondet:

199 1990 254 2054 καί
277 2014 327 2053 κεν
351 1991 434 2053 τοῦτ’
459 1989 589 2065 ἐθέλοιμι
614 1988 687 2061 Διός
711 2013 750 2066 γε
775 1987 903 2060 διδόντος
927 1989 1063 2068 ἀρέσθαι.

201 2095 304 2176 ἥφνς
328 2099 417 2160 τοῦτο
441 2094 587 2158 κάκιστον
610 2097 640 2157 ἐν
665 2094 840 2174 ἀνθρώποισι
865 2095 1036 2175 τετύχθαι;

199 2205 232 2266 οῦ
258 2203 315 2279 μὲν
338 2200 401 2281 γάρ
424 2227 455 2266 τι
479 2201 574 2266 κακὸν
596 2200 823 2277 βασιλευέμεν·
849 2196 934 2282 αἶψά
958 2202 993 2265 σε’
1017 2203 1042 2266 οἱ
1067 2203 1104 2267 δῦ

202 2311 329 2389 ἀφνειὸν
353 2307 484 2372 πέλεται
508 2309 561 2371 καί
585 2308 782 2388 τιμηέστερος
807 2308 912 2380 αῦτθς.
933 2312 993 2392 (vs.
1010 2307 1212 2393 390-393.)

72 2414 153 2480 Haec
176 2417 313 2510 inpersis
335 2415 472 2499 periodis
495 2405 676 2498 accipienda
695 2414 767 2480 vult
790 2414 1004 2502 Porphyrius,
1024 2455 1065 2466 —
1085 2418 1258 2497 ἀνεστραμ-

72 2521 159 2596 μίνυς
183 2531 239 2595 τῆς
265 2522 400 2602 περίοδον
423 2523 604 2604 ἀκουστέον,
619 2558 659 2569 -
674 2524 721 2586 ita
743 2527 781 2586 ut
804 2529 911 2587 mente
934 2525 1122 2606 praecedant
1149 2547 1258 2590 versus

73 2627 150 2700 392.
173 2627 241 2692 393
265 2629 312 2714 (οῦ
335 2629 392 2702 μὲν
417 2630 480 2707 γάρ
504 2653 533 2692 τι
563 2664 615 2677 --
630 2664 649 2677 -
674 2629 870 2707 τιμηέστερος
895 2629 1014 2714 αὐτός),
1040 2652 1149 2696 versus
1174 2631 1258 2710 390,

71 2733 128 2800 391
166 2736 226 2801 hos
258 2736 435 2819 excipiant,
468 2735 537 2820 (καί
569 2759 618 2798 κεν
648 2737 733 2799 τοῦτ’
758 2735 888 2812 ἐθέλοιμι
1026 2738 1055 2800 ἐν
1081 2740 1258 2817 ἀνθρώποισι

70 2843 234 2927 τετύχθαι)
246 2863 321 2908 nam
335 2842 384 2906 bis
396 2845 539 2926 positum
552 2847 641 2906 τοῦτο
657 2880 698 2890 -
711 2844 816 2926 inquit
830 2881 871 2890 —
885 2863 947 2907 non
959 2847 1064 2928 priora
1076 2847 1207 2931 respicit
1219 2844 1258 2909 ab

70 2949 208 3015 Andnoo
227 2949 330 3025 dicta,
354 2949 438 3033 quod
462 2951 608 3033 ineptum
631 2948 732 3025 foret,
755 2949 809 3013 sed
829 2953 1009 3033 sequentia:
1031 2952 1064 3014 οὐ
1084 2952 1140 3027 μὲν
1153 2952 1215 3030 γάρ
1228 2975 1257 3015 τι

72 3056 163 3120 κακὸν
182 3054 405 3132 βασιλευέμεν.
453 3055 541 3134 Quae
560 3055 637 3119 haec
659 3056 777 3139 excipit
800 3059 1055 3142 argumentatio,
1080 3079 1116 3122 ea
1135 3061 1182 3123 ita
1199 3061 1260 3123 erit

71 3164 305 3230 constituenda:
326 3162 415 3227 Ἐπεί
435 3163 498 3240 γὰρ
519 3162 556 3232 ὡς
578 3163 607 3224 έν
626 3163 706 3243 εὐχῇ
728 3162 891 3240 προήγαγε
912 3163 964 3226 τὸν
985 3162 1077 3241 λθςνον
1103 3162 1258 3237 Ἀντίνους

73 3274 134 3349 ,μή
156 3272 227 3348 σέρ)
253 3271 283 3333 ἒν
307 3269 479 3349 ἀμΦιάλῳ”
503 3283 586 3346 κτλ,
609 3267 825 3348 ἀπευχθμενος
849 3268 900 3332 tet
924 3271 958 3333 τὸ
977 3279 1067 3345 μῖσος
1087 3274 1140 3346 τὴν
1158 3270 1260 3348 τεῦξιν

70 3389 122 3453 τῆς
154 3381 275 3459 ἀρχῆς,
306 3376 501 3457 Τηλέμαχος
526 3378 586 3455 οὐχ
609 3379 647 3447 ἀς
673 3377 780 3463 ἐχθροῦ
805 3384 1013 3453 προσποιεῖται
1038 3381 1092 3452 τὴν
1116 3380 1261 3459 ἀτευχὶιν

68 3492 121 3551 τοῦ
158 3485 299 3562 ἀγαθοῦ,
336 3481 412 3547 ἀλλ’
445 3485 484 3554 ὡς
516 3485 610 3562 Φίλου
643 3481 724 3552 ὄντος
755 3483 901 3562 ἀπευχιίν
931 3505 1010 3553 τινος
1040 3489 1153 3548 κακοῦ·
1178 3486 1260 3570 (καί

68 3593 155 3673 add.)
186 3594 241 3656 οῦκ
273 3589 417 3671 ἐλέγχων
449 3586 493 3653 ὅτι
527 3587 561 3664 ἐξ
593 3588 768 3668 ἀπεχθείας
793 3591 960 3662 πεποίηται
984 3591 1039 3662 τὴν
1062 3597 1114 3657 τοῦ
1140 3595 1261 3669 ἀγαθοῦ

67 3702 214 3779 ἀπευχῦρν
246 3699 260 3762 ι’
292 3698 465 3779 Ἀντίνους,
499 3697 751 3775 προσποιούμενος
780 3697 811 3760 δὲ
842 3698 880 3767 ὡς
913 3695 975 3758 ἀπὸ
1001 3698 1094 3777 Φίλου
1118 3699 1261 3774 γενέσθαι

67 3811 164 3871 κακοῦ
196 3804 422 3888 ταραίτνσιν(,)
449 3803 485 3866 δι’
510 3804 608 3882 εὐχῆς
634 3802 815 3880 διορθοῦσθαι
840 3803 1190 3891 προσποιεῖται(ί),
1216 3804 1261 3871 ῦτι

66 3915 121 4001 [δὲ
144 3912 224 3996 dei]
249 3914 310 3988 piu
333 3914 423 3974 τοῦτο
447 3910 526 3973 θέλει
552 3909 622 3981 Διθς
648 3934 687 3986 γε
708 3908 837 3980 διδόντος
858 3909 998 3993 ἀρέσθαι,
1018 3912 1052 3975 τὸ
1072 3913 1262 3988 βασιλεῦσαι

65 4021 222 4096 δηλονότι,
249 4014 263 4083 θ
288 4017 326 4081 σθ
350 4040 401 4114 μοι
427 4014 556 4091 ἀπνθξυ
582 4015 744 4092 κηδόμενος
768 4015 838 4087 ἴσως
862 4016 947 4092 ἐμοῦ.
986 4015 1023 4081 In
1046 4019 1096 4083 his
1119 4025 1261 4106 primum

64 4129 267 4204 ῦποστιγμὺν
289 4127 382 4211 posui
404 4144 461 4209 pro
486 4129 645 4189 commate
666 4129 737 4207 post
760 4123 871 4187 verba:
893 4125 1039 4202 ἀτευχιίν
1056 4149 1134 4198 τινος
1155 4135 1262 4208 κακοῦ,

63 4240 138 4302 tum
175 4239 250 4299 ante
279 4233 332 4296 οὐκ
364 4231 506 4311 ἐλέγχων
538 4229 720 4296 addendum
751 4248 862 4295 censeo
893 4229 962 4292 καί
970 4249 978 4293 :
1008 4236 1153 4316 sequitur
1175 4240 1261 4301 enirn

61 4343 206 4411 aiterum
232 4339 518 4427 argumentationis
541 4337 742 4413 membrum,
767 4356 842 4400 curn
866 4337 901 4400 in
922 4338 1182 4422 praecedentibus
1201 4364 1263 4409 ser-
