2978 4950
700 160 763 236 491

134 361 240 441 χηλῷ.
264 359 358 444 Apud
378 359 536 443 sequiores
559 353 618 422 όλα
639 356 724 423 valet
743 356 861 422 τόντε.
890 355 955 422 co.
969 376 1006 422 ex
1020 356 1160 422 centenis
1172 352 1329 439 exemplis

134 490 257 544 unum,
282 465 376 531 Pauli
402 464 513 530 Silent.
540 467 585 548 (iu
610 464 706 529 Anth.
727 463 796 530 Pol.
824 462 866 548 V,
892 462 971 551 217)
996 466 1109 544 χρυσός
1133 458 1219 533 όλονς
1241 464 1329 541 ρὐτιῑ-

133 600 211 656 ρας,
236 571 311 646 όλας
337 573 465 647 κληῖδας
491 572 642 652 ε’λέγχει,
668 579 699 636 et
721 590 738 635 e
761 571 876 635 nostris
900 590 930 633 v.
956 590 982 634 o.
1008 569 1047 635 ad
1071 568 1087 633 δ
1113 566 1178 632 699
1199 565 1328 634 et737:

135 684 219 762 τάχ.
243 677 303 746 όλα
327 677 483 757 ε’ξόνεγκε.
508 677 595 755 λέγει
619 702 653 756 γ.
681 701 709 742 τ.
736 683 849 756 paone
873 674 1039 754 συντόμως.

187 921 219 972 ν,
245 892 319 960 387.
369 897 437 962 Πόις
462 893 495 955 οό
520 892 591 968 τρός
617 889 758 970 Νέστορα
778 891 829 953 καὶ
851 888 1011 954 Μενέλαον
1028 889 1219 970 μετέρχεται
1239 910 1330 970 στρα·

137 1004 228 1068 netas
253 999 385 1077 λαβεῑν;
410 999 463 1082 (Q)
485 997 620 1063 Putem:
647 997 865 1081 orparsdv3
889 1018 950 1082 quo
973 1015 1083 1080 procos
1104 997 1306 1080 opprimeret.

188 1236 220 1288 ν,
246 1208 433 1276 398-401.
481 1210 679 1283 'stercoreas
710 1207 760 1271 διόι
792 1210 826 1272 τό
857 1201 922 1280 ἦθος
953 1211 991 1279 cis
1016 1205 1146 1273 ἕκαστον
1166 1205 1329 1283 ε’τεξιέναι.

139 1316 204 1403 (H)
236 1314 398 1382 Diodorfio
421 1315 499 1380 hoec
522 1321 596 1378 sunt
622 1314 739 1391 „verbu
762 1333 825 1378 non
846 1316 989 1402 integro,
1013 1333 1094 1399 quae
1118 1335 1137 1379 e
1160 1315 1331 1400 proximis,
1426 1389 1434 1407 ⁶

139 1425 333 1509 quibuscum
364 1441 427 1486 non
457 1420 645 1496 cohaerent,
678 1419 851 1503 separavi?
898 1421 1049 1486 Proximo
1081 1419 1154 1499 ills,
1187 1423 1267 1485 item
1293 1441 1332 1485 ex

140 1549 207 1594 uno
237 1528 289 1601 Η,
321 1529 366 1592 sic
398 1533 473 1590 sunt
508 1531 679 1609 conceptu:
712 1526 891 1590 οὶόετοῦνται
916 1528 1001 1601 μετὰ
1026 1528 1211 1606 ἀστερίσκων
1234 1530 1273 1598 ὥς
1297 1528 1332 1592 ἐκ

138 1643 202 1700 τῶν
236 1631 305 1709 έξιῑς
341 1635 611 1709 μετενηνεγμένα,
645 1634 678 1695 in
716 1632 831 1716 quibus
870 1636 904 1697 ἐκ
944 1632 1067 1698 addidit
1101 1633 1329 1699 Buttmsunus.

139 1741 255 1825 Itaque
288 1742 336 1805 bis
367 1738 499 1803 eandem
531 1739 675 1802 criticam
710 1725 885 1804 Aristorchi
910 1747 1018 1804 notam
1043 1748 1207 1816 tenemus,
1233 1739 1332 1806 altero

140 1848 213 1914 loco
235 1848 273 1912 sb
298 1847 476 1912 Aristonico
501 1851 666 1929 excerpto,
697 1847 798 1929 priore
822 1865 841 1909 a
864 1843 1015 1931 Didymo.
1049 1845 1184 1932 Didymi
1209 1867 1334 1931 excerp·

141 1961 214 2018 tum
251 1955 296 2017 sic
330 1951 529 2018 sonaverim:
565 1951 743 2015 dissederat
776 1952 825 2014 διόι
858 1952 891 2015 τό
920 1952 1065 2025 εὐήθως
1089 1953 1148 2024 δὶς
1172 1949 1332 2018 ἕκαστα

143 2056 315 2134 ἐπεξιέναι,
348 2059 381 2120 in
406 2058 522 2140 quibus
545 2058 655 2129 εὐήθως
680 2054 798 2122 Cobeto
817 2057 958 2123 debetur.
1005 2057 1129 2144 Nempe
1148 2058 1211 2124 huc
1233 2068 1333 2126 trans·

142 2166 204 2238 lsti
227 2169 302 2230 sunt
324 2163 359 2228 hi
383 2183 492 2228 versus
515 2183 554 2228 ex
577 2165 782 2247 sequentibus
807 2165 883 2249 (uss.
902 2163 1114 2249 too-433),
1138 2165 1195 2230 ubi
1214 2167 1333 2231 iterum

143 2291 315 2338 monemur
339 2269 390 2355 tad
415 2289 461 2334 vs.
487 2267 584 2351 430):
611 2267 656 2334 ότι
682 2270 815 2334 έντεῡόεν
833 2271 859 2334 οἱ
883 2267 943 2336 όινα
968 2273 1221 2348 μετενηνεγμένα
1246 2273 1331 2338 sicis.

193 2510 224 2562 ν,
251 2482 327 2549 408.
377 2482 553 2564 ’spctatam
577 2484 637 2554 υἱός
662 2484 714 2547 καὶ
739 2481 839 2561 Κόραξ
865 2483 997 2559 ἐγένετο.
1024 2481 1108 2556 οὗτος
1130 2482 1179 2552 οὖν
1200 2485 1214 2549 ό
1234 2483 1335 2563 Κόραξ

146 2629 167 2645 ·
182 2628 203 2642 -
216 2593 314 2657 τεσῖον
338 2589 389 2655 ε’τό
413 2596 468 2661 τῆς
493 2591 608 2669 πέτρας
631 2589 840 2663 ἐτελεύτησεν.
866 2594 882 2665 ἦ
904 2591 933 2655 δέ
947 2592 1048 2670 μότνρ
1061 2594 1156 2657 αὐτοῦ
1170 2591 1334 2671 Ἀρέόοντα

145 2737 166 2751 -
180 2735 201 2748 -
215 2700 325 2771 ἑαυτὴν
350 2694 531 2774 ότήγξατο.
556 2695 625 2759 ένόα
649 2697 712 2761 εἰτὸ
733 2702 785 2762 τοῦ
811 2698 941 2777 Κόρακος
968 2701 986 2773 ἦ
1008 2699 1127 2779 τέτρα,
1146 2699 1209 2764 atet
1229 2698 1260 2763 δέ
1281 2705 1336 2772 τῆς

145 2805 325 2886 ’Λρεόοόσνς
350 2805 367 2878 εἰ
389 2804 487 2883 κρήνη.
515 2803 714 2879 εἰώθαμεν
737 2802 775 2868 δέ
801 2805 1021 2879 σημαίνειν
1045 2805 1123 2869 οὶτὸ
1145 2812 1216 2870 τῶν
1244 2805 1337 2870 ένοι-

146 2914 321 2982 κοόντιον
347 2911 551 2981 τολλοέκις
576 2910 666 2980 τοὺς
690 2909 862 2984 τόσους,
883 2913 928 2983 ὤς
950 2913 981 2976 oi
1002 2911 1198 2978 Ἀττικοί.
1219 2912 1336 2990 λέγει

144 3017 245 3089 δὀὖν
269 3020 318 3082 τόν
342 3015 558 3096 σνΦόρβια.
584 3015 682 3080 ἰστέον
706 3013 751 3080 ότι
778 3015 952 3095 Ἀρέόονσαι
974 3019 1081 3097 κρῆναί
1100 3020 1156 3083 εἶσι
1176 3017 1334 3097 τέσσαρες.

146 3125 265 3216 (BHQ)
298 3122 361 3189 Vel
391 3142 441 3195 me
464 3122 623 3188 indicente
646 3125 861 3208 perspicitur,
879 3144 960 3209 quse
982 3125 1120 3190 diductis
1142 3123 1245 3190 literis
1270 3127 1334 3210 sig·

144 3233 275 3301 nificcvi
309 3231 440 3296 seorsim
471 3249 537 3294 esse
568 3228 729 3313 ponendo,
764 3250 835 3294 oum
859 3231 1059 3296 cohaerentis
1082 3229 1264 3295 ioculariter
1290 3230 1338 3295 di-

146 3338 278 3407 vellunt.
1311 3397 1331 3434 ·

193 3548 229 3627 ξ,
257 3551 307 3614 10.
351 3551 505 3630 ’Άχερδός
538 3550 620 3614 έοτιν
650 3549 820 3622 όκανόῶδες
850 3551 958 3628 Φενεόν.
992 3587 1011 3602 -
1036 3550 1102 3618 ἔνιοι
1127 3553 1158 3618 δέ
1178 3553 1335 3625 ότέόοσοιν

146 3661 203 3732 τῆν
232 3657 344 3736 εξγρέαν
374 3655 474 3721 ἄτιον.
505 3656 678 3730 οέκανόόιδνς
710 3657 773 3734 γὰρ
799 3657 814 3730 ό
839 3659 918 3733 αὐτὴ
943 3658 1042 3723 εέοιόεν
1067 3655 1154 3725 εἶναι.
1180 3659 1234 3745 (V)
1258 3660 1336 3725 Din-

145 3761 266 3830 dorfius
287 3784 342 3848 pro
365 3766 381 3838 ἡ
403 3766 482 3836 αὐτὴ
502 3764 682 3847 requirebat
702 3761 801 3838 αὕτη,
823 3768 889 3848 ipse
908 3767 1140 3849 rescripserim:
1161 3765 1336 3842 ἀκανθώδεις

146 3871 212 3951 γοὶρ
238 3872 304 3934 καὶ
329 3872 431 3943 αὐτόν
457 3870 555 3934 εἷωόεν
579 3864 667 3935 εἶναι.
1035 3910 1038 3917 -
1354 3874 1387 3971 ὖ

182 4075 232 4163 ’ξ,
257 4081 310 4146 29.
358 4082 565 4161 ’Τλακόμοροι
591 4083 758 4166 exponitur
782 4080 858 4166 quid
881 4083 933 4148 sit.
966 4085 1003 4147 'O
1029 4085 1084 4161 μέν
1110 4084 1337 4165 ’Λρέτταρχος,

145 4187 308 4264 όξόφιονοι.
333 4196 467 4266 κρεῖσσον
490 4189 521 4253 δέ
545 4186 718 4252 troistest
744 4190 768 4252 oi
793 4189 859 4267 περὶ
879 4194 933 4253 τοῦ
952 4193 1100 4256 ὑλακτεῖν
1120 4192 1336 4270 μεμορκμένοι,

145 4293 164 4360 ό
202 4295 268 4358 ε’στι
305 4295 512 4372 τεσοννμένοι.
557 4293 639 4380 (Qv)
680 4293 783 4360 Immo
822 4315 916 4361 vcro:
952 4297 978 4360 oi
1015 4297 1081 4377 περὶ
1118 4297 1160 4361 τό
1198 4299 1244 4364 ὑλ.
1279 4323 1339 4375 με·
