2978 4950
628 157 693 224 495

60 345 101 410 δι’
138 343 284 420 ἔκπληξιν
316 347 482 412 dicendum
515 355 602 422 erat,
631 370 731 433 neque
761 347 836 432 qnid
861 349 905 411 sit
928 346 1094 426 ἐφιστάναι
1117 345 1185 409 τινά
1209 343 1251 415 εἵς

65 476 97 518 τι
124 452 271 538 equidem
295 456 460 539 perspicio.
485 453 545 520 Sed
566 458 814 542 grammaticum
835 454 957 519 dedisse
969 455 1126 537 suspicor:
1148 476 1254 532 τρισ-

58 559 241 635 ῃκθντωο
268 559 281 624 θ
305 560 362 635 μὲν
388 561 448 624 ὑπ’
474 561 647 639 ἐκπλήξεως
673 558 950 639 ἐπεγρόμενος
976 559 1045 625 ούτε
1070 560 1121 624 τὸν
1153 561 1253 641 καιρὸν

60 665 135 732 οὔτε
165 665 200 729 τὸ
232 665 345 746 πρέπον
376 672 485 743 θεωρεῖ.
519 668 663 747 ἐφίστησι
698 667 729 732 δὲ
761 667 854 732 αὑτὸν
889 666 954 731 διά
985 672 1090 731 ταῦτα
1114 667 1127 730 θ
1152 669 1252 733 Πεισθ·

60 782 205 851 στρατοι.
228 772 255 838 Ι.
280 793 307 837 e.
331 774 385 838 θοι
407 779 442 838 ob
467 797 573 840 οοαιοι
594 774 782 840 Pisistratus
804 771 1031 839 Telemachum
1050 775 1146 839 nimis
1165 774 1253 841 festi·

62 890 194 946 nantem
217 880 379 963 reprimit,
405 884 542 958 coercet,
567 880 702 946 cohibet.

107 1120 142 1173 ο,
168 1096 220 1162 71.
269 1096 318 1183 Ad
351 1097 465 1175 άμεθνω
497 1097 522 1161 δ’
552 1096 665 1173 αι’σιμα
693 1097 800 1162 πάντα
832 1099 1032 1164 observatur:
1063 1098 1106 1163 τά
1131 1098 1251 1175 δίκαια,

60 1197 123 1267 οἷον
154 1203 298 1280 εἰρημένα
330 1204 382 1266 καὶ
405 1204 605 1281 προσήκοντα.
631 1203 740 1282 μέτρον
764 1205 827 1284 γάρ
851 1208 914 1269 τάν
938 1204 1069 1283 άριστον.
1095 1204 1183 1289 (HQ)
1207 1203 1255 1269 At

61 1307 181 1386 αἴσιμα
212 1328 274 1373 non
305 1307 464 1397 significat
487 1310 647 1387 εἷρῃμένα,
673 1331 784 1375 verum
811 1332 884 1376 cum
909 1309 958 1374 H:
984 1309 1026 1374 τά
1050 1310 1173 1387 δίκαια,
1196 1304 1255 1374 οἷον

61 1417 191 1500 (pescle
211 1415 393 1491 τρῃμένα
417 1417 469 1479 καὶ
493 1417 694 1496 προσήκοντα.
718 1415 875 1481 Similiter
897 1415 1085 1501 Apollonius
1103 1437 1128 1480 s.
1142 1437 1172 1480 v.
1194 1415 1255 1480 Al·

61 1543 185 1597 σιμα·
221 1521 262 1585 τά
298 1522 503 1601 προσηκόντως
538 1522 591 1586 καὶ
629 1525 700 1586 κατ’
731 1520 822 1597 άξίαν
855 1522 1024 1599 λεγόμενα.
1064 1557 1082 1571 -
1107 1523 1200 1586 ἕνθοτε
1224 1522 1255 1586 δὲ

62 1628 190 1706 αἴσιμον
222 1628 257 1694 τὸ
290 1630 472 1707 εἱμαρμένον
494 1626 537 1715 ι).
581 1629 622 1694 ht
653 1632 698 1694 sic
721 1629 831 1716 Etym.
856 1629 904 1694 Μ.
930 1627 1100 1705 αἴσιμα
1127 1627 1256 1706 άγαθά,

62 1737 258 1809 καθήκοντα,
285 1733 475 1815 εἱμαρμένα,
503 1738 681 1822 caeterique
706 1734 939 1822 lexicographi
963 1735 1048 1800 haud
1073 1725 1174 1800 aliter.
1225 1775 1229 1784 ·

111 1967 146 2029 o,
171 1943 224 2010 93.
272 1946 438 2012 Menelaus
472 1946 577 2011 αὐτίκ’
607 1945 655 2025 ἄρ’
680 1944 698 2027 ᾖ
721 1946 829 2026 άλθχῳ
853 1944 903 2020 ἠδὲ
928 1944 1043 2028 δμῳῇσι
1069 1945 1245 2028 κέλενσενΙΙ

55 2043 187 2115 ιδεῖτνον
223 2051 263 2115 ἐνὶ
299 2055 448 2132 μεγάροιο
484 2061 633 2119 τετυκεῖν.
680 2050 895 2119 Grammatici
928 2051 1022 2117 veriti
1053 2073 1092 2118 ne
1115 2050 1257 2118 Helenae

64 2157 209 2244 dignitas
233 2159 430 2225 minueretur
452 2161 701 2226 adnotaverunt:
727 2161 788 2240 ούχ
812 2157 859 2223 ἵνα
885 2159 1096 2239 αύτονργύσῃ,
1122 2156 1257 2224 ἀλλ’ἵνα

64 2263 198 2343 κελεύσῃ
222 2266 273 2328 καὶ
300 2266 426 2346 διδάσκῃ
450 2270 492 2345 μὴ
514 2268 592 2347 δίχα
612 2268 756 2344 γυναικὸς
779 2267 913 2331 κελεύειν
926 2288 955 2328 τι
969 2261 1154 2330 κατάοῖιιιν.
1168 2264 1254 2350 (HQ)

64 2370 179 2455 Itaque
211 2370 334 2437 Helena
366 2368 594 2449 docecfinscia
627 2394 724 2437 uxore
756 2374 872 2437 marito
903 2374 936 2435 in
960 2372 1054 2437 rebus
1076 2370 1258 2436 domesticis

64 2475 151 2542 nihil
183 2497 250 2542 esse
280 2477 531 2566 iniungendum!
556 2479 613 2543 Ilst
637 2479 696 2543 hoo
724 2484 943 2545 commentum
968 2477 1018 2543 vel
1042 2480 1075 2541 in
1098 2498 1259 2565 gramma·

64 2587 132 2648 tico
155 2584 309 2670 ineptum.
347 2584 428 2650 Vera
452 2584 546 2650 lectio
570 2585 705 2649 διδάσκει
730 2590 777 2649 est
799 2587 832 2648 in
857 2583 900 2664 Q,
925 2584 1104 2650 inconsulto
1123 2586 1155 2648 in
1169 2586 1259 2668 peius

65 2695 204 2755 mutata.
252 2689 376 2776 Quippe
411 2694 458 2756 ita
491 2690 693 2757 scribendum
728 2696 760 2755 et
790 2690 1100 2777 interpungendum:
1125 2691 1186 2770 οὐχ
1209 2686 1258 2753 ἵνα

65 2797 282 2880 αύτοιιργύοῃ,
307 2797 381 2862 άλλ’
405 2797 454 2863 ἵνα
478 2799 617 2876 κελεύσῃ.
645 2799 696 2861 καὶ
720 2795 906 2861 διδάσκει
930 2797 1056 2881 (nempe
1081 2796 1094 2859 ὃ
1120 2795 1261 2874 τοιῃτύς)

64 2908 112 2982 μὴ
138 2902 216 2985 δι’χα
240 2906 384 2982 γυναικὸς
408 2907 544 2970 κελεύειν
567 2928 597 2969 τι
621 2904 707 2969 κατὰ
731 2899 820 2969 οἶκον.

114 3140 148 3201 ο,
175 3115 250 3181 161.
297 3117 413 3194 'Appios
443 3123 546 3195 χῆνας
571 3112 617 3178 ὅτι
642 3113 695 3176 καὶ
720 3112 847 3185 θῃλνιιὸν
872 3111 1016 3190 λέγεται.
1040 3110 1099 3197 (H)
1124 3111 1260 3178 Credam

65 3223 286 3293 Aristonicum
314 3222 436 3288 dedisse
459 3220 542 3306 quod
562 3219 683 3285 adsolet
703 3226 735 3284 et
755 3226 877 3283 rectum
899 3226 963 3284 est:
985 3215 1030 3282 θ’τι
1043 3243 1072 3282 ιι.
1094 3223 1260 3292 θηλυκῶς

64 3331 142 3409 aly.
167 3327 230 3395 Ch.
255 3332 277 3393 i.
303 3349 330 3393 a.
357 3328 396 3393 ad
419 3327 438 3404 ξ
462 3326 545 3393 106;
568 3321 612 3390 ὅτι
637 3328 797 3404 άρσενικῶς
821 3324 872 3389 τὸν
897 3321 981 3403 alys
1003 3332 1092 3405 Φῃοι.
1121 3323 1174 3410 (Q)

114 3566 149 3619 ο,
173 3540 252 3607 246.
277 3540 327 3607 De
350 3541 548 3627 Amphiarao
572 3541 705 3605 dieitur:

210 3645 242 3713 ὃν
268 3649 335 3727 περὶ
360 3657 425 3728 κῆρι
449 3649 537 3726 φίλει
561 3646 638 3719 Ζεύς
663 3645 692 3710 τ’
717 3648 860 3728 αύῃθοχος
883 3646 935 3710 καὶ
960 3643 1122 3710 Ἀντύλλον

212 3756 357 3827 ταντοίῃν
381 3755 548 3834 φιλύτῃτ’·
571 3753 633 3818 οὐδ’
655 3752 737 3818 ἵκετο
761 3756 873 3829 γήραος
897 3751 994 3827 ούδθν,

209 3865 283 3928 άλλ’
313 3861 393 3928 ὄλετ’
419 3862 449 3925 ἐν
475 3860 597 3940 Θήβῃσι
621 3861 754 3937 ῃιιναθων
777 3855 878 3923 εἵνεκα
902 3855 1014 3947 δώρων.Ι

65 4035 248 4052 μ

104 4150 134 4215 1)
155 4149 279 4199 Bellienus
297 4149 374 4198 nescio
391 4166 434 4198 our
452 4153 477 4197 et
494 4149 643 4197 inluminate
661 4151 685 4196 et
702 4148 727 4195 in
747 4146 823 4212 primo
841 4146 948 4210 exemplo
966 4144 1039 4193 allato
1056 4142 1151 4203 ιιῖσῃμιι
1166 4142 1266 4193 retinuit

65 4251 97 4285 ex
117 4231 268 4298 apertissimo
286 4231 403 4296 sequioris
420 4230 508 4279 acribus
526 4245 619 4288 errore,
637 4245 691 4278 cum
708 4233 788 4279 λοιπον
804 4228 852 4277 iam
869 4227 1015 4277 Villoisouue
1030 4224 1174 4276 subtextum
1184 4238 1267 4274 verum

66 4313 212 4367 ostenderit.
