<?xml version="1.0" encoding="UTF-8"?>
<!DOCTYPE html PUBLIC "-//W3C//DTD XHTML 1.0 Transitional//EN"
    "http://www.w3.org/TR/xhtml1/DTD/xhtml1-transitional.dtd">
<html xmlns="http://www.w3.org/1999/xhtml" xml:lang="en" lang="en">
 <head>
  <title>
</title>
<meta http-equiv="Content-Type" content="text/html;charset=utf-8" />
  <meta name='ocr-system' content='tesseract 3.04.00' />
  <meta name='ocr-capabilities' content='ocr_page ocr_carea ocr_par ocr_line ocrx_word'/>
</head>
<body>
  <div class='ocr_page' id='page_1' title='image "./adodysseameiusq00polagoog_0440.png"; bbox 0 0 2978 4950; ppageno 0'>
   <div class='ocr_carea' id='block_1_1' title="bbox 76 96 1272 604">
    <p class='ocr_par' dir='ltr' id='par_1_1' title="bbox 76 96 1272 604">
     <span class='ocr_line' id='line_1_1' title="bbox 78 96 1268 187; baseline 0.002 -24"><span class='ocrx_word' id='word_1_1' title='bbox 78 134 121 145; x_wconf 93' lang='lat'>-</span> <span class='ocrx_word' id='word_1_2' title='bbox 145 96 241 165; x_wconf 86' lang='lat' dir='ltr'>iacile</span> <span class='ocrx_word' id='word_1_3' title='bbox 269 98 478 187; x_wconf 78' lang='lat' dir='ltr'>intellegitur.</span> <span class='ocrx_word' id='word_1_4' title='bbox 527 96 580 163; x_wconf 76' lang='lat' dir='ltr'>An</span> <span class='ocrx_word' id='word_1_5' title='bbox 604 103 740 187; x_wconf 83' lang='lat' dir='ltr'>cogitari</span> <span class='ocrx_word' id='word_1_6' title='bbox 763 103 862 186; x_wconf 79' lang='lat' dir='ltr'>possit</span> <span class='ocrx_word' id='word_1_7' title='bbox 885 104 902 176; x_wconf 75' lang='grc' dir='ltr'><em>ἦ</em></span> <span class='ocrx_word' id='word_1_8' title='bbox 928 99 1022 180; x_wconf 85' lang='grc' dir='ltr'><strong><em>περθ</em></strong></span> <span class='ocrx_word' id='word_1_9' title='bbox 1044 123 1153 172; x_wconf 82' lang='grc' dir='ltr'><strong><em>τινος</em></strong></span> <span class='ocrx_word' id='word_1_10' title='bbox 1177 97 1268 178; x_wconf 73' lang='grc' dir='ltr'><strong><em>δόξα,</em></strong></span> 
     </span>
     <span class='ocr_line' id='line_1_2' title="bbox 76 205 1268 292; baseline 0.001 -21"><span class='ocrx_word' id='word_1_11' title='bbox 76 207 170 290; x_wconf 85' lang='lat' dir='ltr'>quasi</span> <span class='ocrx_word' id='word_1_12' title='bbox 200 207 286 272; x_wconf 91' lang='lat' dir='ltr'>idem</span> <span class='ocrx_word' id='word_1_13' title='bbox 309 213 391 272; x_wconf 88' lang='lat' dir='ltr'>esset</span> <span class='ocrx_word' id='word_1_14' title='bbox 413 226 449 271; x_wconf 86' lang='lat' dir='ltr'>ac</span> <span class='ocrx_word' id='word_1_15' title='bbox 473 208 490 281; x_wconf 75' lang='grc' dir='ltr'><strong><em>ἡ</em></strong></span> <span class='ocrx_word' id='word_1_16' title='bbox 515 205 581 285; x_wconf 78' lang='grc' dir='ltr'>περὶ</span> <span class='ocrx_word' id='word_1_17' title='bbox 607 206 702 271; x_wconf 74' lang='grc' dir='ltr'><strong><em>αὐτοῦ</em></strong></span> <span class='ocrx_word' id='word_1_18' title='bbox 722 212 836 292; x_wconf 68' lang='grc' dir='ltr'><strong><em>φήμη,</em></strong></span> <span class='ocrx_word' id='word_1_19' title='bbox 856 208 916 273; x_wconf 90' lang='lat' dir='ltr'>hoc</span> <span class='ocrx_word' id='word_1_20' title='bbox 933 228 1057 292; x_wconf 90' lang='lat' dir='ltr'>quoque</span> <span class='ocrx_word' id='word_1_21' title='bbox 1077 210 1111 272; x_wconf 88' lang='lat' dir='ltr'>in</span> <span class='ocrx_word' id='word_1_22' title='bbox 1133 207 1268 274; x_wconf 91' lang='lat' dir='ltr'>dubium</span> 
     </span>
     <span class='ocr_line' id='line_1_3' title="bbox 77 312 1272 399; baseline 0.003 -22"><span class='ocrx_word' id='word_1_23' title='bbox 77 331 193 378; x_wconf 82' lang='lat' dir='ltr'>vocare</span> <span class='ocrx_word' id='word_1_24' title='bbox 222 312 341 379; x_wconf 79' lang='lat' dir='ltr'>licebit.</span> <span class='ocrx_word' id='word_1_25' title='bbox 389 312 517 378; x_wconf 78' lang='lat' dir='ltr'><strong>Dicitur</strong></span> <span class='ocrx_word' id='word_1_26' title='bbox 551 314 567 388; x_wconf 75' lang='lat' dir='ltr'>i</span> <span class='ocrx_word' id='word_1_27' title='bbox 600 315 677 386; x_wconf 80' lang='grc' dir='ltr'><strong><em>τινος</em></strong></span> <span class='ocrx_word' id='word_1_28' title='bbox 713 313 805 391; x_wconf 72' lang='grc' dir='ltr'><strong><em>δόξα,</em></strong></span> <span class='ocrx_word' id='word_1_29' title='bbox 834 315 925 380; x_wconf 88' lang='lat' dir='ltr'>cuius</span> <span class='ocrx_word' id='word_1_30' title='bbox 949 314 1086 380; x_wconf 88' lang='lat' dir='ltr'>solennis</span> <span class='ocrx_word' id='word_1_31' title='bbox 1110 319 1158 379; x_wconf 90' lang='lat' dir='ltr'>est</span> <span class='ocrx_word' id='word_1_32' title='bbox 1179 334 1272 399; x_wconf 91' lang='lat' dir='ltr'>para-</span> 
     </span>
     <span class='ocr_line' id='line_1_4' title="bbox 76 417 1270 506; baseline 0.003 -24"><span class='ocrx_word' id='word_1_33' title='bbox 76 417 205 502; x_wconf 78' lang='lat' dir='ltr'>phrasis</span> <span class='ocrx_word' id='word_1_34' title='bbox 239 424 334 505; x_wconf 89' lang='lat' dir='ltr'>atque</span> <span class='ocrx_word' id='word_1_35' title='bbox 364 421 399 483; x_wconf 88' lang='lat' dir='ltr'>in</span> <span class='ocrx_word' id='word_1_36' title='bbox 429 420 545 484; x_wconf 91' lang='lat' dir='ltr'>nostris</span> <span class='ocrx_word' id='word_1_37' title='bbox 576 438 729 504; x_wconf 81' lang='lat' dir='ltr'>perquam</span> <span class='ocrx_word' id='word_1_38' title='bbox 761 421 925 505; x_wconf 83' lang='lat' dir='ltr'>frequens,</span> <span class='ocrx_word' id='word_1_39' title='bbox 958 441 1052 506; x_wconf 89' lang='lat' dir='ltr'>quam</span> <span class='ocrx_word' id='word_1_40' title='bbox 1084 424 1227 506; x_wconf 89' lang='lat' dir='ltr'>reposui,</span> <span class='ocrx_word' id='word_1_41' title='bbox 1254 426 1270 498; x_wconf 72' lang='grc' dir='ltr'><strong><em>ἦ</em></strong></span> 
     </span>
     <span class='ocr_line' id='line_1_5' title="bbox 77 522 394 604; baseline 0.009 -18"><span class='ocrx_word' id='word_1_42' title='bbox 77 524 167 604; x_wconf 74' lang='lat' dir='ltr'>rep!</span> <span class='ocrx_word' id='word_1_43' title='bbox 189 547 283 591; x_wconf 91' lang='grc' dir='ltr'><strong><em>τινα</em></strong></span> <span class='ocrx_word' id='word_1_44' title='bbox 308 522 394 601; x_wconf 80' lang='grc' dir='ltr'><strong><em>δθξα.</em></strong></span> 
     </span>
    </p>
   </div>
   <div class='ocr_carea' id='block_1_2' title="bbox 124 733 1271 823">
    <p class='ocr_par' dir='ltr' id='par_1_2' title="bbox 124 733 1271 823">
     <span class='ocr_line' id='line_1_6' title="bbox 124 733 1271 823; baseline 0.006 -25"><span class='ocrx_word' id='word_1_45' title='bbox 124 758 155 812; x_wconf 88' lang='grc' dir='ltr'>ι,</span> <span class='ocrx_word' id='word_1_46' title='bbox 180 733 256 802; x_wconf 80' lang='lat'>267.</span> <span class='ocrx_word' id='word_1_47' title='bbox 304 735 416 802; x_wconf 78' lang='lat' dir='ltr'>Ulixes</span> <span class='ocrx_word' id='word_1_48' title='bbox 447 737 633 822; x_wconf 77' lang='lat' dir='ltr'>suppliciter</span> <span class='ocrx_word' id='word_1_49' title='bbox 659 736 897 823; x_wconf 80' lang='lat' dir='ltr'>Polyphemum</span> <span class='ocrx_word' id='word_1_50' title='bbox 922 737 1105 803; x_wconf 88' lang='lat' dir='ltr'>adlocutus:</span> <span class='ocrx_word' id='word_1_51' title='bbox 1133 739 1222 816; x_wconf 72' lang='grc' dir='ltr'><strong><em>ἡμεῖς</em></strong></span> <span class='ocrx_word' id='word_1_52' title='bbox 1245 739 1271 805; x_wconf 74' lang='grc' dir='ltr'>δ’</span> 
     </span>
    </p>
   </div>
   <div class='ocr_carea' id='block_1_3' title="bbox 17 837 1364 4133">
    <p class='ocr_par' dir='ltr' id='par_1_3' title="bbox 17 837 1364 4133">
     <span class='ocr_line' id='line_1_7' title="bbox 78 837 1272 928; baseline 0.002 -23"><span class='ocrx_word' id='word_1_53' title='bbox 78 837 157 906; x_wconf 77' lang='grc' dir='ltr'><strong><em>αὖτε</em></strong></span> <span class='ocrx_word' id='word_1_54' title='bbox 183 879 224 890; x_wconf 89' lang='grc'><strong>-</strong></span> <span class='ocrx_word' id='word_1_55' title='bbox 248 843 419 927; x_wconf 87' lang='lat' dir='ltr'>inquit-</span> <span class='ocrx_word' id='word_1_56' title='bbox 445 841 641 922; x_wconf 74' lang='grc' dir='ltr'>κιχανόμενοι</span> <span class='ocrx_word' id='word_1_57' title='bbox 676 843 797 908; x_wconf 69' lang='grc' dir='ltr'><strong><em>τοὶ’το“ι</em></strong></span> <span class='ocrx_word' id='word_1_58' title='bbox 831 848 930 922; x_wconf 75' lang='grc' dir='ltr'><strong><em>γοῦνα</em></strong></span> <span class='ocrx_word' id='word_1_59' title='bbox 963 856 981 928; x_wconf 82' lang='grc' dir='ltr'>Η</span> <span class='ocrx_word' id='word_1_60' title='bbox 1016 843 1146 920; x_wconf 80' lang='grc' dir='ltr'><strong><em>θκθμνθ,</em></strong></span> <span class='ocrx_word' id='word_1_61' title='bbox 1184 844 1212 908; x_wconf 78' lang='lat' dir='ltr'>ei</span> <span class='ocrx_word' id='word_1_62' title='bbox 1241 868 1272 907; x_wconf 93' lang='grc' dir='ltr'><strong><em>τι</em></strong></span> 
     </span>
     <span class='ocr_line' id='line_1_8' title="bbox 77 947 1272 1035; baseline 0.003 -22"><span class='ocrx_word' id='word_1_63' title='bbox 77 947 181 1030; x_wconf 89' lang='grc' dir='ltr'><strong><em>πθροις</em></strong></span> <span class='ocrx_word' id='word_1_64' title='bbox 206 947 342 1025; x_wconf 74' lang='grc' dir='ltr'><strong><em>ξεινήϊον.</em></strong></span> <span class='ocrx_word' id='word_1_65' title='bbox 390 948 585 1015; x_wconf 80' lang='lat' dir='ltr'>Obmovetur</span> <span class='ocrx_word' id='word_1_66' title='bbox 608 952 762 1035; x_wconf 76' lang='lat' dir='ltr'>quaestio:</span> <span class='ocrx_word' id='word_1_67' title='bbox 791 950 842 1014; x_wconf 74' lang='lat' dir='ltr'>nai</span> <span class='ocrx_word' id='word_1_68' title='bbox 867 952 899 1015; x_wconf 86' lang='grc' dir='ltr'><strong><em>τθ</em></strong></span> <span class='ocrx_word' id='word_1_69' title='bbox 922 947 1014 1025; x_wconf 75' lang='grc' dir='ltr'><strong><em>ξένιον</em></strong></span> <span class='ocrx_word' id='word_1_70' title='bbox 1036 950 1181 1033; x_wconf 51' lang='lat' dir='ltr'>ilerden</span> <span class='ocrx_word' id='word_1_71' title='bbox 1203 975 1272 1030; x_wconf 90' lang='grc' dir='ltr'><strong><em>προ-</em></strong></span> 
     </span>
     <span class='ocr_line' id='line_1_9' title="bbox 76 1051 1272 1138; baseline 0.002 -18"><span class='ocrx_word' id='word_1_72' title='bbox 76 1055 182 1135; x_wconf 80' lang='grc' dir='ltr'><strong><em>βιθτου</em></strong></span> <span class='ocrx_word' id='word_1_73' title='bbox 214 1056 301 1136; x_wconf 72' lang='grc' dir='ltr'><strong><em>θοροὶν</em></strong></span> <span class='ocrx_word' id='word_1_74' title='bbox 323 1055 406 1129; x_wconf 70' lang='grc' dir='ltr'><strong><em>ἴσως.</em></strong></span> <span class='ocrx_word' id='word_1_75' title='bbox 429 1057 515 1120; x_wconf 70' lang='grc' dir='ltr'>ἀλλὰ</span> <span class='ocrx_word' id='word_1_76' title='bbox 536 1051 592 1122; x_wconf 64' lang='grc' dir='ltr'><strong><em>’τὸν</em></strong></span> <span class='ocrx_word' id='word_1_77' title='bbox 615 1058 658 1126; x_wconf 80' lang='grc' dir='ltr'>εἷς</span> <span class='ocrx_word' id='word_1_78' title='bbox 679 1057 748 1128; x_wconf 82' lang='grc' dir='ltr'><strong><em>τοὺς</em></strong></span> <span class='ocrx_word' id='word_1_79' title='bbox 772 1055 874 1131; x_wconf 74' lang='grc' dir='ltr'><strong><em>ξένους</em></strong></span> <span class='ocrx_word' id='word_1_80' title='bbox 898 1059 1071 1132; x_wconf 73' lang='grc' dir='ltr'><strong><em>καθήκοντα</em></strong></span> <span class='ocrx_word' id='word_1_81' title='bbox 1095 1057 1177 1124; x_wconf 76' lang='grc' dir='ltr'><strong><em>ἔλυον</em></strong></span> <span class='ocrx_word' id='word_1_82' title='bbox 1201 1083 1272 1138; x_wconf 82' lang='grc' dir='ltr'><strong><em>πρε·</em></strong></span> 
     </span>
     <span class='ocr_line' id='line_1_10' title="bbox 76 1160 1272 1242; baseline 0.002 -15"><span class='ocrx_word' id='word_1_83' title='bbox 76 1163 198 1234; x_wconf 84' lang='grc' dir='ltr'><strong><em>πθντυς</em></strong></span> <span class='ocrx_word' id='word_1_84' title='bbox 371 1162 700 1239; x_wconf 75' lang='grc' dir='ltr'><strong><em>αποπεπλαννμθνον</em></strong></span> <span class='ocrx_word' id='word_1_85' title='bbox 736 1160 791 1240; x_wconf 76' lang='grc' dir='ltr'>ἔξω</span> <span class='ocrx_word' id='word_1_86' title='bbox 823 1171 879 1238; x_wconf 75' lang='grc' dir='ltr'><strong><em>τῆς</em></strong></span> <span class='ocrx_word' id='word_1_87' title='bbox 911 1165 1084 1242; x_wconf 76' lang='grc' dir='ltr'><strong><em>οἰκουμένης</em></strong></span> <span class='ocrx_word' id='word_1_88' title='bbox 1117 1164 1168 1230; x_wconf 71' lang='grc' dir='ltr'>διὰ</span> <span class='ocrx_word' id='word_1_89' title='bbox 1203 1168 1272 1229; x_wconf 85' lang='grc' dir='ltr'><strong><em>τοῦ</em></strong></span> 
     </span>
     <span class='ocr_line' id='line_1_11' title="bbox 75 1257 1271 1349; baseline 0.002 -15"><span class='ocrx_word' id='word_1_90' title='bbox 75 1270 204 1347; x_wconf 68' lang='grc' dir='ltr'><strong><em>ἀγνοεῖν</em></strong></span> <span class='ocrx_word' id='word_1_91' title='bbox 228 1269 296 1333; x_wconf 79' lang='grc' dir='ltr'>καὶ</span> <span class='ocrx_word' id='word_1_92' title='bbox 321 1271 589 1349; x_wconf 64' lang='grc' dir='ltr'>προπεμφθῆναι</span> <span class='ocrx_word' id='word_1_93' title='bbox 612 1257 844 1348; x_wconf 79' lang='grc' dir='ltr'><strong><em>βούλεσθαι</em></strong></span> <span class='ocrx_word' id='word_1_94' title='bbox 869 1269 921 1334; x_wconf 75' lang='grc' dir='ltr'>διὰ</span> <span class='ocrx_word' id='word_1_95' title='bbox 943 1279 999 1346; x_wconf 75' lang='grc' dir='ltr'><strong><em>τῆς</em></strong></span> <span class='ocrx_word' id='word_1_96' title='bbox 1023 1272 1180 1348; x_wconf 79' lang='grc' dir='ltr'><strong><em>μννθοεας</em></strong></span> <span class='ocrx_word' id='word_1_97' title='bbox 1203 1271 1271 1336; x_wconf 74' lang='grc' dir='ltr'><strong><em>τὸν</em></strong></span> 
     </span>
     <span class='ocr_line' id='line_1_12' title="bbox 76 1372 1271 1462; baseline 0.003 -23"><span class='ocrx_word' id='word_1_98' title='bbox 76 1375 209 1441; x_wconf 82' lang='grc' dir='ltr'><strong><em>τθτον.</em></strong></span> <span class='ocrx_word' id='word_1_99' title='bbox 233 1374 285 1462; x_wconf 80' lang='grc' dir='ltr'>(Τ)</span> <span class='ocrx_word' id='word_1_100' title='bbox 312 1372 540 1462; x_wconf 80' lang='lat' dir='ltr'>Coniungenda</span> <span class='ocrx_word' id='word_1_101' title='bbox 567 1382 642 1440; x_wconf 87' lang='lat' dir='ltr'>eunt</span> <span class='ocrx_word' id='word_1_102' title='bbox 663 1376 758 1450; x_wconf 88' lang='lat' dir='ltr'>haec,</span> <span class='ocrx_word' id='word_1_103' title='bbox 782 1381 821 1440; x_wconf 93' lang='lat' dir='ltr'>ut</span> <span class='ocrx_word' id='word_1_104' title='bbox 844 1377 877 1439; x_wconf 93' lang='lat' dir='ltr'>in</span> <span class='ocrx_word' id='word_1_105' title='bbox 900 1375 999 1442; x_wconf 91' lang='lat' dir='ltr'>altera</span> <span class='ocrx_word' id='word_1_106' title='bbox 1022 1383 1112 1462; x_wconf 92' lang='lat' dir='ltr'>parte</span> <span class='ocrx_word' id='word_1_107' title='bbox 1143 1380 1271 1444; x_wconf 89' lang='lat' dir='ltr'>uberius</span> 
     </span>
     <span class='ocr_line' id='line_1_13' title="bbox 75 1481 1270 1570; baseline 0.003 -23"><span class='ocrx_word' id='word_1_108' title='bbox 75 1486 269 1567; x_wconf 81' lang='lat' dir='ltr'>exponetur,</span> <span class='ocrx_word' id='word_1_109' title='bbox 316 1502 388 1546; x_wconf 87' lang='lat' dir='ltr'>oum</span> <span class='ocrx_word' id='word_1_110' title='bbox 433 1484 474 1546; x_wconf 89' lang='lat' dir='ltr'>iis</span> <span class='ocrx_word' id='word_1_111' title='bbox 520 1503 601 1567; x_wconf 90' lang='lat' dir='ltr'>quae</span> <span class='ocrx_word' id='word_1_112' title='bbox 647 1482 686 1546; x_wconf 91' lang='lat' dir='ltr'>ad</span> <span class='ocrx_word' id='word_1_113' title='bbox 734 1503 780 1546; x_wconf 86' lang='lat' dir='ltr'>vs.</span> <span class='ocrx_word' id='word_1_114' title='bbox 824 1481 889 1546; x_wconf 73' lang='lat'>229</span> <span class='ocrx_word' id='word_1_115' title='bbox 934 1504 973 1547; x_wconf 91' lang='lat' dir='ltr'>ex</span> <span class='ocrx_word' id='word_1_116' title='bbox 1017 1483 1044 1564; x_wconf 82' lang='lat' dir='ltr'><strong>Q</strong></span> <span class='ocrx_word' id='word_1_117' title='bbox 1086 1485 1270 1570; x_wconf 87' lang='lat' dir='ltr'>prodierunt</span> 
     </span>
     <span class='ocr_line' id='line_1_14' title="bbox 75 1583 1270 1677; baseline 0.003 -25"><span class='ocrx_word' id='word_1_118' title='bbox 75 1588 123 1674; x_wconf 90' lang='lat' dir='ltr'>(p.</span> <span class='ocrx_word' id='word_1_119' title='bbox 156 1585 236 1663; x_wconf 80' lang='lat'>425,</span> <span class='ocrx_word' id='word_1_120' title='bbox 267 1586 291 1651; x_wconf 88' lang='lat'>1.</span> <span class='ocrx_word' id='word_1_121' title='bbox 325 1583 425 1670; x_wconf 81' lang='grc'>1-8)</span> <span class='ocrx_word' id='word_1_122' title='bbox 462 1595 494 1652; x_wconf 93' lang='lat' dir='ltr'>et</span> <span class='ocrx_word' id='word_1_123' title='bbox 524 1589 603 1672; x_wconf 89' lang='lat' dir='ltr'>ipsis</span> <span class='ocrx_word' id='word_1_124' title='bbox 634 1587 881 1675; x_wconf 76' lang='lat' dir='ltr'>flagitiosissime</span> <span class='ocrx_word' id='word_1_125' title='bbox 913 1592 1086 1676; x_wconf 85' lang='lat' dir='ltr'>corruptis,</span> <span class='ocrx_word' id='word_1_126' title='bbox 1112 1612 1130 1657; x_wconf 91' lang='lat' dir='ltr'>a</span> <span class='ocrx_word' id='word_1_127' title='bbox 1153 1592 1270 1677; x_wconf 89' lang='lat' dir='ltr'>quibus</span> 
     </span>
     <span class='ocr_line' id='line_1_15' title="bbox 75 1692 1270 1781; baseline 0.003 -23"><span class='ocrx_word' id='word_1_128' title='bbox 75 1699 185 1759; x_wconf 89' lang='lat' dir='ltr'>tamen</span> <span class='ocrx_word' id='word_1_129' title='bbox 210 1692 344 1766; x_wconf 73' lang='grc' dir='ltr'><strong><em>οἰνιθτυς</em></strong></span> <span class='ocrx_word' id='word_1_130' title='bbox 368 1692 489 1774; x_wconf 82' lang='grc' dir='ltr'><strong><em>ἔχουσιν</em></strong></span> <span class='ocrx_word' id='word_1_131' title='bbox 514 1715 646 1760; x_wconf 92' lang='lat' dir='ltr'>manum</span> <span class='ocrx_word' id='word_1_132' title='bbox 666 1695 822 1778; x_wconf 77' lang='lat' dir='ltr'>abstinui,</span> <span class='ocrx_word' id='word_1_133' title='bbox 843 1717 980 1781; x_wconf 90' lang='lat' dir='ltr'>cumque</span> <span class='ocrx_word' id='word_1_134' title='bbox 999 1697 1114 1762; x_wconf 90' lang='lat' dir='ltr'>horum</span> <span class='ocrx_word' id='word_1_135' title='bbox 1127 1698 1270 1764; x_wconf 82' lang='lat' dir='ltr'>breviore</span> 
     </span>
     <span class='ocr_line' id='line_1_16' title="bbox 75 1800 1269 1890; baseline 0.004 -25"><span class='ocrx_word' id='word_1_136' title='bbox 75 1803 217 1887; x_wconf 87' lang='lat' dir='ltr'>epitome</span> <span class='ocrx_word' id='word_1_137' title='bbox 252 1821 291 1866; x_wconf 88' lang='lat' dir='ltr'>ex</span> <span class='ocrx_word' id='word_1_138' title='bbox 325 1800 424 1881; x_wconf 82' lang='lat' dir='ltr'><strong>HQT.</strong></span> <span class='ocrx_word' id='word_1_139' title='bbox 459 1805 500 1887; x_wconf 90' lang='lat' dir='ltr'>(p.</span> <span class='ocrx_word' id='word_1_140' title='bbox 536 1801 602 1865; x_wconf 81' lang='lat'>424</span> <span class='ocrx_word' id='word_1_141' title='bbox 632 1801 654 1866; x_wconf 92' lang='lat' dir='ltr'>l.</span> <span class='ocrx_word' id='word_1_142' title='bbox 688 1800 848 1886; x_wconf 80' lang='lat'>26-29.)</span> <span class='ocrx_word' id='word_1_143' title='bbox 883 1802 1000 1868; x_wconf 89' lang='lat' dir='ltr'>Nostra</span> <span class='ocrx_word' id='word_1_144' title='bbox 1023 1825 1164 1889; x_wconf 90' lang='lat' dir='ltr'>quoque,</span> <span class='ocrx_word' id='word_1_145' title='bbox 1189 1825 1269 1890; x_wconf 89' lang='lat' dir='ltr'>quae</span> 
     </span>
     <span class='ocr_line' id='line_1_17' title="bbox 75 1908 1270 1994; baseline 0.003 -22"><span class='ocrx_word' id='word_1_146' title='bbox 75 1928 174 1992; x_wconf 89' lang='lat' dir='ltr'>supra</span> <span class='ocrx_word' id='word_1_147' title='bbox 216 1908 384 1992; x_wconf 82' lang='lat' dir='ltr'>exscripsi,</span> <span class='ocrx_word' id='word_1_148' title='bbox 427 1909 602 1994; x_wconf 79' lang='lat' dir='ltr'>aegerrime</span> <span class='ocrx_word' id='word_1_149' title='bbox 635 1911 668 1972; x_wconf 92' lang='lat' dir='ltr'>in</span> <span class='ocrx_word' id='word_1_150' title='bbox 704 1908 897 1974; x_wconf 84' lang='lat' dir='ltr'>editionibus</span> <span class='ocrx_word' id='word_1_151' title='bbox 934 1909 1139 1976; x_wconf 86' lang='lat' dir='ltr'>obambulare</span> <span class='ocrx_word' id='word_1_152' title='bbox 1176 1931 1270 1976; x_wconf 91' lang='lat' dir='ltr'>nemo</span> 
     </span>
     <span class='ocr_line' id='line_1_18' title="bbox 74 2014 1269 2099; baseline 0.006 -21"><span class='ocrx_word' id='word_1_153' title='bbox 74 2018 183 2099; x_wconf 86' lang='lat' dir='ltr'>potest</span> <span class='ocrx_word' id='word_1_154' title='bbox 205 2033 268 2078; x_wconf 91' lang='lat' dir='ltr'>non</span> <span class='ocrx_word' id='word_1_155' title='bbox 292 2014 409 2080; x_wconf 77' lang='lat' dir='ltr'>videre.</span> <span class='ocrx_word' id='word_1_156' title='bbox 443 2014 605 2079; x_wconf 81' lang='lat' dir='ltr'>Lacunam</span> <span class='ocrx_word' id='word_1_157' title='bbox 628 2021 700 2098; x_wconf 87' lang='lat' dir='ltr'>poet</span> <span class='ocrx_word' id='word_1_158' title='bbox 723 2014 897 2093; x_wconf 80' lang='grc' dir='ltr'><strong><em>τρετθντυς</em></strong></span> <span class='ocrx_word' id='word_1_159' title='bbox 921 2016 1076 2083; x_wconf 84' lang='lat' dir='ltr'>indicavit</span> <span class='ocrx_word' id='word_1_160' title='bbox 1100 2016 1269 2084; x_wconf 88' lang='lat' dir='ltr'>Prellerus.</span> 
     </span>
     <span class='ocr_line' id='line_1_19' title="bbox 75 2119 1271 2210; baseline 0.004 -24"><span class='ocrx_word' id='word_1_161' title='bbox 75 2119 141 2186; x_wconf 80' lang='lat' dir='ltr'>Fae</span> <span class='ocrx_word' id='word_1_162' title='bbox 165 2141 236 2186; x_wconf 90' lang='lat' dir='ltr'>eam</span> <span class='ocrx_word' id='word_1_163' title='bbox 258 2119 465 2206; x_wconf 85' lang='lat' dir='ltr'>probabiliter</span> <span class='ocrx_word' id='word_1_164' title='bbox 488 2120 664 2204; x_wconf 87' lang='lat' dir='ltr'>expletam,</span> <span class='ocrx_word' id='word_1_165' title='bbox 691 2157 732 2168; x_wconf 91' lang='lat'>-—</span> <span class='ocrx_word' id='word_1_166' title='bbox 757 2120 842 2206; x_wconf 92' lang='lat' dir='ltr'>quod</span> <span class='ocrx_word' id='word_1_167' title='bbox 864 2142 926 2187; x_wconf 90' lang='lat' dir='ltr'>non</span> <span class='ocrx_word' id='word_1_168' title='bbox 952 2128 1001 2188; x_wconf 88' lang='lat' dir='ltr'>est</span> <span class='ocrx_word' id='word_1_169' title='bbox 1023 2123 1101 2189; x_wconf 91' lang='lat' dir='ltr'>adeo</span> <span class='ocrx_word' id='word_1_170' title='bbox 1125 2123 1271 2210; x_wconf 86' lang='lat' dir='ltr'>difficile,</span> 
     </span>
     <span class='ocr_line' id='line_1_20' title="bbox 77 2225 1272 2312; baseline 0.003 -22"><span class='ocrx_word' id='word_1_171' title='bbox 77 2263 120 2276; x_wconf 85' lang='lat'>-—</span> <span class='ocrx_word' id='word_1_172' title='bbox 145 2232 179 2290; x_wconf 90' lang='lat' dir='ltr'>at</span> <span class='ocrx_word' id='word_1_173' title='bbox 201 2226 284 2293; x_wconf 91' lang='lat' dir='ltr'>nihil</span> <span class='ocrx_word' id='word_1_174' title='bbox 307 2227 509 2312; x_wconf 87' lang='lat' dir='ltr'>proiecimus.</span> <span class='ocrx_word' id='word_1_175' title='bbox 556 2225 648 2292; x_wconf 90' lang='lat' dir='ltr'>Unde</span> <span class='ocrx_word' id='word_1_176' title='bbox 672 2229 757 2292; x_wconf 90' lang='lat' dir='ltr'>enim</span> <span class='ocrx_word' id='word_1_177' title='bbox 781 2231 981 2293; x_wconf 89' lang='lat' dir='ltr'>accusativus</span> <span class='ocrx_word' id='word_1_178' title='bbox 1004 2230 1272 2308; x_wconf 78' lang='grc' dir='ltr'><strong><em>θποπετιιανημέ·</em></strong></span> 
     </span>
     <span class='ocr_line' id='line_1_21' title="bbox 75 2330 1270 2422; baseline 0.002 -24"><span class='ocrx_word' id='word_1_179' title='bbox 75 2336 150 2399; x_wconf 72' lang='grc' dir='ltr'><strong><em>νονθ</em></strong></span> <span class='ocrx_word' id='word_1_180' title='bbox 180 2332 271 2399; x_wconf 88' lang='lat' dir='ltr'>Unde</span> <span class='ocrx_word' id='word_1_181' title='bbox 302 2331 481 2399; x_wconf 80' lang='lat' dir='ltr'>infinitivus</span> <span class='ocrx_word' id='word_1_182' title='bbox 503 2330 695 2412; x_wconf 74' lang='grc' dir='ltr'><strong><em>βοθκεοθαιθ</em></strong></span> <span class='ocrx_word' id='word_1_183' title='bbox 718 2333 790 2398; x_wconf 83' lang='grc' dir='ltr'>Νου</span> <span class='ocrx_word' id='word_1_184' title='bbox 812 2340 915 2414; x_wconf 87' lang='lat' dir='ltr'>certe,</span> <span class='ocrx_word' id='word_1_185' title='bbox 939 2335 1023 2421; x_wconf 91' lang='lat' dir='ltr'>quod</span> <span class='ocrx_word' id='word_1_186' title='bbox 1046 2336 1176 2402; x_wconf 85' lang='lat' dir='ltr'>sortasse</span> <span class='ocrx_word' id='word_1_187' title='bbox 1198 2337 1270 2422; x_wconf 88' lang='lat' dir='ltr'>quis</span> 
     </span>
     <span class='ocr_line' id='line_1_22' title="bbox 74 2439 1272 2527; baseline 0.002 -21"><span class='ocrx_word' id='word_1_188' title='bbox 74 2441 182 2527; x_wconf 87' lang='lat' dir='ltr'>primo</span> <span class='ocrx_word' id='word_1_189' title='bbox 213 2441 328 2506; x_wconf 88' lang='lat' dir='ltr'>obtutu</span> <span class='ocrx_word' id='word_1_190' title='bbox 360 2440 538 2524; x_wconf 82' lang='lat' dir='ltr'>putaverit,</span> <span class='ocrx_word' id='word_1_191' title='bbox 569 2461 587 2505; x_wconf 93' lang='lat' dir='ltr'>a</span> <span class='ocrx_word' id='word_1_192' title='bbox 618 2439 822 2524; x_wconf 88' lang='lat' dir='ltr'>praecedente</span> <span class='ocrx_word' id='word_1_193' title='bbox 855 2440 913 2505; x_wconf 76' lang='grc' dir='ltr'><strong><em>διά.</em></strong></span> <span class='ocrx_word' id='word_1_194' title='bbox 962 2441 1162 2508; x_wconf 89' lang='lat' dir='ltr'>Bellissimus</span> <span class='ocrx_word' id='word_1_195' title='bbox 1197 2463 1272 2508; x_wconf 89' lang='lat' dir='ltr'>sane</span> 
     </span>
     <span class='ocr_line' id='line_1_23' title="bbox 74 2545 1272 2633; baseline 0.001 -20"><span class='ocrx_word' id='word_1_196' title='bbox 74 2548 178 2626; x_wconf 84' lang='lat' dir='ltr'>foret,</span> <span class='ocrx_word' id='word_1_197' title='bbox 202 2548 230 2611; x_wconf 89' lang='lat' dir='ltr'>si</span> <span class='ocrx_word' id='word_1_198' title='bbox 253 2550 326 2633; x_wconf 90' lang='lat' dir='ltr'>quis</span> <span class='ocrx_word' id='word_1_199' title='bbox 348 2549 576 2612; x_wconf 70' lang='grc' dir='ltr'><strong><em>ἀποπλανᾶται</em></strong></span> <span class='ocrx_word' id='word_1_200' title='bbox 601 2549 669 2612; x_wconf 86' lang='lat' dir='ltr'>sive</span> <span class='ocrx_word' id='word_1_201' title='bbox 693 2545 744 2611; x_wconf 76' lang='grc' dir='ltr'>δια</span> <span class='ocrx_word' id='word_1_202' title='bbox 769 2550 840 2631; x_wconf 81' lang='grc' dir='ltr'><strong><em>τοῦ,</em></strong></span> <span class='ocrx_word' id='word_1_203' title='bbox 864 2550 932 2613; x_wconf 80' lang='lat' dir='ltr'>sive</span> <span class='ocrx_word' id='word_1_204' title='bbox 956 2548 1005 2612; x_wconf 76' lang='lat' dir='ltr'>isai</span> <span class='ocrx_word' id='word_1_205' title='bbox 1018 2551 1084 2633; x_wconf 65' lang='lat' dir='ltr'>ab,</span> <span class='ocrx_word' id='word_1_206' title='bbox 1104 2572 1272 2630; x_wconf 82' lang='grc' dir='ltr'><strong><em>παραπεμ·</em></strong></span> 
     </span>
     <span class='ocr_line' id='line_1_24' title="bbox 75 2653 1364 2740; baseline 0.001 -21"><span class='ocrx_word' id='word_1_207' title='bbox 75 2656 192 2738; x_wconf 76' lang='grc' dir='ltr'><strong><em>φθῆναι</em></strong></span> <span class='ocrx_word' id='word_1_208' title='bbox 224 2653 400 2730; x_wconf 79' lang='grc' dir='ltr'><strong><em>βούλεσθαι.</em></strong></span> <span class='ocrx_word' id='word_1_209' title='bbox 448 2653 559 2738; x_wconf 88' lang='lat' dir='ltr'>Neque</span> <span class='ocrx_word' id='word_1_210' title='bbox 583 2653 688 2740; x_wconf 82' lang='lat' dir='ltr'>magis</span> <span class='ocrx_word' id='word_1_211' title='bbox 713 2655 787 2738; x_wconf 91' lang='lat' dir='ltr'>quis</span> <span class='ocrx_word' id='word_1_212' title='bbox 813 2654 976 2739; x_wconf 85' lang='lat' dir='ltr'>expediat,</span> <span class='ocrx_word' id='word_1_213' title='bbox 1001 2655 1078 2740; x_wconf 91' lang='lat' dir='ltr'>quid</span> <span class='ocrx_word' id='word_1_214' title='bbox 1101 2658 1143 2720; x_wconf 91' lang='lat' dir='ltr'>sit</span> <span class='ocrx_word' id='word_1_215' title='bbox 1168 2658 1185 2731; x_wconf 78' lang='grc' dir='ltr'><strong><em>ἡ</em></strong></span> <span class='ocrx_word' id='word_1_216' title='bbox 1209 2659 1272 2734; x_wconf 73' lang='grc' dir='ltr'>μή·</span> <span class='ocrx_word' id='word_1_217' title='bbox 1363 2677 1364 2681; x_wconf 67' lang='grc'>’</span> 
     </span>
     <span class='ocr_line' id='line_1_25' title="bbox 75 2759 1273 2846; baseline 0 -20"><span class='ocrx_word' id='word_1_218' title='bbox 75 2784 161 2829; x_wconf 84' lang='grc' dir='ltr'><strong><em>νυτις</em></strong></span> <span class='ocrx_word' id='word_1_219' title='bbox 188 2761 239 2826; x_wconf 83' lang='grc' dir='ltr'><strong><em>τθν</em></strong></span> <span class='ocrx_word' id='word_1_220' title='bbox 268 2760 371 2825; x_wconf 85' lang='grc' dir='ltr'><strong><em>τθτον.</em></strong></span> <span class='ocrx_word' id='word_1_221' title='bbox 418 2759 499 2824; x_wconf 84' lang='lat' dir='ltr'>Sunt</span> <span class='ocrx_word' id='word_1_222' title='bbox 522 2759 620 2825; x_wconf 82' lang='lat' dir='ltr'>verba</span> <span class='ocrx_word' id='word_1_223' title='bbox 645 2781 684 2824; x_wconf 90' lang='lat' dir='ltr'>ac</span> <span class='ocrx_word' id='word_1_224' title='bbox 708 2779 817 2833; x_wconf 84' lang='lat' dir='ltr'>voces,</span> <span class='ocrx_word' id='word_1_225' title='bbox 841 2765 1063 2846; x_wconf 88' lang='lat' dir='ltr'>praetereaque</span> <span class='ocrx_word' id='word_1_226' title='bbox 1086 2762 1179 2827; x_wconf 91' lang='lat' dir='ltr'>nihil.</span> <span class='ocrx_word' id='word_1_227' title='bbox 1225 2761 1273 2826; x_wconf 83' lang='lat' dir='ltr'>At</span> 
     </span>
     <span class='ocr_line' id='line_1_26' title="bbox 75 2863 1272 2955; baseline 0.001 -23"><span class='ocrx_word' id='word_1_228' title='bbox 75 2867 164 2954; x_wconf 88' lang='lat' dir='ltr'>quod</span> <span class='ocrx_word' id='word_1_229' title='bbox 187 2869 221 2930; x_wconf 91' lang='lat' dir='ltr'>in</span> <span class='ocrx_word' id='word_1_230' title='bbox 243 2869 403 2952; x_wconf 87' lang='lat' dir='ltr'>superiore</span> <span class='ocrx_word' id='word_1_231' title='bbox 426 2866 546 2932; x_wconf 88' lang='lat' dir='ltr'>scholio</span> <span class='ocrx_word' id='word_1_232' title='bbox 573 2866 625 2953; x_wconf 91' lang='lat' dir='ltr'>(ad</span> <span class='ocrx_word' id='word_1_233' title='bbox 649 2887 695 2932; x_wconf 85' lang='lat' dir='ltr'>vs.</span> <span class='ocrx_word' id='word_1_234' title='bbox 722 2863 802 2937; x_wconf 73' lang='lat'>2291</span> <span class='ocrx_word' id='word_1_235' title='bbox 828 2866 911 2930; x_wconf 89' lang='lat' dir='ltr'>mihi</span> <span class='ocrx_word' id='word_1_236' title='bbox 935 2874 1090 2955; x_wconf 81' lang='lat' dir='ltr'>negatum</span> <span class='ocrx_word' id='word_1_237' title='bbox 1115 2875 1199 2946; x_wconf 87' lang='lat' dir='ltr'>erat,</span> <span class='ocrx_word' id='word_1_238' title='bbox 1219 2869 1272 2934; x_wconf 95' lang='lat' dir='ltr'>hic</span> 
     </span>
     <span class='ocr_line' id='line_1_27' title="bbox 74 2971 1272 3060; baseline 0 -20"><span class='ocrx_word' id='word_1_239' title='bbox 74 2974 161 3040; x_wconf 87' lang='lat' dir='ltr'>mihi</span> <span class='ocrx_word' id='word_1_240' title='bbox 196 2978 305 3058; x_wconf 89' lang='lat' dir='ltr'>sponte</span> <span class='ocrx_word' id='word_1_241' title='bbox 340 2973 494 3060; x_wconf 81' lang='lat' dir='ltr'>contigit,</span> <span class='ocrx_word' id='word_1_242' title='bbox 528 2977 566 3037; x_wconf 89' lang='lat' dir='ltr'>ut</span> <span class='ocrx_word' id='word_1_243' title='bbox 602 2971 774 3037; x_wconf 88' lang='lat' dir='ltr'>minutulis</span> <span class='ocrx_word' id='word_1_244' title='bbox 810 2973 1001 3056; x_wconf 90' lang='lat' dir='ltr'>quibusdam</span> <span class='ocrx_word' id='word_1_245' title='bbox 1027 2976 1272 3041; x_wconf 88' lang='lat' dir='ltr'>correctionibus</span> 
     </span>
     <span class='ocr_line' id='line_1_28' title="bbox 74 3062 1270 3167; baseline 0 -21"><span class='ocrx_word' id='word_1_246' title='bbox 74 3062 311 3146; x_wconf 63' lang='lat' dir='ltr'>balaticioru&#39;m</span> <span class='ocrx_word' id='word_1_247' title='bbox 340 3081 494 3144; x_wconf 80' lang='lat' dir='ltr'>vitiorum</span> <span class='ocrx_word' id='word_1_248' title='bbox 520 3079 672 3144; x_wconf 90' lang='lat' dir='ltr'>adhibitis</span> <span class='ocrx_word' id='word_1_249' title='bbox 695 3079 784 3144; x_wconf 89' lang='lat' dir='ltr'>locus</span> <span class='ocrx_word' id='word_1_250' title='bbox 807 3081 987 3165; x_wconf 83' lang='lat' dir='ltr'>integritati</span> <span class='ocrx_word' id='word_1_251' title='bbox 1010 3083 1137 3146; x_wconf 87' lang='lat' dir='ltr'>restitui</span> <span class='ocrx_word' id='word_1_252' title='bbox 1162 3085 1270 3167; x_wconf 88' lang='lat' dir='ltr'>possit.</span> 
     </span>
     <span class='ocr_line' id='line_1_29' title="bbox 73 3183 1273 3272; baseline -0.001 -19"><span class='ocrx_word' id='word_1_253' title='bbox 73 3187 203 3272; x_wconf 85' lang='lat' dir='ltr'>Nempe</span> <span class='ocrx_word' id='word_1_254' title='bbox 236 3186 407 3251; x_wconf 85' lang='lat' dir='ltr'>scribatur:</span> <span class='ocrx_word' id='word_1_255' title='bbox 445 3186 497 3250; x_wconf 78' lang='grc' dir='ltr'>καὶ</span> <span class='ocrx_word' id='word_1_256' title='bbox 534 3186 566 3250; x_wconf 87' lang='grc' dir='ltr'><strong><em>τθ</em></strong></span> <span class='ocrx_word' id='word_1_257' title='bbox 595 3183 688 3261; x_wconf 79' lang='grc' dir='ltr'><strong><em>ξένιον</em></strong></span> <span class='ocrx_word' id='word_1_258' title='bbox 720 3186 864 3267; x_wconf 60' lang='lat' dir='ltr'>dantiae,</span> <span class='ocrx_word' id='word_1_259' title='bbox 895 3186 1055 3266; x_wconf 67' lang='grc' dir='ltr'><strong><em>προβάτου</em></strong></span> <span class='ocrx_word' id='word_1_260' title='bbox 1079 3186 1165 3267; x_wconf 69' lang='grc' dir='ltr'><strong><em>θοριὶν</em></strong></span> <span class='ocrx_word' id='word_1_261' title='bbox 1190 3188 1273 3264; x_wconf 72' lang='grc' dir='ltr'><strong><em>ἴσοις.</em></strong></span> 
     </span>
     <span class='ocr_line' id='line_1_30' title="bbox 72 3291 1272 3380; baseline 0 -21"><span class='ocrx_word' id='word_1_262' title='bbox 72 3293 173 3379; x_wconf 37' lang='grc' dir='ltr'><strong><em>ἄλλα.</em></strong></span> <span class='ocrx_word' id='word_1_263' title='bbox 199 3292 249 3357; x_wconf 83' lang='grc' dir='ltr'><strong><em>τὸν</em></strong></span> <span class='ocrx_word' id='word_1_264' title='bbox 280 3295 323 3364; x_wconf 80' lang='grc' dir='ltr'>εἰς</span> <span class='ocrx_word' id='word_1_265' title='bbox 355 3295 424 3364; x_wconf 82' lang='grc' dir='ltr'><strong><em>τοὺς</em></strong></span> <span class='ocrx_word' id='word_1_266' title='bbox 457 3291 558 3368; x_wconf 74' lang='grc' dir='ltr'><strong><em>ξένους</em></strong></span> <span class='ocrx_word' id='word_1_267' title='bbox 584 3295 754 3366; x_wconf 74' lang='grc' dir='ltr'><strong><em>καθήκοντα</em></strong></span> <span class='ocrx_word' id='word_1_268' title='bbox 780 3292 862 3357; x_wconf 77' lang='grc' dir='ltr'><strong><em>ἔλεον</em></strong></span> <span class='ocrx_word' id='word_1_269' title='bbox 886 3294 1057 3374; x_wconf 79' lang='grc' dir='ltr'><strong><em>πρεπόντως</em></strong></span> <span class='ocrx_word' id='word_1_270' title='bbox 1082 3294 1272 3380; x_wconf 74' lang='grc' dir='ltr'><strong><em>(προβάλ-</em></strong></span> 
     </span>
     <span class='ocr_line' id='line_1_31' title="bbox 72 3396 1272 3484; baseline -0.001 -18"><span class='ocrx_word' id='word_1_271' title='bbox 72 3399 234 3484; x_wconf 57' lang='grc' dir='ltr'><strong><em>λὶται),</em></strong></span> <span class='ocrx_word' id='word_1_272' title='bbox 265 3398 596 3476; x_wconf 76' lang='grc' dir='ltr'><strong><em>οὶποτεπλανημένος</em></strong></span> <span class='ocrx_word' id='word_1_273' title='bbox 626 3396 682 3474; x_wconf 81' lang='grc' dir='ltr'>ἔξω</span> <span class='ocrx_word' id='word_1_274' title='bbox 713 3407 768 3473; x_wconf 78' lang='grc' dir='ltr'><strong><em>τῆς</em></strong></span> <span class='ocrx_word' id='word_1_275' title='bbox 802 3400 975 3477; x_wconf 74' lang='grc' dir='ltr'><strong><em>οἰκουμένης</em></strong></span> <span class='ocrx_word' id='word_1_276' title='bbox 1007 3401 1058 3465; x_wconf 73' lang='grc' dir='ltr'>δια</span> <span class='ocrx_word' id='word_1_277' title='bbox 1082 3401 1124 3466; x_wconf 77' lang='lat' dir='ltr'>rt</span> <span class='ocrx_word' id='word_1_278' title='bbox 1149 3404 1272 3478; x_wconf 68' lang='grc' dir='ltr'><strong><em>ἀγνοεῖν</em></strong></span> 
     </span>
     <span class='ocr_line' id='line_1_32' title="bbox 72 3506 1271 3588; baseline 0 -15"><span class='ocrx_word' id='word_1_279' title='bbox 72 3506 131 3573; x_wconf 76' lang='grc' dir='ltr'>καὶ</span> <span class='ocrx_word' id='word_1_280' title='bbox 155 3509 423 3588; x_wconf 77' lang='grc' dir='ltr'><strong><em>παραπεμΦθῆναι</em></strong></span> <span class='ocrx_word' id='word_1_281' title='bbox 449 3506 669 3583; x_wconf 72' lang='grc' dir='ltr'><strong><em>βουληθεὶς</em></strong></span> <span class='ocrx_word' id='word_1_282' title='bbox 695 3506 745 3571; x_wconf 77' lang='grc' dir='ltr'>διὰ</span> <span class='ocrx_word' id='word_1_283' title='bbox 769 3514 824 3580; x_wconf 79' lang='grc' dir='ltr'><strong><em>τῆς</em></strong></span> <span class='ocrx_word' id='word_1_284' title='bbox 851 3506 1006 3584; x_wconf 82' lang='grc' dir='ltr'><strong><em>μηνθοεας</em></strong></span> <span class='ocrx_word' id='word_1_285' title='bbox 1030 3513 1106 3572; x_wconf 79' lang='grc' dir='ltr'><strong><em>τῶν</em></strong></span> <span class='ocrx_word' id='word_1_286' title='bbox 1128 3506 1271 3573; x_wconf 85' lang='grc' dir='ltr'><strong><em>τθπιον.</em></strong></span> 
     </span>
     <span class='ocr_line' id='line_1_33' title="bbox 71 3611 1273 3699; baseline 0.001 -20"><span class='ocrx_word' id='word_1_287' title='bbox 71 3613 174 3679; x_wconf 84' lang='lat' dir='ltr'>Nunc</span> <span class='ocrx_word' id='word_1_288' title='bbox 198 3612 284 3678; x_wconf 85' lang='lat' dir='ltr'>clara</span> <span class='ocrx_word' id='word_1_289' title='bbox 304 3611 376 3678; x_wconf 90' lang='lat' dir='ltr'>luce</span> <span class='ocrx_word' id='word_1_290' title='bbox 399 3611 524 3699; x_wconf 84' lang='lat' dir='ltr'>tulgent</span> <span class='ocrx_word' id='word_1_291' title='bbox 548 3617 580 3677; x_wconf 93' lang='lat' dir='ltr'>et</span> <span class='ocrx_word' id='word_1_292' title='bbox 603 3632 683 3696; x_wconf 89' lang='lat' dir='ltr'>quae</span> <span class='ocrx_word' id='word_1_293' title='bbox 707 3611 854 3696; x_wconf 90' lang='lat' dir='ltr'>deinceps</span> <span class='ocrx_word' id='word_1_294' title='bbox 879 3617 1072 3696; x_wconf 90' lang='lat' dir='ltr'>sequuntur:</span> <span class='ocrx_word' id='word_1_295' title='bbox 1097 3618 1186 3678; x_wconf 81' lang='grc' dir='ltr'><strong><em>τοῦτο</em></strong></span> <span class='ocrx_word' id='word_1_296' title='bbox 1208 3614 1273 3695; x_wconf 75' lang='grc' dir='ltr'>γὰρ</span> 
     </span>
     <span class='ocr_line' id='line_1_34' title="bbox 68 3716 1269 3801; baseline -0.003 -12"><span class='ocrx_word' id='word_1_297' title='bbox 68 3721 130 3790; x_wconf 82' lang='grc' dir='ltr'>καὶ</span> <span class='ocrx_word' id='word_1_298' title='bbox 164 3719 243 3792; x_wconf 75' lang='grc' dir='ltr'><strong><em>εἰκὸς</em></strong></span> <span class='ocrx_word' id='word_1_299' title='bbox 274 3719 478 3796; x_wconf 76' lang='grc' dir='ltr'><strong><em>διανοούμενος</em></strong></span> <span class='ocrx_word' id='word_1_300' title='bbox 516 3719 569 3783; x_wconf 86' lang='grc' dir='ltr'>οὐκ</span> <span class='ocrx_word' id='word_1_301' title='bbox 600 3716 723 3790; x_wconf 81' lang='grc' dir='ltr'><strong><em>εἰιεθτθν</em></strong></span> <span class='ocrx_word' id='word_1_302' title='bbox 756 3726 819 3789; x_wconf 80' lang='grc' dir='ltr'><strong><em>τοῖς</em></strong></span> <span class='ocrx_word' id='word_1_303' title='bbox 851 3716 979 3798; x_wconf 79' lang='grc' dir='ltr'><strong><em>ἑταίροις</em></strong></span> <span class='ocrx_word' id='word_1_304' title='bbox 1010 3716 1089 3782; x_wconf 74' lang='grc' dir='ltr'><strong><em>ι’θττε</em></strong></span> <span class='ocrx_word' id='word_1_305' title='bbox 1118 3719 1269 3801; x_wconf 71' lang='grc' dir='ltr'>φεύγειν,</span> 
     </span>
     <span class='ocr_line' id='line_1_35' title="bbox 68 3821 1270 3908; baseline -0.003 -13"><span class='ocrx_word' id='word_1_306' title='bbox 68 3827 168 3896; x_wconf 67' lang='grc' dir='ltr'>ἄλλα</span> <span class='ocrx_word' id='word_1_307' title='bbox 205 3827 246 3906; x_wconf 76' lang='grc' dir='ltr'><strong><em>τῷ</em></strong></span> <span class='ocrx_word' id='word_1_308' title='bbox 282 3826 403 3906; x_wconf 77' lang='grc' dir='ltr'><strong><em>κινδύνῳ</em></strong></span> <span class='ocrx_word' id='word_1_309' title='bbox 438 3825 671 3905; x_wconf 82' lang='grc' dir='ltr'><strong><em>προτεβοθλλετο</em></strong></span> <span class='ocrx_word' id='word_1_310' title='bbox 708 3826 855 3902; x_wconf 76' lang='grc' dir='ltr'><strong><em>μαθεῖν</em></strong></span> <span class='ocrx_word' id='word_1_311' title='bbox 887 3822 1007 3900; x_wconf 69' lang='grc' dir='ltr'><strong><em>ἀξιῶν</em></strong></span> <span class='ocrx_word' id='word_1_312' title='bbox 1038 3821 1157 3907; x_wconf 71' lang='lat' dir='ltr'>incip</span> <span class='ocrx_word' id='word_1_313' title='bbox 1188 3828 1270 3908; x_wconf 71' lang='grc' dir='ltr'>πλῷ</span> 
     </span>
     <span class='ocr_line' id='line_1_36' title="bbox 66 3930 1273 4020; baseline -0.004 -16"><span class='ocrx_word' id='word_1_314' title='bbox 66 3933 272 4012; x_wconf 78' lang='grc' dir='ltr'><strong><em>τεύξεται</em></strong></span> <span class='ocrx_word' id='word_1_315' title='bbox 297 3938 363 3999; x_wconf 79' lang='grc' dir='ltr'><strong><em>τοῦ</em></strong></span> <span class='ocrx_word' id='word_1_316' title='bbox 387 3931 535 3997; x_wconf 88' lang='grc' dir='ltr'><strong><em>νθοτου.</em></strong></span> <span class='ocrx_word' id='word_1_317' title='bbox 571 3930 747 3997; x_wconf 79' lang='lat' dir='ltr'>Simillima</span> <span class='ocrx_word' id='word_1_318' title='bbox 770 3931 804 3995; x_wconf 90' lang='lat' dir='ltr'>in</span> <span class='ocrx_word' id='word_1_319' title='bbox 824 3931 934 3996; x_wconf 89' lang='lat' dir='ltr'>eodem</span> <span class='ocrx_word' id='word_1_320' title='bbox 954 3930 983 3996; x_wconf 83' lang='lat' dir='ltr'>T</span> <span class='ocrx_word' id='word_1_321' title='bbox 1002 3953 1095 4018; x_wconf 87' lang='lat' dir='ltr'>supra</span> <span class='ocrx_word' id='word_1_322' title='bbox 1115 3932 1273 4020; x_wconf 90' lang='lat' dir='ltr'>adscripta</span> 
     </span>
     <span class='ocr_line' id='line_1_37' title="bbox 17 4037 1271 4133; baseline -0.007 -18"><span class='ocrx_word' id='word_1_323' title='bbox 17 4116 31 4133; x_wconf 68' lang='lat'>„</span> <span class='ocrx_word' id='word_1_324' title='bbox 67 4050 155 4115; x_wconf 85' lang='lat' dir='ltr'>sunt</span> <span class='ocrx_word' id='word_1_325' title='bbox 186 4042 225 4108; x_wconf 90' lang='lat' dir='ltr'>ad</span> <span class='ocrx_word' id='word_1_326' title='bbox 257 4063 289 4108; x_wconf 82' lang='grc' dir='ltr'>ν.</span> <span class='ocrx_word' id='word_1_327' title='bbox 316 4041 389 4116; x_wconf 75' lang='grc'>174,</span> <span class='ocrx_word' id='word_1_328' title='bbox 424 4040 479 4104; x_wconf 90' lang='lat' dir='ltr'>ubi</span> <span class='ocrx_word' id='word_1_329' title='bbox 502 4061 576 4104; x_wconf 90' lang='lat' dir='ltr'>cum</span> <span class='ocrx_word' id='word_1_330' title='bbox 599 4037 710 4104; x_wconf 86' lang='lat' dir='ltr'>Ulixes</span> <span class='ocrx_word' id='word_1_331' title='bbox 734 4037 866 4104; x_wconf 82' lang='lat' dir='ltr'>dixisset</span> <span class='ocrx_word' id='word_1_332' title='bbox 886 4037 973 4104; x_wconf 80' lang='grc' dir='ltr'><strong><em>τῶνδ’</em></strong></span> <span class='ocrx_word' id='word_1_333' title='bbox 998 4038 1108 4122; x_wconf 70' lang='grc' dir='ltr'><strong><em>ἀνδρῶν</em></strong></span> <span class='ocrx_word' id='word_1_334' title='bbox 1132 4041 1271 4124; x_wconf 71' lang='grc' dir='ltr'><strong><em>πειρήτι-</em></strong></span> 
     </span>
    </p>
   </div>
   <div class='ocr_carea' id='block_1_4' title="bbox 0 0 1494 4950">
    <p class='ocr_par' dir='ltr' id='par_1_4' title="bbox 0 0 1494 4950">
     <span class='ocr_line' id='line_1_38' title="bbox 0 0 1494 4950; baseline 0 1"><span class='ocrx_word' id='word_1_335' title='bbox 0 0 1494 4950; x_wconf 95' lang='lat' dir='ltr'> </span> 
     </span>
    </p>
   </div>
  </div>
 </body>
</html>
