2978 4950
713 163 778 226 elo

149 378 174 420 s.
199 377 228 419 v.
266 352 548 431 Δυσηλεγίος·
588 354 617 417 ἐν
649 363 687 435 τῇ
718 380 744 436 χ
778 362 834 426 της
870 351 1054 422 Ὀδυσσείας
1091 352 1106 414 θ
1138 351 1332 431 Ἀρίσταρχος

151 458 245 539 »ὅταν
277 463 333 537 μὲν
365 461 445 543 ily„
477 461 528 524 τθν
560 459 690 526 θοίνατον
721 466 874 537 τοιοῦτον,
905 460 1048 537 σημαίνει
1079 457 1332 538 μακροκσίροητον,

149 564 223 632 ὅταν
248 567 278 631 δὲ
302 564 425 644 ἄλλοις,
451 566 663 648 καταστρέφει
685 569 727 640 είς
751 566 864 633 ταύτὸν
888 569 931 646 τῷ
954 564 1210 643 κακοκοίμητον.”

195 798 237 855 χ,
265 774 342 840 462.
391 775 454 840 Τὸν
497 774 547 839 δια
587 776 695 857 ξίφους
734 776 863 842 θοίνατον
895 782 947 842 τοῦ
980 776 1208 856 ἦρχονισμίνου
1240 775 1334 861 [lari-

148 887 216 966 του]
253 883 385 965 ἐνθμιζον
422 883 633 964 καθαρώτερον.
660 881 716 970 (Q)
750 883 861 949 Eiecto
897 883 1028 949 demum
1066 880 1202 947 θανιθτου
1245 883 1333 948 orello

150 989 270 1057 Graeco
293 1011 380 1057 moro
403 991 577 1074 compositu
601 992 671 1055 erit.

192 1206 235 1286 ψ,
259 1200 313 1265 81.
361 1199 518 1285 Penelope
546 1200 586 1266 ab
610 1199 769 1287 Euryclea
793 1199 832 1265 de
858 1199 963 1265 Ulixis
986 1200 1095 1266 reditu
1121 1201 1239 1266 certior
1261 1198 1334 1263 bata

148 1314 182 1374 at
205 1307 350 1373 diffidens
373 1310 433 1372 rei:

328 1422 414 1491 μαῖα
437 1415 536 1495 φίλη,
561 1413 706 1494 χαλεπθν
730 1437 765 1479 σε
789 1415 859 1479 θεῶν
883 1413 1102 1492 αἰειγενετάων

328 1520 418 1594 birsa
441 1520 593 1604 είρυσθαι,
616 1519 709 1596 μοίλα
734 1544 789 1601 περ
814 1520 968 1601 πσλιίιθριν
992 1522 1114 1587 ἐοῦσαν.

145 1628 335 1715 Paruphrasi
372 1628 448 1693 haec
484 1626 687 1692 illustrantur
716 1630 781 1692 ita:
815 1627 978 1708 χαλεπόν,
1011 1629 1039 1692 εί
1068 1652 1115 1699 τις
1148 1631 1181 1693 οὐ
1206 1626 1334 1708 φυλάξει

146 1738 216 1800 θεῶν
240 1735 466 1817 βουλεύματα,
490 1735 524 1797 τὸ
547 1732 691 1813 φυλάξαι
716 1734 886 1812 ἀνθρώπων.
915 1733 1003 1800 Haec
1027 1735 1266 1802 Ambrosianus.
1288 1732 1333 1821 (Q)

146 1843 263 1927 Ecquis
285 1838 466 1927 intellegit?
491 1839 623 1906 Meliore
646 1861 714 1905 esse
739 1841 889 1906 dicuntur
912 1844 945 1905 in
970 1841 1156 1907 Harleiano.
1206 1840 1335 1908 Dindor·

146 1946 222 2012 lius:
262 1947 382 2029 „scribo
418 1943 482 2019 ίίτιο
518 1948 551 2010 οὐ
587 1945 763 2024 φυλοίσσεις
802 1967 841 2012 ex
876 1945 941 2011 H‘’.
975 1946 1090 2032 (Praei.
1118 1968 1150 2032 p.
1176 1950 1272 2034 mx)
1293 1948 1335 2015 Ns

145 2075 229 2119 nunc
260 2052 389 2138 quidem
422 2051 514 2137 plane
545 2052 714 2139 intellego,
748 2055 810 2117 nisi
842 2052 1116 2118 substantivorum
1142 2057 1272 2120 inverso
1295 2076 1336 2120 or·

146 2160 236 2224 dine:
268 2159 430 2238 χαλεπόν,
463 2158 527 2231 ἥτις
560 2164 592 2223 ού
616 2159 791 2238 φυλάσσεις
816 2159 1029 2237 οίνθριίπιον
1052 2159 1285 2244 βουλεύματα,
1305 2166 1334 2225 τί

144 2263 288 2346 φυλάξαι
313 2267 412 2330 θεῶν.
459 2265 582 2350 Nempe
606 2265 755 2331 ridentur
778 2287 818 2331 ex
838 2267 998 2331 veteribus
1018 2268 1252 2352 interpretibus
1274 2269 1335 2353 qui·

145 2373 217 2438 dom
238 2373 371 2436 verbum
393 2371 525 2450 εἴρυσθαι
545 2379 577 2435 et
588 2371 641 2437 hic
653 2394 708 2457 per
720 2372 895 2452 Φυλάσσειν
908 2375 1115 2457 expressisse,
1129 2395 1213 2460 quae
1226 2377 1336 2441 υοὶίοίε

144 2488 192 2543 est
224 2477 424 2565 significatio.
471 2477 591 2543 Melius
627 2480 829 2544 Aristarchus
861 2501 916 2564 per
946 2479 1075 2563 είδίναι,
1108 2492 1147 2544 ut
1178 2480 1282 2545 efficio
1303 2503 1335 2545 ex

147 2585 306 2671 Apollonii
337 2584 462 2671 glossa:
496 2586 712 2660 Είρυσθαι·
743 2586 793 2649 νῦν
827 2588 904 2655 ἰδίως
932 2587 965 2648 τὸ
991 2587 1122 2664 εἴρυσθαι
1149 2589 1200 2650 ἐπὶ
1228 2592 1280 2651 τοῦ
1303 2589 1336 2650 εί-

146 2695 227 2757 δέναι
253 2694 482 2768 παρείληπται·
508 2691 572 2755 ἔστι
596 2694 658 2769 γὰρ
680 2694 746 2755 clari
770 2699 821 2757 τοῦ
843 2697 877 2771 (i.
892 2716 918 2757 e.
940 2691 1020 2758 solet
1040 2694 1127 2757 enim
1148 2693 1335 2781 significare)

144 2800 319 2880 φυλάσσειν
343 2800 394 2862 καί
421 2797 541 2878 σώζειν·
568 2808 673 2873 „cxix
697 2800 795 2881 φίλη,
819 2800 963 2878 χαλεπόν
983 2823 1018 2862 σε
1040 2838 1080 2847 -
1102 2801 1265 2879 πολύϊδριν
1283 2804 1336 2864 tou·

146 2907 234 2973 σαν.”
258 2906 306 2970 Ex
330 2907 500 2969 Aristonici
525 2912 597 2968 nota
622 2905 698 2969 haec
719 2909 876 2993 originem
898 2909 1030 2971 traxisse
1051 2907 1175 2988 uideri,
1199 2911 1233 2972 in
1246 2909 1336 2973 altero

147 3025 236 3099 parte
261 3014 475 3077 demonstrare
498 3012 641 3076 conabor.

191 3235 235 3303 ψ,
269 3225 322 3290 82.
373 3224 555 3304 Πυλθίδριν·
592 3228 772 3301 πολυπαθῆ,
809 3226 914 3289 πολλοὶ
950 3227 1072 3290 εἰδυῖαν.
1113 3228 1166 3312 (Q)
1207 3225 1335 3293 Credam

148 3336 253 3419 potius
279 3336 332 3404 την
357 3334 574 3408 πολυμαθῆ
599 3333 769 3419 designari.

192 3550 236 3624 ψ,
263 3543 338 3606 296.
387 3541 551 3606 Ἀσποίσιοι
575 3543 707 3620 λέκτροιο
733 3546 869 3605 παλαιοῦ
895 3542 1003 3618 θεσμὸν
1028 3538 1134 3605 ίκοντο.
1185 3543 1336 3629 Interpres

147 3653 251 3714 nescio
283 3651 353 3733 quia
384 3652 416 3712 in
449 3648 534 3712 MV:
568 3651 738 3719 οίσπαστῶς
771 3650 823 3710 καί
854 3652 1076 3722 ἐπιθυμητικῶς
1101 3650 1335 3726 ὑπεμνησθησαν

146 3762 199 3819 τοῦ
233 3756 334 3818 ποίλαι
369 3763 423 3828 τῆς
450 3756 608 3825 συνουσίας
633 3757 732 3829 νόμου.
781 3754 825 3819 Ut
848 3757 1023 3819 rectissime
1053 3755 1173 3820 dicitur
1199 3757 1212 3818 θ
1239 3757 1334 3821 παλαι

74 3876 78 3890 “
147 3861 248 3936 adcor,
274 3864 390 3925 siccine
414 3865 510 3925 etiam
536 3863 549 3924 θ
574 3861 676 3924 ποίλαι
701 3871 755 3935 τῆς
780 3862 938 3932 συνουσίας
965 3858 1074 3938 abaco?
1099 3859 1184 3926 Cum
1198 3863 1334 3929 multum

146 3968 307 4044 dubitem,
344 3971 574 4051 rescripserim:
610 3969 845 4042 ὑπεμνησθησαν
872 3971 924 4031 τοῦ
951 3975 1134 4032 παλαιοῦ
1159 3977 1217 4041 τῆς
1242 3993 1334 4033 συναι-

145 4075 214 4143 σίας
248 4073 347 4148 νόμου.
396 4074 432 4137 1η
465 4075 620 4139 vocabulo
644 4075 741 4139 semel
768 4076 819 4139 hic
844 4075 926 4160 apud
951 4073 1130 4139 Homerum
1158 4083 1334 4142 occurrente

145 4186 266 4244 veteres
302 4182 429 4245 solitam
466 4180 729 4267 significationem
760 4204 928 4269 agnoscere
961 4203 999 4245 ex
1032 4183 1091 4246 lrac
1125 4193 1202 4248 nota
1234 4185 1332 4269 palam

145 4284 198 4359 fit,
231 4308 331 4371 neque
362 4309 414 4350 me
448 4290 486 4349 iis
518 4310 556 4351 ex
584 4291 811 4355 recentioribus
840 4288 1029 4374 adstipulari
1054 4310 1163 4373 posse,
1190 4296 1246 4376 qui
1271 4293 1332 4356 voci
