2978 4950
712 188 778 257 388

192 389 224 464 ί,
256 383 334 451 523.
371 383 483 450 Ulixes
516 383 635 448 auditis
664 382 759 446 rebus
790 380 857 445 suis
888 379 960 463 flet,
993 380 1031 450 ὥς
1057 377 1087 442 δὲ
1115 376 1193 455 νυνίι
1220 372 1324 456 κλαίῃσι

144 496 236 576 φίλον
261 490 350 556 τίσιν
373 493 603 569 ἀμφιπεσοῦσα
628 494 660 553 et
684 508 765 572 quac
790 488 937 572 deinceps
963 491 1149 571 sequuntur.
1185 482 1234 547 Ad
1257 500 1326 547 ccm-

147 602 347 686 parationem
371 597 548 684 longiorem
574 595 628 660 sed
659 595 822 659 tenerrimi
847 593 976 657 affectus
1000 590 1217 677 planissimam
1240 588 1325 653 obscr-

149 709 237 771 vatio
268 705 418 769 rhetorici
453 704 579 790 generis
610 701 731 787 legitur
762 702 795 763 in
819 698 864 763 T:
890 696 1062 772 αὐξήσει
1090 697 1154 760 ἕτί
1181 701 1250 768 τῆς
1272 717 1327 757 τα·

149 811 332 891 peccave
358 809 395 873 δι’
423 808 554 872 ἑκοίστου
578 810 636 871 τῶν
662 806 879 888 ἐπαγομένων,
904 802 980 868 ὥστε
1000 802 1157 881 μηδεμίαν
1178 801 1327 880 ύτερβολίιι

149 922 202 981 τοῦ
235 915 335 980 οίκτου
367 916 628 978 καταλείπεσθαι.
662 919 777 991 πρῶτον
809 915 864 986 μὲν
896 909 943 976 οὖν
975 912 1011 974 τὸ
1044 909 1202 988 τρίτατον
1229 909 1328 972 edroi

150 1024 283 1101 οίκτρύν·
308 1021 359 1085 καί
385 1023 447 1100 γὰρ
472 1019 576 1091 ἄλλως
598 1023 677 1096 γυνὴ
696 1021 847 1083 κλαίουσα
868 1019 1007 1095 πένθιμον
1030 1017 1101 1098 ἔχει
1126 1017 1183 1090 τὴν
1207 1014 1327 1080 διοίίεσιν.

150 1127 220 1195 εἶτα
246 1130 395 1207 ἐσήγαγε
422 1127 534 1207 „diuos
559 1126 682 1210 πόσιν,”
707 1126 737 1189 ἐν
761 1119 782 1206 ᾧ
807 1123 936 1201 αὔξκτίς
961 1124 1026 1188 ἐστι
1051 1125 1103 1189 διὰ
1128 1120 1328 1186 recluditur·

152 1235 342 1311 καταύύμιον
369 1236 431 1313 reip
458 1257 528 1297 τινα
553 1234 603 1297 καί
627 1234 752 1310 ἀρεστὸν
774 1233 879 1311 θρηνεῖ.
902 1225 972 1295 εἶτα
994 1230 1046 1293 καί
1072 1224 1330 1313 ,αμφιτσσοῦσί

151 1344 184 1406 ού
218 1345 279 1420 γὰρ
313 1341 477 1404 οίκούοασα
507 1342 561 1411 τίιν
592 1340 753 1416 ewistun
777 1338 865 1402 οίλλίι
889 1341 1120 1417 ταρατυχούτα
1145 1336 1210 1402 τὸν
1232 1334 1331 1417 φόνοι

152 1449 204 1511 καί
237 1448 334 1525 ὁρῶσα
366 1447 395 1508 ἐν
427 1444 495 1525 ὄψει
529 1447 562 1509 τύ
588 1450 736 1523 πρᾶγμα.
784 1443 969 1511 Observatio
992 1451 1030 1508 ut
1058 1447 1170 1527 poetae
1194 1440 1286 1507 verba
1302 1436 1331 1504 il·

152 1554 283 1623 lustret,
310 1551 463 1617 nonnulla
488 1552 674 1639 corrigenda
698 1558 799 1616 erunt.
849 1551 916 1616 Iam
946 1554 1047 1636 prima
1072 1548 1170 1614 verba
1188 1556 1330 1633 corrupta,

155 1663 188 1724 in
219 1660 336 1743 quibus
371 1662 440 1723 sive
473 1658 600 1735 αὐξήσει
633 1678 688 1743 pro
719 1658 828 1722 futuro
851 1660 1046 1742 accipiamus
1069 1658 1138 1720 sive
1162 1675 1219 1740 pro
1241 1653 1333 1718 dativo

154 1766 365 1841 substantivi,
393 1772 424 1830 et
449 1764 593 1829 futurum
618 1773 650 1829 et
678 1765 807 1829 dativus
829 1784 892 1828 non
915 1762 1008 1828 l'acile
1032 1783 1143 1827 sanam
1167 1765 1331 1847 interpreta-

156 1875 275 1936 tionem
310 1870 492 1935 admittent.
540 1870 680 1935 Facilius
712 1870 873 1955 capietur:
899 1867 1074 1944 αὔξησίς
1100 1862 1189 1931 ἔστι
1212 1875 1265 1941 τῆς
1286 1888 1332 1929 τα

158 1978 294 2058 ραβολῆς
316 1976 354 2041 δι’
376 1977 507 2041 ἕκαστον
528 1984 586 2040 τῶν
607 1978 828 2055 ἐπαγομένων,
849 1979 1016 2041 utstatim
1037 1981 1124 2060 post:
1147 1968 1331 2055 ἒνῷαύξιινίς

159 2087 223 2148 ἐστι
259 2084 311 2148 διὰ
342 2089 395 2148 τού
429 2084 574 2148 ἐτιίέτου,
624 2084 744 2148 Deinde
776 2104 838 2148 non
862 2085 897 2146 τὸ
921 2082 1078 2162 τρίτατον
1101 2084 1198 2146 αὐτοῦ
1221 2079 1332 2158 οίκτρίι,

156 2192 211 2256 sed
238 2190 338 2255 αύτί
350 2238 358 2266 ,
383 2189 545 2277 intellegit
569 2194 654 2255 enim
680 2196 796 2269 σχῆμα
820 2191 966 2266 γυναικὸς
989 2188 1157 2262 κλαούσκο.
1194 2186 1331 2261 Tandem,

159 2319 199 2362 ne
231 2299 461 2384 grammaticus
486 2299 518 2359 in
542 2300 755 2383 grammatica
779 2299 899 2362 ratione
925 2295 1062 2381 turpiter
1086 2293 1230 2370 labatur,
1252 2316 1333 2373 τινα

156 2408 299 2484 τυχοῦσα
332 2404 380 2480 τῷ
404 2401 509 2483 φόνῳ
535 2405 691 2486 scriptum
716 2410 849 2488 oportet.
885 2402 1032 2485 Errores,
1054 2407 1092 2465 ut
1111 2403 1147 2465 in
1168 2401 1227 2466 hoc
1247 2400 1333 2466 codice

160 2512 346 2593 saepissime
379 2530 439 2572 usu
470 2513 576 2585 venit,
610 2532 646 2573 ex
682 2514 856 2593 scripturae
885 2508 1081 2593 compendiis
1115 2508 1184 2573 sive
1212 2507 1333 2571 ascribe

159 2620 227 2681 sive
252 2618 290 2680 ab
316 2616 490 2679 editoribus
515 2616 600 2680 male
626 2617 760 2700 expletis
786 2615 946 2700 repetendi
970 2626 1053 2678 sunt.

204 2830 237 2910 ί,
272 2827 347 2891 529.
383 2827 455 2890 Vox
488 2828 593 2906 είρερος
620 2829 718 2892 semel
743 2831 826 2912 apud
853 2831 1030 2895 Homerum
1056 2851 1224 2895 occurrens
1246 2848 1335 2917 gran·

159 2937 283 2999 maticis
303 2934 515 2999 laetissimam
537 2938 732 2999 occasionem
756 2936 901 3018 praebuit
921 2937 1131 3024 etymologiis
1151 2953 1337 3023 omuegenus

160 3040 353 3105 luxuriandi.
392 3040 527 3118 Εἵρερονε
565 3043 809 3122 αἰχμαλωσίαν,
841 3042 978 3106 δουλείαν
1005 3047 1059 3117 τὴν
1083 3045 1150 3122 cepi
1180 3046 1221 3109 roi
1246 3041 1337 3118 ἔργα.

162 3148 227 3212 καί
267 3147 514 3211 ἀναπέπλασται
553 3150 625 3211 κατ’
662 3148 761 3226 ἀρχὴν
799 3151 884 3227 παρὰ
918 3150 951 3212 τὸ
985 3151 1052 3227 ἕρῖιν
1078 3151 1165 3225 μετὰ
1189 3147 1338 3226 ἐλευθερίας

161 3254 245 3332 cipeto
282 3254 333 3315 xci
371 3254 474 3330 λέγειν
511 3257 580 3323 τοὺς
615 3256 746 3323 δούλους.
795 3255 970 3342 Hucusque
1004 3259 1167 3322 uberrime
1200 3257 1339 3343 Vulgutt,

162 3359 370 3423 Ambrosiano
397 3360 449 3444 (Q)
477 3363 540 3424 iam
567 3364 600 3423 in
624 3361 711 3437 ταρὰ
738 3362 772 3423 τὸ
797 3362 866 3438 ε’ρῖιν
892 3363 1070 3438 desinente,
1095 3364 1179 3429 unde
1199 3378 1341 3451 gramna-

162 3470 218 3531 tici
251 3468 423 3542 sententia,
456 3471 510 3551 qui
535 3468 611 3531 haec
636 3467 713 3534 olim
738 3472 951 3554 excogitavit,
976 3473 1041 3534 iam
1066 3471 1233 3535 obscurior
1254 3464 1342 3534 evadit

163 3580 195 3636 et
227 3572 388 3637 difficilior
413 3573 587 3638 intellectu.
637 3574 732 3638 Peius
758 3574 866 3639 eudem
896 3576 1036 3641 mulcata
1062 3580 1169 3642 estin
1194 3576 1341 3645 Palatino,

162 3681 216 3761 qui
243 3679 319 3743 haec
345 3679 466 3743 scilicet
492 3681 565 3744 dat:
599 3682 842 3758 αίχμοιλοισίαν,
870 3682 1008 3746 δουλείαν
1032 3686 1087 3755 τὴν
1112 3685 1180 3763 περὶ
1205 3685 1248 3747 τοὶ
1272 3682 1341 3760 ἔργα.

163 3785 213 3845 καί
247 3785 494 3848 ἀναπέπλασται
528 3789 612 3864 παρὰ
636 3786 670 3849 τὸ
696 3788 765 3864 ἕροῖν
791 3790 875 3862 μετίο
900 3791 1137 3865 ἕτιύυμίας.
1176 3792 1238 3855 Ain
1265 3786 1344 3854 vcro?

161 3891 305 3954 Servitus
336 3913 374 3954 er
410 3894 598 3975 captivitate
632 3899 701 3956 crta
733 3894 806 3958 hinc
839 3895 923 3959 dicta
948 3896 1084 3980 dieitur,
1110 3899 1191 3981 quod
1211 3904 1276 3981 quis
1296 3914 1343 3957 ιον

162 4000 252 4080 effuse
283 3997 406 4076 divicit!
441 3996 512 4060 Non
547 4019 715 4081 possumus
747 4007 908 4084 tantopere
933 4001 1106 4067 delirantes
1130 4004 1184 4068 vel
1209 4004 1344 4088 pessimos

163 4112 195 4163 et
229 4103 464 4166 recentissimos
499 4101 734 4168 Grammaticos
769 4109 801 4168 in
838 4110 981 4171 animum
1018 4109 1181 4173 inducere.
1244 4107 1344 4173 Veron

161 4205 222 4268 hcc
246 4226 369 4290 quoque
394 4208 532 4272 ioculare
556 4212 674 4273 vitium
700 4213 852 4285 ostendit,
878 4217 986 4278 omnia
1007 4217 1040 4278 in
1060 4219 1178 4280 nostris
1198 4215 1345 4280 codicibus

163 4310 201 4374 de
233 4309 291 4374 hcc
321 4312 475 4377 vocabulo
506 4314 623 4380 tradita
645 4337 683 4386 ex
710 4337 772 4381 unc
798 4319 883 4385 fonte
907 4320 1044 4385 evanido
1068 4328 1100 4386 et
1125 4320 1252 4386 difficili
1275 4319 1346 4385 lacta
