2978 4950
746 208 809 280 let

147 410 276 475 atum.
300 401 374 468 Nou
389 406 495 492 magis
506 405 610 492 igitur
623 405 846 489 praepositioni
859 402 925 483 περὶ
940 402 1131 487 parcendum
1145 408 1193 470 est
1205 411 1237 472 et
1248 408 1369 473 otiosae

146 520 187 581 et
229 530 370 576 sensum
402 513 634 596 corrumpenti‚
667 513 853 595 praesertim
884 529 958 575 cnm
989 509 1099 575 eadem
1131 510 1250 578 lenutio
1273 510 1369 599 peulo

145 618 364 706 exquisitior
395 617 493 683 etiam
516 617 593 683 alibi
616 618 650 681 in
673 614 810 680 Scholiis
837 624 870 681 et
892 613 1051 702 Odysseae
1074 622 1107 682 et
1129 616 1240 685 Iliadis
1263 618 1369 687 labem

143 744 264 814 pana
297 724 353 788 sit.
399 722 461 789 Sed
494 725 575 789 dabo
599 725 740 808 primum
764 721 926 807 exempla,
953 723 1010 786 ubi
1033 729 1119 789 recta
1141 726 1297 811 scriptura
1321 728 1368 792 iu·

146 834 257 899 έιοῐο
293 832 441 906 emersit,
478 836 515 894 ut
547 849 660 894 verum
693 848 760 894 esse
789 833 938 914 appareat
972 829 1055 914 qnod
1087 829 1172 915 dixi,
1196 831 1279 897 nihil
1302 852 1369 899 essa

146 935 224 1003 hae
261 934 424 1000 locutione
446 938 481 1000 in
505 933 643 1000 Scholils
665 935 869 1019 frequentius.
917 931 1063 1000 Occurrit
1087 938 1109 1000 i.
1122 957 1150 1003 a.
1174 961 1195 1001 α
1222 937 1299 1014 130,
1323 976 1369 990 -

149 1061 272 1128 quem
304 1040 413 1107 locum
447 1044 514 1106 iam
546 1044 580 1105 in
610 1041 868 1106 antecedentibus
899 1041 1087 1128 attigimus,
1113 1082 1155 1092 -
1180 1043 1288 1112 πάντα
1320 1040 1370 1112 οὗν

154 1144 309 1229 myxas
331 1146 365 1211 τδ
384 1152 503 1229 σῶφρον
521 1151 575 1212 τοῦ
596 1146 677 1225 νέου,
698 1147 741 1210 τά
763 1150 818 1210 τοῦ
841 1145 935 1224 λθγου
957 1147 1010 1212 καὶ
1035 1149 1078 1213 τοὶ
1101 1154 1156 1214 τοῦ
1179 1152 1308 1232 τρθπου,
1322 1191 1365 1203 -

155 1257 316 1319 oecurrit
349 1253 374 1331 β
400 1252 482 1320 389:
516 1252 550 1318 τδ
582 1253 638 1332 μέν
669 1254 733 1332 γάρ
762 1255 868 1318 λαθεῖν
890 1253 1055 1331 δυνάμενον
1079 1259 1132 1321 καὶ
1157 1259 1227 1335 μεθ’
1252 1259 1368 1340 inleso

157 1357 378 1439 πέπρακται,
404 1395 458 1413 --
472 1396 492 1411 -
516 1360 559 1425 τά
593 1359 625 1425 δέ
658 1365 714 1432 τῆς
749 1361 901 1434 καθολκνῑς
935 1361 995 1446 (ita
1026 1363 1209 1430 emendavit
1231 1361 1369 1434 (lobetue

156 1466 408 1533 nonachorum
428 1467 604 1552 καθολικῆς)
624 1471 677 1530 τοῦ
689 1466 816 1537 σκάτους
828 1465 1059 1542 ἐπεληλυθότος,
1075 1505 1116 1517 -
1130 1473 1301 1550 οουηττίθγ
1315 1472 1369 1552 79,

156 1568 220 1635 nbi
260 1594 339 1639 cum
375 1572 587 1639 Telemachus
621 1573 786 1638 Nestorem
823 1572 882 1637 hoc
914 1573 1008 1638 modo
1040 1572 1198 1641 allocutus
1222 1585 1318 1644 esset:
1347 1577 1368 1645 ὦ

157 1674 295 1761 Νέστορ
325 1681 508 1755 Νηληϊάδη.
540 1680 629 1757 μέγα
664 1678 750 1749 κῦδος
783 1680 940 1759 Ἀχαιῶν,
964 1679 1085 1744 scholia
1107 1682 1369 1751 observaverunt:

158 1776 245 1855 ἇξια
281 1795 337 1861 τῆς
367 1786 579 1862 διαδεδομένης
608 1785 717 1862 Φήμης
741 1789 793 1849 τοῦ
817 1785 966 1862 Νέστορος
990 1786 1033 1858 εἰς
1065 1782 1195 1852 άπασαν
1227 1791 1370 1857 Ἐλλάδα

159 1885 204 1951 τὸ
231 1901 298 1969 τῆς
323 1894 483 1971 εἰσβολῆς.
507 1893 596 1977 [πρὸς
627 1893 681 1966 τθρν
712 1891 852 1976 Φράσιν].
885 1889 1017 1977 (ΜΡΤ.)
1042 1893 1243 1960 Eiiciendum
1264 1898 1299 1962 in
1322 1899 1372 1966 hie

162 1996 241 2070 προς
284 2002 340 2076 την
370 1999 504 2080 φράσιν,
536 1998 619 2084 quod
643 2004 676 2063 et
698 1995 953 2084 Hambnrgensis
976 2000 1101 2063 omittit
1124 2005 1157 2064 et
1179 2001 1219 2067 ad
1244 2023 1372 2070 sensum

161 2095 271 2182 plane
300 2126 537 2192 supervacuum
569 2111 617 2169 est
644 2110 676 2169 et
707 2101 914 2190 neglegenter
934 2106 1158 2190 enunciatnm;
1185 2111 1371 2176 -etenim

163 2203 209 2268 τὶ
253 2220 313 2287 τῆς
348 2210 495 2290 εἰσβολῆς
530 2208 607 2286 άξια
642 2217 697 2284 τῆς
733 2210 843 2289 olnae
878 2210 988 2274 κατά
1024 2212 1078 2285 rip
1110 2213 1225 2293 Φράσον
1247 2216 1371 2285 dictum

165 2321 333 2395 oportuit.
371 2316 639 2404 quemadmodum
678 2317 823 2393 εὐτελὴς,
859 2316 1007 2394 άγεννὶρς,
1044 2317 1150 2394 εὐήθης
1186 2324 1270 2388 κατὰ
1307 2327 1372 2411 (vel

165 2418 259 2505 περὶ)
292 2427 348 2501 τὴν
378 2423 494 2507 φράσιν
524 2424 651 2488 dicitur.
685 2421 769 2488 (lum
798 2425 949 2488 orationis
976 2421 1203 2494 Telemacheoe
1221 2431 1372 2499 introitus

166 2522 270 2594 nulla
291 2530 356 2598 alia
378 2553 413 2597 re
436 2531 579 2597 Nestoris
603 2531 757 2613 sapientie
779 2528 897 2616 dignus
919 2550 987 2596 esse
1010 2534 1110 2616 possit
1133 2554 1228 2618 quam
1254 2541 1372 2617 verbis,

166 2639 353 2711 Pnesubit
394 2636 467 2718 πρθς
507 2640 561 2712 την
603 2636 716 2717 φράσιν
751 2634 909 2701 emblema
944 2637 1096 2704 iudicare.
1144 2639 1206 2708 Sed
1240 2664 1373 2732 pergam

171 2744 329 2831 exemplo
361 2764 518 2830 apponere
552 2742 721 2808 locutionis
757 2745 844 2819 eius,
879 2742 918 2808 de
954 2763 1016 2828 qua
1051 2766 1134 2810 nunc
1170 2769 1273 2814 sermo
1308 2765 1374 2838 est,

171 2838 281 2917 simul
309 2849 367 2917 ubi
389 2852 509 2916 vitium
533 2851 699 2915 accesserit
724 2849 861 2915 breviter
882 2863 1020 2935 arguens
1043 2854 1075 2915 et
1098 2853 1276 2920 emendans.
1310 2857 1375 2925 Ita·

174 2961 236 3027 qne
275 2958 343 3023 sine
376 2957 459 3023 vitio
493 2953 614 3043 legitur
646 2977 669 3032 γ
696 2953 781 3018 245:
818 2954 1093 3035 περιγραφομένου
1124 2950 1174 3022 οὖν
1205 2967 1263 3025 τῶν
1287 2972 1373 3044 τριῶν

176 3055 298 3138 ’τέκον
321 3063 364 3128 τά
387 3071 444 3137 της
469 3060 602 3134 διανοίας
626 3060 789 3142 χαρίεντα.
816 3084 905 3139 -γ
931 3059 1014 3127 301:
1041 3065 1171 3135 πιθανῶς
1195 3066 1226 3132 δέ
1250 3073 1375 3150 συμμε-

179 3159 323 3238 θΰέεοοπαι
356 3170 401 3234 τά
431 3174 486 3241 τῆς
518 3167 695 3245 διηγήσεως.
726 3204 768 3216 -
793 3166 811 3231 δ
837 3165 922 3232 285:
955 3171 1008 3234 οθιι
1032 3169 1190 3250 έφέροντο,
1218 3210 1237 3223 -
1254 3211 1307 3227 --
1332 3181 1375 3246 τὰ

180 3265 239 3346 θὶς
267 3284 323 3353 τῆς
348 3274 508 3347 διαθέσεως
532 3273 653 3355 ψυχρά.
678 3274 755 3339 -δ
780 3273 863 3340 697;
889 3273 1050 3351 δαιμονίως
1075 3274 1143 3358 ἔχει
1168 3281 1210 3345 τά
1233 3289 1289 3356 τῆς
1310 3285 1375 3352 δια-

181 3367 301 3457 θέσεως.
316 3382 390 3448 -δ
415 3379 499 3447 796:
524 3383 556 3446 οὐ
581 3380 618 3445 δι’
643 3381 753 3454 έαυτης
778 3380 908 3461 ἔρχεται
934 3383 950 3456 ἡ
975 3384 1107 3463 Ἀθηνᾶ,
1131 3382 1180 3450 ἵνα
1207 3390 1251 3464 μη
1275 3392 1375 3470 alnay.

183 3487 280 3570 ”⁰05
311 3514 342 3555 πι
373 3489 472 3555 εἰπεῖν
503 3487 569 3568 περὶ
604 3486 775 3560 Ὀδυσσέως
799 3490 851 3552 καὶ
877 3489 952 3570 λυθρῑ
976 3490 1019 3553 τά
1044 3496 1099 3564 τῆς
1124 3492 1301 3568 ὑποθέσεως.
1331 3536 1374 3549 -

184 3582 280 3659 οδθε
315 3598 351 3663 πδ
374 3595 402 3661 δ’
426 3594 507 3673 „oet
531 3592 561 3658 εθ
583 3616 631 3665 τις
654 3593 801 3672 άπθπροθι
825 3593 959 3671 δώματα
982 3595 1082 3660 ναίει”
1108 3596 1256 3682 (Homeri
1278 3606 1375 3672 verba

184 3702 274 3765 unt:
296 3704 331 3769 οὐ
354 3702 420 3781 γάρ
443 3703 472 3765 π’
496 3702 634 3778 optem
660 3701 716 3764 θεοὶ
741 3702 905 3773 ἀλλήλοισι
930 3702 1077 3766 πέλονται
1101 3702 1293 3786 lidentonam,
1314 3710 1375 3778 οὐδ’

186 3793 210 3857 θ
225 3823 275 3880 τις
299 3809 447 3890 άπθπροθι
472 3806 605 3884 δώματα
626 3806 730 3893 ναίει),
754 3811 827 3887 πρὸς
850 3807 892 3870 τά
919 3807 1018 3893 [περὶ]
1042 3814 1100 3873 τῶν
1124 3810 1195 3874 θεῶν
1218 3814 1374 3898 οἰκητήριον

187 3912 420 3988 συΙιέθιέλλεπαι·
442 3917 480 3986 ὥς
502 3913 566 3992 γάρ
587 3912 637 3976 ert
658 3913 859 3991 ὑποκειμένων
880 3914 980 3978 τθπων
1003 3914 1046 3978 τά
1070 3920 1130 3979 τῶν
1152 3916 1375 3999 διαστημάτων

190 4016 343 4097 λθοεβθνει
375 4019 471 4107 (Pe),
496 4041 558 4107 quo
580 4018 650 4085 loco
668 4021 749 4086 item
768 4022 942 4086 necessario
964 4019 1134 4085 delendum
1153 4022 1373 4110 importunum

192 4122 270 4203 sepi,
298 4150 337 4194 ex
368 4126 585 4214 dittographia
616 4125 656 4191 ad
678 4128 769 4210 πρός,
794 4127 923 4212 opinor,
946 4131 1070 4191 natum.
1096 4154 1176 4193 -ε
1205 4132 1376 4225 112(p01.

193 4237 289 4304 Num
321 4254 341 4300 a
376 4230 538 4298 Dindorlio
572 4233 639 4296 sine
672 4230 824 4297 lemmate
860 4232 899 4297 ad
933 4253 980 4297 vs.
1012 4231 1077 4297 110
1108 4234 1278 4326 relatum),
1315 4248 1373 4314 ubi

198 4323 363 4405 Μοτυυείιιε
393 4339 433 4405 ad
464 4335 658 4426 Oalypsnm:
691 4337 742 4401 σον
774 4342 823 4401 νῦν
855 4337 886 4401 ε’
920 4340 1026 4416 ἦνθγει
1051 4340 1282 4425 ἀποπεμπέμεν
1306 4347 1372 4424 lm
