2978 4950
791 239 834 305 52

220 431 260 498 ad
284 456 325 514 α,
349 429 414 494 259
438 429 603 513 adscripta.
629 427 782 509 Ἀνατέρω
802 431 859 506 μὲν
877 429 1071 513 γράψαντες,
1090 436 1210 519 inquit,
1224 430 1411 511 λελύειαμειι

218 541 253 603 εὐ
274 542 327 601 τοῦ
350 539 461 619 ,σταίη
483 536 610 609 πήληκα
628 534 680 599 καὶ
700 535 751 600 δύο
771 535 890 614 totas?
908 535 980 619 ὅπερ
1000 540 1065 604 ἐστὶ
1086 541 1120 604 rb
1140 548 1254 621 πρῶτον
1267 540 1409 621 ζήτημα.

219 650 269 710 οὐν
299 645 329 708 δὲ
361 644 630 716 σκοπήσομεν
662 649 738 713 πῶς
771 644 823 706 καὶ
848 643 883 707 τὸ
907 644 1042 725 δεύτερον
1066 648 1100 711 σύ
1124 652 1177 711 τοῦ
1204 648 1299 727 ,παρ’
1320 646 1409 712 Ἴλου

218 749 445 831 Μερμεριύαοβ
463 769 542 833 quae
561 751 716 813 sententia
733 770 794 815 non
813 750 941 816 ridetur
960 754 1080 818 exitum
1105 756 1264 829 invenire,
1288 753 1411 839 quippe

216 879 296 943 quae
325 861 358 922 in
389 858 454 921 his:
480 857 681 930 σκοτεέσιομεν
706 862 784 927 πῶς
809 880 881 921 ατ.
908 857 1066 936 δεύτερον,
1086 861 1220 925 verbum
1244 865 1317 946 post
1342 865 1409 932 τῶς

216 966 446 1046 necessarium,
472 1001 512 1010 -
538 961 671 1038 λύσομεν
707 961 759 1027 vel
789 962 895 1028 simile
930 966 1024 1049 quid,
1051 1004 1093 1014 -
1118 967 1283 1032 desideret.
1334 966 1408 1033 Non

216 1073 355 1157 amplius
386 1069 590 1143 desiderabit,
627 1071 653 1133 si
679 1074 803 1133 mutato
827 1075 953 1134 tantum
979 1079 1109 1137 accentu
1134 1073 1327 1138 scribamus:
1353 1076 1408 1137 νῦν

213 1179 244 1243 δὲ
280 1175 547 1249 σκοπησωμέν
582 1200 660 1246 πως
692 1175 744 1238 καὶ
778 1178 811 1240 τὸ
844 1176 992 1254 δεύτερον,
1029 1178 1299 1262 quemadmodum
1325 1201 1406 1245 v.c.

213 1284 298 1369 apud
328 1282 498 1348 Platonem
528 1283 561 1345 in
592 1281 760 1346 Phaedone
793 1304 819 1346 c.
846 1281 908 1346 XV
943 1286 986 1368 (p.
1013 1283 1088 1368 700)
1111 1282 1255 1350 Socrates
1278 1288 1407 1372 inquit:

213 1389 453 1468 σκεψώμεθα
474 1389 505 1452 δὲ
526 1387 626 1450 αὐτὸ
647 1387 742 1467 τῇδέ
760 1391 1410 1477 spara,etitademumrecteeequitur

212 1497 296 1582 apud
320 1504 477 1561 nostrum:
505 1496 558 1558 καέ
575 1501 683 1573 Φαμεν
704 1493 809 1557 οὑτωσὶ
831 1494 994 1566 λύοντες
1015 1503 1104 1569 caet..
1129 1498 1407 1582 quemadmodum

212 1608 422 1689 praecesserat
433 1602 569 1679 ὐνωτέροε
582 1626 617 1673 μ.
630 1600 812 1679 ρριέύαντεο
825 1617 844 1664 λ
855 1617 895 1664 ελ
905 1603 921 1665 ὐ
932 1626 951 1665 ιι
960 1627 981 1665 οι
990 1626 1074 1678 μεν.
1093 1604 1141 1669 Ne
1153 1607 1186 1668 in
1199 1604 1324 1670 duabus
1336 1627 1408 1672 sen·

212 1712 322 1776 tentiis
341 1709 487 1792 deinceps
506 1707 590 1771 idem
613 1708 743 1772 verbum
767 1707 848 1771 λύειν
861 1717 1067 1793 compareret,
1081 1712 1126 1774 sic
1139 1712 1261 1776 variare
1274 1712 1406 1779 maluit

254 1816 346 1890 Rem,
368 1815 407 1879 de
424 1835 487 1898 qua
506 1815 557 1878 hic
577 1816 655 1900 agit,
676 1815 742 1878 iam
763 1814 796 1878 in
816 1815 975 1899 superiore
996 1818 1179 1900 quaestione
1192 1817 1244 1900 (ad
1258 1839 1305 1892 vs.
1319 1816 1404 1900 255)

210 1926 360 2010 tetigerat
372 1921 577 2006 Porphyrius.
592 1922 617 1983 εἰ
630 1922 694 1998 νιὶρ
707 1917 814 1992 ὐἿλος
826 1923 908 1992 θεοὺς
921 1922 1100 2005 σεβόμενος,
1111 1961 1152 1970 -
1163 1924 1267 1999 „decbr
1281 1927 1406 2001 νεμεσέ-

209 2034 277 2112 ζετο
297 2030 361 2094 αἰὲν
382 2027 508 2096 ε’ένταο”
528 2029 561 2090 in
582 2027 722 2091 Homero
741 2035 788 2090 est
806 2049 834 2092 v.
850 2025 933 2101 263,
949 2067 989 2076 -
1003 2031 1037 2091 τὸ
1050 2029 1218 2105 έανοέσιμον
1231 2030 1406 2111 Φάρμακον

209 2140 263 2203 οὐκ
288 2135 394 2200 ἔδωκεν
418 2132 580 2217 (Ulixi),t
601 2133 667 2202 δούς
689 2134 868 2211 Ἀγχίαλος
891 2133 1139 2212 ὁμολογουμένως
1158 2135 1253 2207 ὐνεέη
1268 2139 1403 2215 οὐσεβηο.

207 2244 268 2310 Sed
288 2262 349 2306 non
370 2245 418 2304 est
435 2241 498 2312 ita,
522 2238 700 2324 Porphyrio
719 2238 841 2315 iudice,
867 2248 961 2324 atquo
984 2240 1064 2306 illud
1089 2243 1189 2324 ,θεοὺς
1205 2243 1404 2326 νεμεσέζετο”

207 2349 275 2414 Ilus
288 2345 510 2432 praetendebat
522 2350 659 2409 tantum.
681 2343 828 2428 Namque
841 2345 865 2407 εἱ
879 2342 912 2418 ἦν
925 2346 1039 2422 ὐσεβὲς
1053 2347 1087 2410 τὸ
1100 2347 1222 2426 διδέναι,
1235 2350 1353 2427 ἀσεβὲς
1367 2348 1403 2425 έν

210 2455 262 2519 καὶ
276 2452 310 2517 τὸ
325 2452 500 2527 κεκτῆσθαι,
515 2456 655 2514 attamen
668 2471 824 2514 venenum
841 2452 1021 2535 possidebat
1036 2460 1067 2517 et
1089 2453 1155 2519 Ilua
1173 2457 1249 2540 ipse.
1271 2455 1367 2522 Ἀλλ’
1386 2457 1402 2522 d

209 2562 265 2639 μὲν
282 2559 366 2628 Ἶλος
380 2559 432 2622 οὐκ
446 2556 553 2623 ἔδωκε,
567 2557 636 2627 τούς
650 2558 731 2628 θεοὺς
743 2557 921 2635 Φάμενος
936 2561 1167 2646 (praetendens)
1180 2564 1402 2644 εὐλαβεῖσθαι,

205 2668 219 2732 ὐ
257 2667 289 2730 δὲ
331 2663 510 2742 Ἀγχίαλος
545 2660 668 2739 ἔδωκεν,
705 2663 771 2726 οὐδὲ
803 2664 961 2741 εὐλαβήύη
994 2667 1118 2750 [τρέε]
1152 2669 1206 2740 rba
1230 2669 1327 2745 δόσιν,
1353 2667 1400 2736 ὅτι

205 2775 271 2840 οὐδὲ
302 2776 356 2847 την
389 2777 502 2841 κτῆσιν.
551 2769 612 2849 Qui
646 2791 719 2833 cum
745 2771 893 2835 omnibus
916 2770 988 2836 aliis
1011 2774 1237 2858 scriptoribus,
1262 2798 1318 2841 nec
1344 2777 1399 2844 hic

202 2881 305 2947 solum
330 2878 383 2943 scd
408 2886 440 2941 et
464 2878 647 2941 incaeteris
668 2879 737 2941 eius
758 2878 923 2961 operibus,
945 2879 1150 2956 εὐλαβεῖσθαι
1168 2903 1293 2966 semper
1312 2892 1400 2951 recte

204 3008 278 3052 cum
311 2985 491 3049 accusativo
523 2986 656 3053 struxit.
686 2991 815 3047 etcum
840 2983 878 3046 de
901 2988 1042 3067 personia
1066 3007 1168 3050 sermo
1193 2996 1241 3051 cst
1265 2998 1399 3056 etcum

204 3094 242 3158 de
274 3092 367 3156 rebus
399 3091 466 3153 vita
497 3088 697 3162 carentibus,
724 3084 750 3173 ¹)
783 3110 855 3152 eum
888 3111 950 3154 nou
982 3100 1060 3176 puto
1083 3092 1182 3157 aemel
1206 3094 1257 3159 hic
1282 3115 1301 3160 a
1325 3118 1401 3163 con·

204 3197 371 3264 suetudine
394 3201 518 3279 recepta
541 3194 704 3259 deflectere
729 3194 882 3270 voluisse,
909 3196 962 3261 sed
987 3204 1043 3261 aut
1067 3196 1139 3277 τρέε
1163 3220 1229 3264 esse
1247 3202 1402 3269 inducen-

204 3307 299 3388 dum,
323 3305 517 3369 antibarum
541 3303 574 3364 in
600 3301 785 3365 encliticam
811 3325 874 3372 τως
899 3307 1101 3369 mutandum.
1128 3306 1153 3390 ²)

209 3431 378 3444 -—-—

241 3511 265 3570 1)
282 3508 420 3558 adscribam
437 3507 490 3557 fidei
509 3507 627 3556 faciendae
644 3521 713 3554 causa
731 3505 795 3554 locos
813 3506 904 3570 aliquot
922 3524 949 3556 er
968 3508 1035 3558 libris
1053 3508 1107 3572 ml
1124 3509 1231 3574 ὐτοχῆε.
1251 3512 1324 3562 bibl
1340 3531 1361 3564 c.
1372 3517 1417 3567 8:'

201 3599 223 3649 εέ
245 3596 271 3647 dl
295 3597 385 3654 πάντες
405 3593 519 3645 ilduara-o
537 3595 636 3656 βλέτειν
655 3594 738 3654 duoles
758 3595 799 3643 καὶ
816 3594 967 3657 μνημονεύειν
985 3599 1016 3647 τὸ
1035 3599 1171 3663 συμφέρον,
1191 3599 1257 3650 οὐδὲν
1275 3597 1305 3650 tta
1324 3621 1403 3667 προσ-

201 3687 296 3738 εδέοντο
305 3691 387 3749 νέμειν,
397 3681 456 3736 ἀλλ’
468 3686 609 3749 αὐθαιρέτως
626 3686 667 3735 σύ
681 3686 725 3745 μέν
734 3682 948 3747 εὐλαβοῦντο,
962 3689 996 3737 rb
1006 3686 1032 3737 δέ
1043 3687 1173 3754 έτραττον,
1183 3710 1230 3756 qno
1239 3694 1292 3742 loco
1301 3696 1403 3747 omnino

201 3796 255 3830 cum
272 3779 379 3828 Nauckic
395 3778 548 3842 expungenda
563 3781 617 3825 sunt
631 3782 679 3825 τῶν
694 3774 852 3837 ἀπειρημένων
862 3782 915 3842 post
923 3779 958 3827 τὰ
968 3777 1010 3838 μέν
1021 3779 1072 3829 εὐλ.
1083 3788 1107 3830 et
1116 3788 1165 3830 τῶν
1176 3783 1402 3844 προστεταγμένον

203 3874 255 3936 post
279 3864 409 3930 έτραττον.
428 3895 461 3903 -
478 3865 529 3915 Lib.
550 3867 569 3914 l.
587 3883 605 3913 c.
626 3867 669 3914 3⁵2
695 3865 736 3914 καὶ
755 3864 960 3928 εὐλαβητέον
981 3871 1039 3927 την
1058 3872 1085 3918 ἐιε
1105 3876 1151 3928 τῆς
1170 3872 1253 3934 calpae
1273 3872 1402 3938 μάχην.

201 3986 236 3996 -
253 3957 303 4007 Lib.
322 3959 334 4005 l
352 3975 370 4006 c.
389 3958 433 4005 42:
453 3953 494 4002 ul
513 3950 580 4014 ἧμοῖς
600 3949 639 4002 οὐν
658 3951 708 4017 (οὐν
727 3953 808 4016 bel).
829 3958 914 4019 φασίν,
939 3960 979 4006 ἐὰν
1005 3957 1236 4022 οὐλαβηύὄμεν
1262 3964 1404 4027 βρῦτον,

201 4043 362 4106 iteratam
388 4052 423 4108 τῷ
449 4037 495 4094 σού
518 4046 595 4106 Φόβον
615 4045 758 4107 φρονήματι.
776 4075 809 4083 —-
827 4047 877 4096 Lib.
897 4049 954 4097 1.σ.
976 4053 1019 4100 5³:
1039 4051 1141 4100 κειέέλον
1160 4050 1187 4100 tl
1207 4050 1276 4114 ὐρέολς
1298 4053 1312 4102 έ
1332 4049 1402 4106 Ἐπί·

201 4155 281 4201 ιιονρος
296 4135 401 4198 ’έφασεεν
421 4134 626 4194 εὐλαβητέον
645 4133 703 4184 εἶναι
723 4135 922 4198 τροφένατλ.
943 4166 974 4174 -
995 4141 1044 4190 Lib.
1066 4142 1403 4202 έΙσ,61.μιέτεεεινύεέ-

202 4246 272 4286 νοος
292 4230 349 4284 σούς
368 4226 417 4276 ἀπὸ
433 4232 481 4276 τῶν
499 4231 597 4275 πολλῶν
616 4225 720 4287 εὐλαβ
727 4224 758 4276 οὐ
764 4243 856 4288 μενον
875 4238 933 4276 ιιτλ.
968 4231 1013 4278 Sed
1039 4231 1092 4278 nolo
1111 4233 1158 4281 iarn
1176 4234 1247 4297 plura
1265 4238 1400 4290 exscribere

205 4315 229 4363 in
248 4329 274 4362 re
291 4311 422 4360 manifesta.

233 4402 258 4461 2)
276 4402 339 4464 Πρός
357 4399 488 4450 insiticium
501 4415 550 4448 csse
559 4398 631 4448 ctiam
640 4416 667 4449 ec
676 4399 844 4458 confirmatur,
854 4400 929 4464 quod,
939 4401 957 4449 εἰ
967 4400 1097 4466 genuinum
1106 4403 1183 4463 foret,
1195 4408 1329 4459 necesaria
1339 4416 1406 4463 auct
