<?xml version="1.0" encoding="UTF-8"?>
<!DOCTYPE html PUBLIC "-//W3C//DTD XHTML 1.0 Transitional//EN"
    "http://www.w3.org/TR/xhtml1/DTD/xhtml1-transitional.dtd">
<html xmlns="http://www.w3.org/1999/xhtml" xml:lang="en" lang="en">
 <head>
  <title>
</title>
<meta http-equiv="Content-Type" content="text/html;charset=utf-8" />
  <meta name='ocr-system' content='tesseract 3.04.00' />
  <meta name='ocr-capabilities' content='ocr_page ocr_carea ocr_par ocr_line ocrx_word'/>
</head>
<body>
  <div class='ocr_page' id='page_1' title='image "./adodysseameiusq00polagoog_0437.png"; bbox 0 0 2978 4950; ppageno 0'>
   <div class='ocr_carea' id='block_1_1' title="bbox 647 166 771 271">
    <p class='ocr_par' dir='ltr' id='par_1_1' title="bbox 647 166 771 271">
     <span class='ocr_line' id='line_1_1' title="bbox 647 166 771 271; baseline 0.008 -35"><span class='ocrx_word' id='word_1_1' title='bbox 647 166 771 271; x_wconf 75' lang='grc' dir='ltr'><strong><em>Ικιο</em></strong></span> 
     </span>
    </p>
   </div>
   <div class='ocr_carea' id='block_1_2' title="bbox 68 356 1331 1617">
    <p class='ocr_par' dir='ltr' id='par_1_2' title="bbox 279 356 1212 442">
     <span class='ocr_line' id='line_1_2' title="bbox 279 356 1212 442; baseline 0 -19"><span class='ocrx_word' id='word_1_2' title='bbox 279 360 355 423; x_wconf 73' lang='grc' dir='ltr'><strong><em>ἀλλ’</em></strong></span> <span class='ocrx_word' id='word_1_3' title='bbox 379 358 604 432; x_wconf 71' lang='grc' dir='ltr'><strong><em>ἐπικέλσαντας</em></strong></span> <span class='ocrx_word' id='word_1_4' title='bbox 631 368 736 436; x_wconf 82' lang='grc' dir='ltr'><strong><em>μεῖναι</em></strong></span> <span class='ocrx_word' id='word_1_5' title='bbox 759 360 885 442; x_wconf 78' lang='grc' dir='ltr'><strong><em>χρόνον,</em></strong></span> <span class='ocrx_word' id='word_1_6' title='bbox 910 361 953 434; x_wconf 79' lang='grc' dir='ltr'><strong><em>είς</em></strong></span> <span class='ocrx_word' id='word_1_7' title='bbox 978 357 996 424; x_wconf 85' lang='grc' dir='ltr'><strong><em>ό</em></strong></span> <span class='ocrx_word' id='word_1_8' title='bbox 1017 383 1053 425; x_wconf 94' lang='grc' dir='ltr'><strong><em>κε</em></strong></span> <span class='ocrx_word' id='word_1_9' title='bbox 1078 356 1212 426; x_wconf 77' lang='grc' dir='ltr'><strong><em>ναυτέων</em></strong></span> 
     </span>
    </p>

    <p class='ocr_par' dir='ltr' id='par_1_3' title="bbox 68 467 1331 1617">
     <span class='ocr_line' id='line_1_3' title="bbox 281 467 997 548; baseline 0.003 -20"><span class='ocrx_word' id='word_1_10' title='bbox 281 467 372 542; x_wconf 85' lang='grc' dir='ltr'><strong><em>ἐυμδς</em></strong></span> <span class='ocrx_word' id='word_1_11' title='bbox 398 467 541 548; x_wconf 81' lang='grc' dir='ltr'><strong><em>ἐποτρύνῃ</em></strong></span> <span class='ocrx_word' id='word_1_12' title='bbox 565 469 617 532; x_wconf 80' lang='grc' dir='ltr'><strong><em>καὶ</em></strong></span> <span class='ocrx_word' id='word_1_13' title='bbox 644 468 863 531; x_wconf 76' lang='grc' dir='ltr'><em>ἐπιπνεύσωσιν</em></span> <span class='ocrx_word' id='word_1_14' title='bbox 887 469 997 541; x_wconf 71' lang='grc' dir='ltr'><strong><em>ύῆται.</em></strong></span> 
     </span>
     <span class='ocr_line' id='line_1_4' title="bbox 144 571 1330 657; baseline 0.001 -20"><span class='ocrx_word' id='word_1_15' title='bbox 144 572 349 657; x_wconf 79' lang='lat' dir='ltr'>Pamphrusis</span> <span class='ocrx_word' id='word_1_16' title='bbox 378 574 492 638; x_wconf 86' lang='lat' dir='ltr'>horum</span> <span class='ocrx_word' id='word_1_17' title='bbox 523 577 557 639; x_wconf 90' lang='lat' dir='ltr'><strong><em>in</em></strong></span> <span class='ocrx_word' id='word_1_18' title='bbox 587 575 633 655; x_wconf 76' lang='lat' dir='ltr'><strong><em>Q:</em></strong></span> <span class='ocrx_word' id='word_1_19' title='bbox 665 572 742 637; x_wconf 76' lang='grc' dir='ltr'><strong><em>ἀλλ’</em></strong></span> <span class='ocrx_word' id='word_1_20' title='bbox 777 574 1017 652; x_wconf 82' lang='grc' dir='ltr'><strong><em>ἐπιψαύσαντας</em></strong></span> <span class='ocrx_word' id='word_1_21' title='bbox 1050 575 1081 638; x_wconf 89' lang='grc' dir='ltr'><strong><em>ἐν</em></strong></span> <span class='ocrx_word' id='word_1_22' title='bbox 1109 580 1173 644; x_wconf 79' lang='grc' dir='ltr'><strong><em>τοῖς</em></strong></span> <span class='ocrx_word' id='word_1_23' title='bbox 1197 571 1330 643; x_wconf 75' lang='grc' dir='ltr'><strong><em>τοιούτοις</em></strong></span> 
     </span>
     <span class='ocr_line' id='line_1_5' title="bbox 146 677 1330 760; baseline 0.002 -19"><span class='ocrx_word' id='word_1_24' title='bbox 146 679 249 756; x_wconf 84' lang='grc' dir='ltr'><strong><em>λιμέσι</em></strong></span> <span class='ocrx_word' id='word_1_25' title='bbox 274 681 314 742; x_wconf 76' lang='grc' dir='ltr'><strong><em>τὰ</em></strong></span> <span class='ocrx_word' id='word_1_26' title='bbox 340 688 435 744; x_wconf 81' lang='grc' dir='ltr'><strong><em>πλοῖα</em></strong></span> <span class='ocrx_word' id='word_1_27' title='bbox 458 688 561 756; x_wconf 78' lang='grc' dir='ltr'><strong><em>μεῖναι</em></strong></span> <span class='ocrx_word' id='word_1_28' title='bbox 585 681 690 760; x_wconf 82' lang='grc' dir='ltr'><strong><em>χρόνον</em></strong></span> <span class='ocrx_word' id='word_1_29' title='bbox 714 679 870 757; x_wconf 74' lang='grc' dir='ltr'><strong><em>ἀβλαβῆ,</em></strong></span> <span class='ocrx_word' id='word_1_30' title='bbox 895 678 949 752; x_wconf 74' lang='grc' dir='ltr'><strong><em>ἕως</em></strong></span> <span class='ocrx_word' id='word_1_31' title='bbox 973 677 1008 746; x_wconf 88' lang='grc' dir='ltr'><strong><em>ού</em></strong></span> <span class='ocrx_word' id='word_1_32' title='bbox 1031 681 1044 744; x_wconf 91' lang='grc' dir='ltr'><strong><em>ό</em></strong></span> <span class='ocrx_word' id='word_1_33' title='bbox 1069 687 1128 743; x_wconf 82' lang='grc' dir='ltr'><strong><em>τῶν</em></strong></span> <span class='ocrx_word' id='word_1_34' title='bbox 1153 682 1269 743; x_wconf 82' lang='grc' dir='ltr'><strong><em>ναυτῶν</em></strong></span> <span class='ocrx_word' id='word_1_35' title='bbox 1289 679 1330 743; x_wconf 85' lang='grc' dir='ltr'><strong><em>ύυ·</em></strong></span> 
     </span>
     <span class='ocr_line' id='line_1_6' title="bbox 145 786 1330 874; baseline 0.001 -25"><span class='ocrx_word' id='word_1_36' title='bbox 145 786 202 862; x_wconf 75' lang='grc' dir='ltr'><strong><em>μῦς</em></strong></span> <span class='ocrx_word' id='word_1_37' title='bbox 227 786 373 864; x_wconf 89' lang='grc' dir='ltr'><strong><em>ἐποτρύνῃ</em></strong></span> <span class='ocrx_word' id='word_1_38' title='bbox 396 787 497 857; x_wconf 77' lang='grc' dir='ltr'><strong><em>αὐτας</em></strong></span> <span class='ocrx_word' id='word_1_39' title='bbox 521 789 592 865; x_wconf 79' lang='grc' dir='ltr'><strong><em>πρὸς</em></strong></span> <span class='ocrx_word' id='word_1_40' title='bbox 616 788 667 850; x_wconf 83' lang='grc' dir='ltr'><strong><em>τὸν</em></strong></span> <span class='ocrx_word' id='word_1_41' title='bbox 691 791 797 850; x_wconf 91' lang='grc' dir='ltr'><strong><em>πλοῦν.</em></strong></span> <span class='ocrx_word' id='word_1_42' title='bbox 823 786 911 852; x_wconf 79' lang='lat' dir='ltr'>Haec</span> <span class='ocrx_word' id='word_1_43' title='bbox 934 787 1024 853; x_wconf 88' lang='lat' dir='ltr'>nullo</span> <span class='ocrx_word' id='word_1_44' title='bbox 1047 787 1142 853; x_wconf 84' lang='lat' dir='ltr'>modo</span> <span class='ocrx_word' id='word_1_45' title='bbox 1168 786 1330 874; x_wconf 73' lang='lat' dir='ltr'><strong>intellego,</strong></span> 
     </span>
     <span class='ocr_line' id='line_1_7' title="bbox 144 892 1331 979; baseline 0.002 -24"><span class='ocrx_word' id='word_1_46' title='bbox 144 893 207 956; x_wconf 81' lang='lat' dir='ltr'>nisi</span> <span class='ocrx_word' id='word_1_47' title='bbox 242 893 456 979; x_wconf 71' lang='lat' dir='ltr'>corrigantur:</span> <span class='ocrx_word' id='word_1_48' title='bbox 492 892 570 957; x_wconf 78' lang='grc' dir='ltr'><strong><em>αλλ’</em></strong></span> <span class='ocrx_word' id='word_1_49' title='bbox 614 893 855 971; x_wconf 75' lang='grc' dir='ltr'><strong><em>ἐπιφαύσαντας</em></strong></span> <span class='ocrx_word' id='word_1_50' title='bbox 893 895 923 957; x_wconf 87' lang='grc' dir='ltr'><strong><em>ἐν</em></strong></span> <span class='ocrx_word' id='word_1_51' title='bbox 959 901 1022 966; x_wconf 74' lang='grc' dir='ltr'><strong><em>τοῖς</em></strong></span> <span class='ocrx_word' id='word_1_52' title='bbox 1059 893 1204 965; x_wconf 74' lang='grc' dir='ltr'><strong><em>τοιούτοις</em></strong></span> <span class='ocrx_word' id='word_1_53' title='bbox 1236 892 1331 968; x_wconf 83' lang='grc' dir='ltr'><strong><em>λιμέσι</em></strong></span> 
     </span>
     <span class='ocr_line' id='line_1_8' title="bbox 144 995 1330 1083; baseline 0.004 -23"><span class='ocrx_word' id='word_1_54' title='bbox 144 995 270 1083; x_wconf 73' lang='grc' dir='ltr'><strong><em>(ὥστε)</em></strong></span> <span class='ocrx_word' id='word_1_55' title='bbox 301 1001 344 1063; x_wconf 84' lang='grc' dir='ltr'><strong><em>τίι</em></strong></span> <span class='ocrx_word' id='word_1_56' title='bbox 376 1007 472 1062; x_wconf 85' lang='grc' dir='ltr'><strong><em>πλοῖα</em></strong></span> <span class='ocrx_word' id='word_1_57' title='bbox 504 1007 608 1074; x_wconf 82' lang='grc' dir='ltr'><strong><em>μεῖναι</em></strong></span> <span class='ocrx_word' id='word_1_58' title='bbox 638 1000 744 1079; x_wconf 82' lang='grc' dir='ltr'><strong><em>χρόνον</em></strong></span> <span class='ocrx_word' id='word_1_59' title='bbox 775 999 911 1076; x_wconf 78' lang='grc' dir='ltr'><strong><em>ύβλαβῆ</em></strong></span> <span class='ocrx_word' id='word_1_60' title='bbox 924 1049 932 1076; x_wconf 96' lang='grc'><strong><em>,</em></strong></span> <span class='ocrx_word' id='word_1_61' title='bbox 966 999 1019 1071; x_wconf 79' lang='grc' dir='ltr'><strong><em>ἕως</em></strong></span> <span class='ocrx_word' id='word_1_62' title='bbox 1044 996 1079 1063; x_wconf 88' lang='grc' dir='ltr'><strong><em>ού</em></strong></span> <span class='ocrx_word' id='word_1_63' title='bbox 1103 1002 1118 1062; x_wconf 85' lang='grc' dir='ltr'><strong><em>ό</em></strong></span> <span class='ocrx_word' id='word_1_64' title='bbox 1142 1006 1202 1063; x_wconf 79' lang='grc' dir='ltr'><strong><em>τῶν</em></strong></span> <span class='ocrx_word' id='word_1_65' title='bbox 1226 1005 1330 1065; x_wconf 81' lang='grc' dir='ltr'><strong><em>καυπῦν</em></strong></span> 
     </span>
     <span class='ocr_line' id='line_1_9' title="bbox 146 1106 1329 1191; baseline 0 -20"><span class='ocrx_word' id='word_1_66' title='bbox 146 1107 238 1184; x_wconf 78' lang='grc' dir='ltr'><strong><em>θυμός</em></strong></span> <span class='ocrx_word' id='word_1_67' title='bbox 275 1107 419 1184; x_wconf 83' lang='grc' dir='ltr'><strong><em>ἐποτρύνῃ</em></strong></span> <span class='ocrx_word' id='word_1_68' title='bbox 453 1107 585 1177; x_wconf 80' lang='grc' dir='ltr'><strong><em>αύτούς</em></strong></span> <span class='ocrx_word' id='word_1_69' title='bbox 622 1107 694 1184; x_wconf 81' lang='grc' dir='ltr'><strong><em>πρὸς</em></strong></span> <span class='ocrx_word' id='word_1_70' title='bbox 730 1106 781 1170; x_wconf 81' lang='grc' dir='ltr'><strong><em>τόν</em></strong></span> <span class='ocrx_word' id='word_1_71' title='bbox 811 1111 924 1182; x_wconf 86' lang='grc' dir='ltr'><strong><em>πλοῦν,</em></strong></span> <span class='ocrx_word' id='word_1_72' title='bbox 959 1127 1040 1191; x_wconf 82' lang='lat' dir='ltr'>quae</span> <span class='ocrx_word' id='word_1_73' title='bbox 1071 1127 1111 1171; x_wconf 86' lang='grc'><strong><em>110</em></strong></span> <span class='ocrx_word' id='word_1_74' title='bbox 1142 1106 1329 1190; x_wconf 80' lang='lat' dir='ltr'>sicquidem</span> 
     </span>
     <span class='ocr_line' id='line_1_10' title="bbox 145 1210 1328 1296; baseline 0 -19"><span class='ocrx_word' id='word_1_75' title='bbox 145 1212 391 1279; x_wconf 76' lang='lat' dir='ltr'>Homerioorum</span> <span class='ocrx_word' id='word_1_76' title='bbox 421 1213 591 1277; x_wconf 81' lang='lat' dir='ltr'>verborum</span> <span class='ocrx_word' id='word_1_77' title='bbox 615 1234 743 1277; x_wconf 80' lang='lat' dir='ltr'>sonsum</span> <span class='ocrx_word' id='word_1_78' title='bbox 767 1232 864 1296; x_wconf 81' lang='lat' dir='ltr'>quam</span> <span class='ocrx_word' id='word_1_79' title='bbox 889 1210 1074 1279; x_wconf 76' lang='lat' dir='ltr'>fidelissime</span> <span class='ocrx_word' id='word_1_80' title='bbox 1098 1211 1246 1277; x_wconf 81' lang='lat' dir='ltr'>reddunt.</span> <span class='ocrx_word' id='word_1_81' title='bbox 1287 1211 1328 1277; x_wconf 83' lang='grc'><strong><em>111</em></strong></span> 
     </span>
     <span class='ocr_line' id='line_1_11' title="bbox 144 1318 1329 1406; baseline -0.001 -22"><span class='ocrx_word' id='word_1_82' title='bbox 144 1326 267 1386; x_wconf 74' lang='lat' dir='ltr'>caetera</span> <span class='ocrx_word' id='word_1_83' title='bbox 289 1326 421 1406; x_wconf 75' lang='lat' dir='ltr'>tangam</span> <span class='ocrx_word' id='word_1_84' title='bbox 446 1321 480 1381; x_wconf 88' lang='lat' dir='ltr'><strong><em>in</em></strong></span> <span class='ocrx_word' id='word_1_85' title='bbox 504 1319 637 1406; x_wconf 76' lang='lat' dir='ltr'>vulgata</span> <span class='ocrx_word' id='word_1_86' title='bbox 661 1318 796 1384; x_wconf 81' lang='lat' dir='ltr'>lectione</span> <span class='ocrx_word' id='word_1_87' title='bbox 822 1319 1088 1402; x_wconf 74' lang='lat' dir='ltr'>impeditissima,</span> <span class='ocrx_word' id='word_1_88' title='bbox 1111 1320 1214 1383; x_wconf 75' lang='lat' dir='ltr'>risum</span> <span class='ocrx_word' id='word_1_89' title='bbox 1234 1322 1329 1383; x_wconf 71' lang='lat' dir='ltr'>momt</span> 
     </span>
     <span class='ocr_line' id='line_1_12' title="bbox 68 1425 1328 1510; baseline -0.002 -19"><span class='ocrx_word' id='word_1_90' title='bbox 68 1456 71 1461; x_wconf 64' lang='grc'><strong>’</strong></span> <span class='ocrx_word' id='word_1_91' title='bbox 145 1427 229 1510; x_wconf 87' lang='lat' dir='ltr'>quud</span> <span class='ocrx_word' id='word_1_92' title='bbox 252 1427 266 1490; x_wconf 89' lang='grc' dir='ltr'><strong><em>ό</em></strong></span> <span class='ocrx_word' id='word_1_93' title='bbox 288 1432 347 1491; x_wconf 85' lang='grc' dir='ltr'><strong><em>τῦν</em></strong></span> <span class='ocrx_word' id='word_1_94' title='bbox 370 1426 485 1489; x_wconf 78' lang='grc' dir='ltr'><strong><em>ναυτῶν</em></strong></span> <span class='ocrx_word' id='word_1_95' title='bbox 508 1427 600 1498; x_wconf 80' lang='grc' dir='ltr'><strong><em>ἐυμδς</em></strong></span> <span class='ocrx_word' id='word_1_96' title='bbox 622 1425 740 1490; x_wconf 82' lang='lat' dir='ltr'>dicitur</span> <span class='ocrx_word' id='word_1_97' title='bbox 762 1425 933 1504; x_wconf 76' lang='grc' dir='ltr'><strong><em>ἐποτρύνειν</em></strong></span> <span class='ocrx_word' id='word_1_98' title='bbox 954 1451 975 1490; x_wconf 86' lang='grc' dir='ltr'><strong><em>α</em></strong></span> <span class='ocrx_word' id='word_1_99' title='bbox 988 1426 1090 1498; x_wconf 77' lang='grc' dir='ltr'><strong><em>ύπιὶς</em></strong></span> <span class='ocrx_word' id='word_1_100' title='bbox 1107 1461 1148 1474; x_wconf 89' lang='grc'><strong>-</strong></span> <span class='ocrx_word' id='word_1_101' title='bbox 1170 1425 1229 1497; x_wconf 73' lang='grc' dir='ltr'><strong><em>τὰς</em></strong></span> <span class='ocrx_word' id='word_1_102' title='bbox 1249 1428 1328 1503; x_wconf 77' lang='grc' dir='ltr'><strong><em>ναῦς,</em></strong></span> 
     </span>
     <span class='ocr_line' id='line_1_13' title="bbox 145 1531 611 1617; baseline -0.002 -22"><span class='ocrx_word' id='word_1_103' title='bbox 145 1537 241 1617; x_wconf 74' lang='lat' dir='ltr'>putu,</span> <span class='ocrx_word' id='word_1_104' title='bbox 268 1567 310 1580; x_wconf 92' lang='lat'>-</span> <span class='ocrx_word' id='word_1_105' title='bbox 334 1531 405 1611; x_wconf 82' lang='grc' dir='ltr'><strong><em>πρὸς</em></strong></span> <span class='ocrx_word' id='word_1_106' title='bbox 429 1531 481 1594; x_wconf 79' lang='grc' dir='ltr'><strong><em>τὸν</em></strong></span> <span class='ocrx_word' id='word_1_107' title='bbox 504 1536 611 1595; x_wconf 85' lang='grc' dir='ltr'><strong><em>πλοῦν.</em></strong></span> 
     </span>
    </p>
   </div>
   <div class='ocr_carea' id='block_1_3' title="bbox 194 1742 327 1824">
    <p class='ocr_par' dir='ltr' id='par_1_4' title="bbox 194 1742 327 1824">
     <span class='ocr_line' id='line_1_14' title="bbox 194 1742 327 1824; baseline -0.015 -13"><span class='ocrx_word' id='word_1_108' title='bbox 194 1770 225 1824; x_wconf 91' lang='grc' dir='ltr'><strong><em>ι,</em></strong></span> <span class='ocrx_word' id='word_1_109' title='bbox 252 1742 327 1811; x_wconf 83' lang='grc'><strong>166.</strong></span> 
     </span>
    </p>
   </div>
   <div class='ocr_carea' id='block_1_4' title="bbox 147 1848 1328 2894">
    <p class='ocr_par' dir='ltr' id='par_1_5' title="bbox 283 1848 1173 1929">
     <span class='ocr_line' id='line_1_15' title="bbox 283 1848 1173 1929; baseline -0.003 -12"><span class='ocrx_word' id='word_1_110' title='bbox 283 1851 457 1917; x_wconf 79' lang='grc' dir='ltr'><strong><em>Κυκλώπων</em></strong></span> <span class='ocrx_word' id='word_1_111' title='bbox 480 1850 508 1914; x_wconf 84' lang='grc' dir='ltr'><strong><em>δ’</em></strong></span> <span class='ocrx_word' id='word_1_112' title='bbox 531 1850 562 1923; x_wconf 82' lang='grc' dir='ltr'><strong><em>ἐς</em></strong></span> <span class='ocrx_word' id='word_1_113' title='bbox 586 1855 685 1927; x_wconf 77' lang='grc' dir='ltr'><strong><em>γαῖαν</em></strong></span> <span class='ocrx_word' id='word_1_114' title='bbox 708 1848 896 1925; x_wconf 79' lang='grc' dir='ltr'><strong><em>ἐλεύσσομεν</em></strong></span> <span class='ocrx_word' id='word_1_115' title='bbox 920 1850 1020 1929; x_wconf 80' lang='grc' dir='ltr'><strong><em>ἐγγὺς</em></strong></span> <span class='ocrx_word' id='word_1_116' title='bbox 1047 1849 1173 1928; x_wconf 88' lang='grc' dir='ltr'><strong><em>ἐόντων,</em></strong></span> 
     </span>
    </p>

    <p class='ocr_par' dir='ltr' id='par_1_6' title="bbox 147 1955 1328 2894">
     <span class='ocr_line' id='line_1_16' title="bbox 284 1955 1173 2036; baseline -0.001 -14"><span class='ocrx_word' id='word_1_117' title='bbox 284 1957 398 2024; x_wconf 88' lang='grc' dir='ltr'><strong><em>καπνόν</em></strong></span> <span class='ocrx_word' id='word_1_118' title='bbox 413 1955 453 2035; x_wconf 35' lang='grc' dir='ltr'><strong><em>,τ’</em></strong></span> <span class='ocrx_word' id='word_1_119' title='bbox 479 1959 579 2021; x_wconf 84' lang='grc' dir='ltr'><strong><em>αύτῦν</em></strong></span> <span class='ocrx_word' id='word_1_120' title='bbox 602 1981 638 2020; x_wconf 90' lang='grc' dir='ltr'><strong><em>τε</em></strong></span> <span class='ocrx_word' id='word_1_121' title='bbox 660 1958 806 2036; x_wconf 68' lang='grc' dir='ltr'><strong><em>φθογγὴν</em></strong></span> <span class='ocrx_word' id='word_1_122' title='bbox 832 1957 898 2021; x_wconf 83' lang='grc' dir='ltr'><strong><em>όίων</em></strong></span> <span class='ocrx_word' id='word_1_123' title='bbox 923 1981 958 2021; x_wconf 89' lang='grc' dir='ltr'><strong><em>τε</em></strong></span> <span class='ocrx_word' id='word_1_124' title='bbox 982 1957 1033 2020; x_wconf 83' lang='grc' dir='ltr'><strong><em>καί</em></strong></span> <span class='ocrx_word' id='word_1_125' title='bbox 1060 1958 1173 2033; x_wconf 85' lang='grc' dir='ltr'><strong><em>αίγῦν.</em></strong></span> 
     </span>
     <span class='ocr_line' id='line_1_17' title="bbox 147 2061 1324 2151; baseline -0.008 -18"><span class='ocrx_word' id='word_1_126' title='bbox 147 2065 286 2133; x_wconf 79' lang='lat' dir='ltr'><strong>Notatur</strong></span> <span class='ocrx_word' id='word_1_127' title='bbox 317 2085 467 2151; x_wconf 79' lang='lat' dir='ltr'><strong>zeugma:</strong></span> <span class='ocrx_word' id='word_1_128' title='bbox 492 2061 552 2128; x_wconf 78' lang='grc' dir='ltr'><strong><em>ἄνω</em></strong></span> <span class='ocrx_word' id='word_1_129' title='bbox 576 2064 612 2127; x_wconf 80' lang='grc' dir='ltr'><strong><em>τό</em></strong></span> <span class='ocrx_word' id='word_1_130' title='bbox 638 2063 823 2139; x_wconf 78' lang='grc' dir='ltr'><strong><em>ἐλεύσσομεν</em></strong></span> <span class='ocrx_word' id='word_1_131' title='bbox 847 2063 898 2127; x_wconf 77' lang='grc' dir='ltr'><strong><em>ἐπὶ</em></strong></span> <span class='ocrx_word' id='word_1_132' title='bbox 922 2065 980 2141; x_wconf 83' lang='grc' dir='ltr'><strong><em>μὲν</em></strong></span> <span class='ocrx_word' id='word_1_133' title='bbox 1004 2072 1059 2136; x_wconf 76' lang='grc' dir='ltr'><strong><em>τῆς</em></strong></span> <span class='ocrx_word' id='word_1_134' title='bbox 1083 2062 1183 2140; x_wconf 85' lang='grc' dir='ltr'><strong><em>γαίας</em></strong></span> <span class='ocrx_word' id='word_1_135' title='bbox 1208 2061 1324 2126; x_wconf 76' lang='grc' dir='ltr'><strong><em>καὶτοῦ</em></strong></span> 
     </span>
     <span class='ocr_line' id='line_1_18' title="bbox 149 2168 1326 2251; baseline -0.002 -13"><span class='ocrx_word' id='word_1_136' title='bbox 149 2178 266 2239; x_wconf 86' lang='grc' dir='ltr'><strong><em>καπνοῦ</em></strong></span> <span class='ocrx_word' id='word_1_137' title='bbox 296 2170 408 2237; x_wconf 89' lang='grc' dir='ltr'><strong><em>κοινόν·</em></strong></span> <span class='ocrx_word' id='word_1_138' title='bbox 439 2169 488 2234; x_wconf 82' lang='grc' dir='ltr'><strong><em>ἐπί</em></strong></span> <span class='ocrx_word' id='word_1_139' title='bbox 521 2169 552 2234; x_wconf 80' lang='grc' dir='ltr'><strong><em>δέ</em></strong></span> <span class='ocrx_word' id='word_1_140' title='bbox 577 2174 630 2233; x_wconf 92' lang='grc' dir='ltr'><strong><em>τοῦ</em></strong></span> <span class='ocrx_word' id='word_1_141' title='bbox 655 2168 797 2248; x_wconf 80' lang='grc' dir='ltr'><strong><em>φθόγγου</em></strong></span> <span class='ocrx_word' id='word_1_142' title='bbox 821 2168 1028 2234; x_wconf 79' lang='grc' dir='ltr'><strong><em>ὑπακουστέον</em></strong></span> <span class='ocrx_word' id='word_1_143' title='bbox 1053 2169 1089 2233; x_wconf 81' lang='grc' dir='ltr'><strong><em>τὸ</em></strong></span> <span class='ocrx_word' id='word_1_144' title='bbox 1114 2169 1326 2251; x_wconf 74' lang='grc' dir='ltr'><strong><em>ἦκούομεν,·ύτ</em></strong></span> 
     </span>
     <span class='ocr_line' id='line_1_19' title="bbox 149 2271 1327 2357; baseline -0.006 -12"><span class='ocrx_word' id='word_1_145' title='bbox 149 2282 184 2345; x_wconf 80' lang='grc' dir='ltr'><strong><em>τό</em></strong></span> <span class='ocrx_word' id='word_1_146' title='bbox 215 2279 439 2357; x_wconf 75' lang='grc' dir='ltr'><strong><em>,καρπαλίμως</em></strong></span> <span class='ocrx_word' id='word_1_147' title='bbox 477 2271 550 2340; x_wconf 80' lang='grc' dir='ltr'><strong><em>οἶνον</em></strong></span> <span class='ocrx_word' id='word_1_148' title='bbox 581 2276 612 2339; x_wconf 80' lang='grc' dir='ltr'><strong><em>δέ</em></strong></span> <span class='ocrx_word' id='word_1_149' title='bbox 642 2277 816 2356; x_wconf 76' lang='grc' dir='ltr'><strong><em>μελίφρονα</em></strong></span> <span class='ocrx_word' id='word_1_150' title='bbox 841 2277 999 2357; x_wconf 72' lang='grc' dir='ltr'><strong><em>οἰνίζεσθε,</em></strong></span> <span class='ocrx_word' id='word_1_151' title='bbox 1024 2282 1107 2339; x_wconf 80' lang='grc' dir='ltr'><strong><em>σῖτον</em></strong></span> <span class='ocrx_word' id='word_1_152' title='bbox 1131 2275 1158 2339; x_wconf 84' lang='grc' dir='ltr'><strong><em>δ’</em></strong></span> <span class='ocrx_word' id='word_1_153' title='bbox 1182 2277 1217 2339; x_wconf 87' lang='grc' dir='ltr'><strong><em>ἐκ</em></strong></span> <span class='ocrx_word' id='word_1_154' title='bbox 1239 2272 1327 2353; x_wconf 74' lang='grc' dir='ltr'><strong><em>μεγί-</em></strong></span> 
     </span>
     <span class='ocr_line' id='line_1_20' title="bbox 150 2380 1328 2470; baseline -0.005 -19"><span class='ocrx_word' id='word_1_155' title='bbox 150 2386 232 2468; x_wconf 87' lang='grc' dir='ltr'><strong><em>ρων.”</em></strong></span> <span class='ocrx_word' id='word_1_156' title='bbox 266 2388 306 2470; x_wconf 85' lang='grc' dir='ltr'><strong><em>(Θ</em></strong></span> <span class='ocrx_word' id='word_1_157' title='bbox 332 2383 422 2468; x_wconf 81' lang='grc'>506.)</span> <span class='ocrx_word' id='word_1_158' title='bbox 457 2383 506 2446; x_wconf 81' lang='grc' dir='ltr'><strong><em>ἐπί</em></strong></span> <span class='ocrx_word' id='word_1_159' title='bbox 540 2387 593 2446; x_wconf 88' lang='grc' dir='ltr'><strong><em>τοῦ</em></strong></span> <span class='ocrx_word' id='word_1_160' title='bbox 618 2383 704 2447; x_wconf 90' lang='grc' dir='ltr'><strong><em>σίτου</em></strong></span> <span class='ocrx_word' id='word_1_161' title='bbox 728 2383 776 2447; x_wconf 81' lang='grc' dir='ltr'><strong><em>δεῖ</em></strong></span> <span class='ocrx_word' id='word_1_162' title='bbox 798 2383 963 2448; x_wconf 91' lang='grc' dir='ltr'><strong><em>ύπακούειν</em></strong></span> <span class='ocrx_word' id='word_1_163' title='bbox 986 2381 1021 2446; x_wconf 78' lang='grc' dir='ltr'><strong><em>τὸ</em></strong></span> <span class='ocrx_word' id='word_1_164' title='bbox 1042 2380 1164 2462; x_wconf 77' lang='grc' dir='ltr'><strong><em>φέρετε.</em></strong></span> <span class='ocrx_word' id='word_1_165' title='bbox 1191 2381 1328 2467; x_wconf 65' lang='grc'><strong>(11111011</strong></span> 
     </span>
     <span class='ocr_line' id='line_1_21' title="bbox 150 2488 1327 2578; baseline -0.006 -19"><span class='ocrx_word' id='word_1_166' title='bbox 150 2502 197 2559; x_wconf 76' lang='lat' dir='ltr'><strong><em>est</em></strong></span> <span class='ocrx_word' id='word_1_167' title='bbox 232 2494 342 2578; x_wconf 78' lang='lat' dir='ltr'>magni</span> <span class='ocrx_word' id='word_1_168' title='bbox 373 2491 528 2553; x_wconf 78' lang='lat' dir='ltr'>momenti</span> <span class='ocrx_word' id='word_1_169' title='bbox 558 2489 612 2552; x_wconf 78' lang='lat' dir='ltr'><strong><em>sed</em></strong></span> <span class='ocrx_word' id='word_1_170' title='bbox 645 2490 914 2553; x_wconf 82' lang='lat' dir='ltr'>animadversione</span> <span class='ocrx_word' id='word_1_171' title='bbox 947 2495 1054 2553; x_wconf 78' lang='lat' dir='ltr'>tamen</span> <span class='ocrx_word' id='word_1_172' title='bbox 1087 2488 1240 2575; x_wconf 73' lang='lat' dir='ltr'>dignum,</span> <span class='ocrx_word' id='word_1_173' title='bbox 1263 2488 1327 2552; x_wconf 71' lang='lat' dir='ltr'><strong><em>haec</em></strong></span> 
     </span>
     <span class='ocr_line' id='line_1_22' title="bbox 150 2595 1327 2675; baseline -0.008 -10"><span class='ocrx_word' id='word_1_174' title='bbox 150 2601 254 2665; x_wconf 78' lang='grc'><strong>11111110</strong></span> <span class='ocrx_word' id='word_1_175' title='bbox 285 2599 401 2662; x_wconf 86' lang='lat' dir='ltr'>melius</span> <span class='ocrx_word' id='word_1_176' title='bbox 432 2597 596 2660; x_wconf 80' lang='lat' dir='ltr'>cohaerere</span> <span class='ocrx_word' id='word_1_177' title='bbox 628 2599 671 2659; x_wconf 81' lang='lat' dir='ltr'><strong><em>sie</em></strong></span> <span class='ocrx_word' id='word_1_178' title='bbox 704 2604 854 2661; x_wconf 75' lang='lat' dir='ltr'><strong>correcta:</strong></span> <span class='ocrx_word' id='word_1_179' title='bbox 890 2596 938 2659; x_wconf 75' lang='grc' dir='ltr'><strong><em>ἐπὶ</em></strong></span> <span class='ocrx_word' id='word_1_180' title='bbox 964 2596 996 2659; x_wconf 85' lang='grc' dir='ltr'><strong><em>δὲ</em></strong></span> <span class='ocrx_word' id='word_1_181' title='bbox 1018 2601 1071 2659; x_wconf 89' lang='grc' dir='ltr'><strong><em>τοῦ</em></strong></span> <span class='ocrx_word' id='word_1_182' title='bbox 1096 2596 1238 2675; x_wconf 80' lang='grc' dir='ltr'><strong><em>φθόγγου</em></strong></span> <span class='ocrx_word' id='word_1_183' title='bbox 1262 2595 1327 2658; x_wconf 83' lang='grc' dir='ltr'><strong><em>ὑπα-</em></strong></span> 
     </span>
     <span class='ocr_line' id='line_1_23' title="bbox 151 2699 1328 2786; baseline -0.006 -15"><span class='ocrx_word' id='word_1_184' title='bbox 151 2707 290 2772; x_wconf 84' lang='grc' dir='ltr'><strong><em>κουστέον</em></strong></span> <span class='ocrx_word' id='word_1_185' title='bbox 319 2706 353 2767; x_wconf 81' lang='grc' dir='ltr'><strong><em>τό</em></strong></span> <span class='ocrx_word' id='word_1_186' title='bbox 383 2703 544 2780; x_wconf 77' lang='grc' dir='ltr'><strong><em>ἠκούομεν,</em></strong></span> <span class='ocrx_word' id='word_1_187' title='bbox 577 2705 614 2772; x_wconf 83' lang='grc' dir='ltr'><strong><em>ύς</em></strong></span> <span class='ocrx_word' id='word_1_188' title='bbox 648 2704 675 2786; x_wconf 84' lang='grc' dir='ltr'><strong><em>(ἐ</em></strong></span> <span class='ocrx_word' id='word_1_189' title='bbox 684 2704 711 2785; x_wconf 79' lang='grc' dir='ltr'><strong><em>ν)</em></strong></span> <span class='ocrx_word' id='word_1_190' title='bbox 736 2706 786 2782; x_wconf 76' lang='grc' dir='ltr'><strong><em>τῷ</em></strong></span> <span class='ocrx_word' id='word_1_191' title='bbox 813 2704 1038 2780; x_wconf 75' lang='grc' dir='ltr'><strong><em>,καρπαλίμως</em></strong></span> <span class='ocrx_word' id='word_1_192' title='bbox 1065 2741 1106 2751; x_wconf 89' lang='lat'><em>-</em></span> <span class='ocrx_word' id='word_1_193' title='bbox 1132 2704 1213 2767; x_wconf 83' lang='grc' dir='ltr'><strong><em>δ’ἐκ</em></strong></span> <span class='ocrx_word' id='word_1_194' title='bbox 1237 2699 1328 2778; x_wconf 78' lang='grc' dir='ltr'><strong><em>μεγί-</em></strong></span> 
     </span>
     <span class='ocr_line' id='line_1_24' title="bbox 150 2808 942 2894; baseline -0.006 -16"><span class='ocrx_word' id='word_1_195' title='bbox 150 2814 222 2894; x_wconf 87' lang='grc' dir='ltr'><strong><em>ρων”</em></strong></span> <span class='ocrx_word' id='word_1_196' title='bbox 245 2813 294 2876; x_wconf 80' lang='grc' dir='ltr'><strong><em>ἐπί</em></strong></span> <span class='ocrx_word' id='word_1_197' title='bbox 319 2816 372 2875; x_wconf 88' lang='grc' dir='ltr'><strong><em>τοῦ</em></strong></span> <span class='ocrx_word' id='word_1_198' title='bbox 397 2810 481 2873; x_wconf 84' lang='grc' dir='ltr'><strong><em>σίτου</em></strong></span> <span class='ocrx_word' id='word_1_199' title='bbox 506 2808 553 2872; x_wconf 78' lang='grc' dir='ltr'><strong><em>δεῖ</em></strong></span> <span class='ocrx_word' id='word_1_200' title='bbox 576 2811 737 2872; x_wconf 81' lang='grc' dir='ltr'><strong><em>ὑπακούειν</em></strong></span> <span class='ocrx_word' id='word_1_201' title='bbox 762 2810 796 2872; x_wconf 79' lang='grc' dir='ltr'><strong><em>τό</em></strong></span> <span class='ocrx_word' id='word_1_202' title='bbox 819 2809 942 2891; x_wconf 77' lang='grc' dir='ltr'><strong><em>φέρετε.</em></strong></span> 
     </span>
    </p>
   </div>
   <div class='ocr_carea' id='block_1_5' title="bbox 152 3019 1339 4277">
    <p class='ocr_par' dir='ltr' id='par_1_7' title="bbox 153 3019 1334 3514">
     <span class='ocr_line' id='line_1_25' title="bbox 200 3019 1329 3109; baseline -0.004 -23"><span class='ocrx_word' id='word_1_203' title='bbox 200 3047 224 3097; x_wconf 73' lang='grc' dir='ltr'><strong><em>ι,</em></strong></span> <span class='ocrx_word' id='word_1_204' title='bbox 254 3021 327 3088; x_wconf 86' lang='grc'><strong>173.</strong></span> <span class='ocrx_word' id='word_1_205' title='bbox 375 3019 508 3090; x_wconf 74' lang='grc' dir='ltr'><strong><em>Εἰκότως</em></strong></span> <span class='ocrx_word' id='word_1_206' title='bbox 534 3021 661 3101; x_wconf 79' lang='grc' dir='ltr'><strong><em>αὐτοῦ</em></strong></span> <span class='ocrx_word' id='word_1_207' title='bbox 687 3019 884 3097; x_wconf 74' lang='grc' dir='ltr'><strong><em>οίπέρχεται</em></strong></span> <span class='ocrx_word' id='word_1_208' title='bbox 911 3021 965 3083; x_wconf 83' lang='grc' dir='ltr'><strong><em>σῦν</em></strong></span> <span class='ocrx_word' id='word_1_209' title='bbox 988 3030 1049 3090; x_wconf 75' lang='grc' dir='ltr'><strong><em>τοῖς</em></strong></span> <span class='ocrx_word' id='word_1_210' title='bbox 1072 3020 1182 3084; x_wconf 81' lang='grc' dir='ltr'><strong><em>ἑαυτοῦ</em></strong></span> <span class='ocrx_word' id='word_1_211' title='bbox 1204 3020 1329 3109; x_wconf 72' lang='grc' dir='ltr'><strong><em>ἐταίρρις,</em></strong></span> 
     </span>
     <span class='ocr_line' id='line_1_26' title="bbox 153 3108 1331 3207; baseline -0.003 -14"><span class='ocrx_word' id='word_1_212' title='bbox 153 3129 263 3207; x_wconf 82' lang='grc' dir='ltr'><strong><em>μῃκέτι</em></strong></span> <span class='ocrx_word' id='word_1_213' title='bbox 300 3127 449 3191; x_wconf 90' lang='grc' dir='ltr'><strong><em>πιστεύων</em></strong></span> <span class='ocrx_word' id='word_1_214' title='bbox 486 3108 605 3193; x_wconf 39' lang='grc' dir='ltr'><strong><em>διόιέ-,τὸ</em></strong></span> <span class='ocrx_word' id='word_1_215' title='bbox 637 3127 708 3204; x_wconf 81' lang='grc' dir='ltr'><strong><em>πρὸς</em></strong></span> <span class='ocrx_word' id='word_1_216' title='bbox 742 3127 811 3197; x_wconf 77' lang='grc' dir='ltr'><strong><em>τοὺς</em></strong></span> <span class='ocrx_word' id='word_1_217' title='bbox 844 3128 1059 3206; x_wconf 70' lang='grc' dir='ltr'><strong><em>Λωτοφάγους</em></strong></span> <span class='ocrx_word' id='word_1_218' title='bbox 1085 3126 1268 3204; x_wconf 88' lang='grc' dir='ltr'><strong><em>σύμπτωμα</em></strong></span> <span class='ocrx_word' id='word_1_219' title='bbox 1288 3124 1331 3189; x_wconf 79' lang='grc' dir='ltr'><strong><em>καί</em></strong></span> 
     </span>
     <span class='ocr_line' id='line_1_27' title="bbox 153 3233 1332 3315; baseline -0.003 -17"><span class='ocrx_word' id='word_1_220' title='bbox 153 3239 206 3309; x_wconf 71' lang='grc' dir='ltr'><strong><em>τὴν</em></strong></span> <span class='ocrx_word' id='word_1_221' title='bbox 243 3235 329 3313; x_wconf 85' lang='grc' dir='ltr'><strong><em>παρίι</em></strong></span> <span class='ocrx_word' id='word_1_222' title='bbox 366 3236 486 3297; x_wconf 84' lang='grc' dir='ltr'><strong><em>Κίκοσιν</em></strong></span> <span class='ocrx_word' id='word_1_223' title='bbox 522 3234 697 3308; x_wconf 82' lang='grc' dir='ltr'><strong><em>οὶπείύειαν,</em></strong></span> <span class='ocrx_word' id='word_1_224' title='bbox 730 3234 773 3306; x_wconf 73' lang='grc' dir='ltr'><strong><em>μή</em></strong></span> <span class='ocrx_word' id='word_1_225' title='bbox 807 3257 869 3302; x_wconf 85' lang='grc' dir='ltr'><strong><em>πως</em></strong></span> <span class='ocrx_word' id='word_1_226' title='bbox 904 3234 1001 3297; x_wconf 80' lang='grc' dir='ltr'><strong><em>πόλιν</em></strong></span> <span class='ocrx_word' id='word_1_227' title='bbox 1036 3233 1255 3315; x_wconf 83' lang='grc' dir='ltr'><strong><em>ὑποφερόμενοι</em></strong></span> <span class='ocrx_word' id='word_1_228' title='bbox 1285 3233 1332 3296; x_wconf 79' lang='grc' dir='ltr'><strong><em>τινί</em></strong></span> 
     </span>
     <span class='ocr_line' id='line_1_28' title="bbox 154 3338 1334 3423; baseline -0.003 -17"><span class='ocrx_word' id='word_1_229' title='bbox 154 3343 249 3421; x_wconf 82' lang='grc' dir='ltr'><strong><em>κέρδει·</em></strong></span> <span class='ocrx_word' id='word_1_230' title='bbox 280 3339 533 3405; x_wconf 89' lang='grc' dir='ltr'><strong><em>κινδυνεύουσιν.</em></strong></span> <span class='ocrx_word' id='word_1_231' title='bbox 568 3338 625 3423; x_wconf 85' lang='grc' dir='ltr'><strong><em>(Η)</em></strong></span> <span class='ocrx_word' id='word_1_232' title='bbox 659 3340 850 3403; x_wconf 80' lang='lat' dir='ltr'>Narruverut</span> <span class='ocrx_word' id='word_1_233' title='bbox 881 3339 1009 3423; x_wconf 81' lang='lat' dir='ltr'>Ulixes,</span> <span class='ocrx_word' id='word_1_234' title='bbox 1043 3362 1076 3404; x_wconf 81' lang='lat' dir='ltr'><strong><em>se</em></strong></span> <span class='ocrx_word' id='word_1_235' title='bbox 1108 3338 1242 3406; x_wconf 80' lang='lat' dir='ltr'>comites</span> <span class='ocrx_word' id='word_1_236' title='bbox 1271 3360 1334 3405; x_wconf 74' lang='lat' dir='ltr'>suus</span> 
     </span>
     <span class='ocr_line' id='line_1_29' title="bbox 153 3449 505 3514; baseline -0.017 0"><span class='ocrx_word' id='word_1_237' title='bbox 153 3452 199 3514; x_wconf 78' lang='lat' dir='ltr'><strong><em>ita</em></strong></span> <span class='ocrx_word' id='word_1_238' title='bbox 223 3449 396 3514; x_wconf 76' lang='lat' dir='ltr'>allocutum</span> <span class='ocrx_word' id='word_1_239' title='bbox 423 3467 505 3510; x_wconf 81' lang='lat' dir='ltr'>esse:</span> 
     </span>
    </p>

    <p class='ocr_par' dir='ltr' id='par_1_8' title="bbox 329 3549 1142 3634">
     <span class='ocr_line' id='line_1_30' title="bbox 329 3549 1142 3634; baseline -0.001 -17"><span class='ocrx_word' id='word_1_240' title='bbox 329 3554 442 3617; x_wconf 68' lang='grc' dir='ltr'><strong><em>’Ἄλλοι</em></strong></span> <span class='ocrx_word' id='word_1_241' title='bbox 466 3553 522 3626; x_wconf 80' lang='grc' dir='ltr'><strong><em>μέν</em></strong></span> <span class='ocrx_word' id='word_1_242' title='bbox 544 3557 593 3614; x_wconf 90' lang='grc' dir='ltr'><strong><em>νῦν</em></strong></span> <span class='ocrx_word' id='word_1_243' title='bbox 617 3549 757 3634; x_wconf 88' lang='grc' dir='ltr'><strong><em>μίμνετ’,</em></strong></span> <span class='ocrx_word' id='word_1_244' title='bbox 784 3552 848 3625; x_wconf 85' lang='grc' dir='ltr'><strong><em>ἐμοί</em></strong></span> <span class='ocrx_word' id='word_1_245' title='bbox 876 3552 985 3631; x_wconf 80' lang='grc' dir='ltr'><strong><em>ε’ρίῃρες</em></strong></span> <span class='ocrx_word' id='word_1_246' title='bbox 1011 3553 1142 3632; x_wconf 78' lang='grc' dir='ltr'><strong><em>ἑταῖροι·</em></strong></span> 
     </span>
    </p>

    <p class='ocr_par' dir='ltr' id='par_1_9' title="bbox 335 3657 1163 3737">
     <span class='ocr_line' id='line_1_31' title="bbox 335 3657 1163 3737; baseline 0.001 -15"><span class='ocrx_word' id='word_1_247' title='bbox 335 3659 434 3736; x_wconf 84' lang='grc' dir='ltr'><strong><em>αύτίιρ</em></strong></span> <span class='ocrx_word' id='word_1_248' title='bbox 459 3659 518 3734; x_wconf 75' lang='grc' dir='ltr'><strong><em>ἐγὼ</em></strong></span> <span class='ocrx_word' id='word_1_249' title='bbox 543 3658 597 3721; x_wconf 86' lang='grc' dir='ltr'><strong><em>σὺν</em></strong></span> <span class='ocrx_word' id='word_1_250' title='bbox 621 3659 670 3730; x_wconf 82' lang='grc' dir='ltr'><strong><em>νηί</em></strong></span> <span class='ocrx_word' id='word_1_251' title='bbox 691 3657 719 3718; x_wconf 86' lang='grc' dir='ltr'><strong><em>τ’</em></strong></span> <span class='ocrx_word' id='word_1_252' title='bbox 745 3659 803 3737; x_wconf 73' lang='grc' dir='ltr'><strong><em>ἐμῇ</em></strong></span> <span class='ocrx_word' id='word_1_253' title='bbox 829 3659 880 3720; x_wconf 83' lang='grc' dir='ltr'><strong><em>καί</em></strong></span> <span class='ocrx_word' id='word_1_254' title='bbox 907 3661 989 3733; x_wconf 81' lang='grc' dir='ltr'><strong><em>ε’μοίς</em></strong></span> <span class='ocrx_word' id='word_1_255' title='bbox 1015 3661 1163 3737; x_wconf 79' lang='grc' dir='ltr'><strong><em>ἑταίροισιν</em></strong></span> 
     </span>
    </p>

    <p class='ocr_par' dir='ltr' id='par_1_10' title="bbox 152 3764 1339 4277">
     <span class='ocr_line' id='line_1_32' title="bbox 335 3764 1137 3841; baseline 0 -13"><span class='ocrx_word' id='word_1_256' title='bbox 335 3767 425 3828; x_wconf 85' lang='grc' dir='ltr'><strong><em>ἐλόὼν</em></strong></span> <span class='ocrx_word' id='word_1_257' title='bbox 449 3764 534 3827; x_wconf 83' lang='grc' dir='ltr'><strong><em>τῶνδ’</em></strong></span> <span class='ocrx_word' id='word_1_258' title='bbox 559 3765 668 3841; x_wconf 70' lang='grc' dir='ltr'><strong><em>ἀνδρῶν</em></strong></span> <span class='ocrx_word' id='word_1_259' title='bbox 693 3768 874 3841; x_wconf 69' lang='grc' dir='ltr'><strong><em>πειρήσομαι</em></strong></span> <span class='ocrx_word' id='word_1_260' title='bbox 901 3764 931 3828; x_wconf 80' lang='grc' dir='ltr'><strong><em>οί</em></strong></span> <span class='ocrx_word' id='word_1_261' title='bbox 950 3766 1028 3835; x_wconf 75' lang='grc' dir='ltr'><strong><em>τινές</em></strong></span> <span class='ocrx_word' id='word_1_262' title='bbox 1053 3767 1137 3829; x_wconf 90' lang='grc' dir='ltr'><strong><em>είσιν.</em></strong></span> 
     </span>
     <span class='ocr_line' id='line_1_33' title="bbox 152 3869 1337 3957; baseline -0.003 -17"><span class='ocrx_word' id='word_1_263' title='bbox 152 3874 350 3942; x_wconf 68' lang='lat' dir='ltr'>confidenter</span> <span class='ocrx_word' id='word_1_264' title='bbox 378 3874 479 3957; x_wconf 81' lang='lat' dir='ltr'>igitur</span> <span class='ocrx_word' id='word_1_265' title='bbox 502 3869 643 3934; x_wconf 80' lang='lat' dir='ltr'>scholion</span> <span class='ocrx_word' id='word_1_266' title='bbox 669 3874 714 3934; x_wconf 79' lang='lat' dir='ltr'><strong><em>sic</em></strong></span> <span class='ocrx_word' id='word_1_267' title='bbox 739 3871 941 3935; x_wconf 84' lang='lat' dir='ltr'>emendatum</span> <span class='ocrx_word' id='word_1_268' title='bbox 968 3871 1209 3956; x_wconf 79' lang='lat' dir='ltr'>supplebimus:</span> <span class='ocrx_word' id='word_1_269' title='bbox 1224 3874 1337 3945; x_wconf 82' lang='grc' dir='ltr'><strong><em>είκότυι</em></strong></span> 
     </span>
     <span class='ocr_line' id='line_1_34' title="bbox 153 3976 1339 4064; baseline 0.002 -21"><span class='ocrx_word' id='word_1_270' title='bbox 153 3984 262 4051; x_wconf 78' lang='grc' dir='ltr'><strong><em>αὐτὸς</em></strong></span> <span class='ocrx_word' id='word_1_271' title='bbox 294 3978 471 4057; x_wconf 78' lang='grc' dir='ltr'><strong><em>οὶπέρχεται</em></strong></span> <span class='ocrx_word' id='word_1_272' title='bbox 506 3976 697 4062; x_wconf 79' lang='grc' dir='ltr'><strong><em>(πρόερχ.“1)</em></strong></span> <span class='ocrx_word' id='word_1_273' title='bbox 733 3978 787 4039; x_wconf 85' lang='grc' dir='ltr'><strong><em>σὺν</em></strong></span> <span class='ocrx_word' id='word_1_274' title='bbox 822 3986 882 4047; x_wconf 80' lang='grc' dir='ltr'><strong><em>τοῖς</em></strong></span> <span class='ocrx_word' id='word_1_275' title='bbox 920 3980 1028 4042; x_wconf 80' lang='grc' dir='ltr'><strong><em>ἑαυτοῦ</em></strong></span> <span class='ocrx_word' id='word_1_276' title='bbox 1061 3979 1212 4057; x_wconf 82' lang='grc' dir='ltr'><strong><em>ἑταίροις,</em></strong></span> <span class='ocrx_word' id='word_1_277' title='bbox 1245 3984 1339 4064; x_wconf 73' lang='grc' dir='ltr'><strong><em>(τοῖς</em></strong></span> 
     </span>
     <span class='ocr_line' id='line_1_35' title="bbox 152 4082 1338 4169; baseline -0.001 -17"><span class='ocrx_word' id='word_1_278' title='bbox 152 4089 318 4169; x_wconf 78' lang='grc' dir='ltr'><strong><em>ἑτέροις)</em></strong></span> <span class='ocrx_word' id='word_1_279' title='bbox 347 4084 457 4159; x_wconf 85' lang='grc' dir='ltr'><strong><em>μῃκέτι</em></strong></span> <span class='ocrx_word' id='word_1_280' title='bbox 487 4082 638 4145; x_wconf 87' lang='grc' dir='ltr'><strong><em>πιστεύων</em></strong></span> <span class='ocrx_word' id='word_1_281' title='bbox 673 4115 736 4165; x_wconf 85' lang='grc'><strong><em>--,</em></strong></span> <span class='ocrx_word' id='word_1_282' title='bbox 761 4086 806 4159; x_wconf 73' lang='grc' dir='ltr'><strong><em>μή</em></strong></span> <span class='ocrx_word' id='word_1_283' title='bbox 831 4109 892 4155; x_wconf 78' lang='grc' dir='ltr'><strong><em>πως</em></strong></span> <span class='ocrx_word' id='word_1_284' title='bbox 919 4087 1015 4148; x_wconf 78' lang='grc' dir='ltr'><strong><em>πόλιν</em></strong></span> <span class='ocrx_word' id='word_1_285' title='bbox 1040 4086 1266 4166; x_wconf 86' lang='grc' dir='ltr'><strong><em>ύποφερόμενοί</em></strong></span> <span class='ocrx_word' id='word_1_286' title='bbox 1287 4111 1338 4153; x_wconf 88' lang='grc' dir='ltr'><strong><em>τινι</em></strong></span> 
     </span>
     <span class='ocr_line' id='line_1_36' title="bbox 153 4191 507 4277; baseline -0.023 -18"><span class='ocrx_word' id='word_1_287' title='bbox 153 4194 246 4277; x_wconf 81' lang='grc' dir='ltr'><strong><em>κέρδει</em></strong></span> <span class='ocrx_word' id='word_1_288' title='bbox 272 4191 507 4256; x_wconf 86' lang='grc' dir='ltr'><strong><em>κινδυνεύωσιν.</em></strong></span> 
     </span>
    </p>
   </div>
   <div class='ocr_carea' id='block_1_6' title="bbox 0 0 1510 4950">
    <p class='ocr_par' dir='ltr' id='par_1_11' title="bbox 0 0 1510 4950">
     <span class='ocr_line' id='line_1_37' title="bbox 0 0 1510 4950; baseline 0 0"><span class='ocrx_word' id='word_1_289' title='bbox 0 0 1510 4950; x_wconf 95' lang='lat' dir='ltr'><strong><em> </em></strong></span> 
     </span>
    </p>
   </div>
  </div>
 </body>
</html>
