2978 4950
702 112 765 184 311

233 296 312 390 μηδὲ
335 310 368 375 τί
391 334 435 377 τοι
459 307 568 393 ξίφείς
591 333 631 389 γε
656 311 730 383 ποθὴ
755 305 922 388 μετόπισθε
947 303 1062 385 γένοιτο
1087 317 1159 370 κτλ.

145 409 205 482 His
236 417 395 504 adscripta
424 419 458 482 in
488 417 531 498 Q:
565 416 618 482 κοιί
650 416 689 481 σὺ
713 417 823 498 φίλος·
847 413 898 479 κοί
924 411 979 490 τί,
1004 412 1098 492 φησίν
1121 411 1134 475 ί
1160 406 1329 477 Ὀδυσσεὺς

145 520 304 599 Ἀττικῶς.
335 525 380 602 ull
412 525 458 590 ἔτι
489 523 605 604 γίνοιτο
638 528 691 589 τοῦ
715 521 824 604 ξίφους
848 519 866 586 ί
886 545 936 598 μοι
963 518 1094 591 δέδωκας
1119 519 1192 591 τοίίς
1218 516 1268 580 ἐντί
1294 515 1328 578 τὸ

145 624 310 713 ἓιιτροοίεν
333 633 397 708 ἤτοι
422 631 548 708 ἐτιίυμί
573 636 581 695 t
628 629 747 715 Lepida
767 630 892 705 omnia,
914 628 968 692 sed
987 625 1069 691 nihil
1083 624 1221 710 lepidius
1232 642 1328 708 quam

148 729 254 804 Ulixes
298 739 403 804 Attice
438 758 512 803 cum
546 735 687 823 Euryalo
723 733 936 802 confabulans.
983 731 1055 797 Hoc
1089 752 1191 796 unum
1225 731 1330 794 nescio

149 844 299 922 quomodo
320 843 433 909 addere
453 845 547 909 homo
571 841 731 930 neglexit,
757 852 865 906 utrum
891 845 997 906 vetere
1020 838 1153 904 Atthide
1175 837 1267 902 heros
1290 856 1330 900 an

150 965 225 1017 aava
255 973 331 1017 usus
362 951 468 1016 fuerit.
517 949 579 1016 Sed
609 971 648 1015 ne
677 969 848 1037 pergamus
880 950 1009 1031 antiquo
1036 947 1248 1034 grammatico
1272 945 1330 1008 cri·

152 1055 224 1121 nini
254 1058 329 1123 dare
359 1059 494 1144 ineptias
526 1078 661 1142 quarum
686 1055 779 1141 plane
802 1059 908 1119 insons
932 1060 997 1127 est,
1023 1074 1096 1119 oum
1120 1053 1241 1116 scribae
1262 1050 1331 1115 dor·

10 1162 28 1187 '·
150 1163 295 1230 mitantes
318 1164 370 1230 hic
393 1164 484 1230 nobis
506 1163 690 1252 exagitandi
713 1165 787 1228 sint.
811 1160 1052 1237 Distrahamus,
1075 1180 1154 1244 quae
1172 1157 1223 1223 illi
1246 1157 1330 1222 male

20 1266 27 1273 “
146 1272 375 1336 coniunxerunt
399 1291 435 1337 ao
457 1268 541 1336 nihil
565 1272 720 1356 supererit
742 1271 956 1354 ineptiarum:

192 1376 297 1462 φίλος]
323 1375 415 1442 ἀντὶ
439 1381 508 1441 τοῦ
534 1376 658 1462 (φίλε)
684 1377 720 1461 ¹).

190 1481 239 1546 ιιυί
276 1483 314 1548 σὺ
345 1481 454 1568 φίλος]
487 1482 539 1547 nal
572 1483 652 1560 σοί,
686 1482 781 1564 φησίν
811 1484 824 1546 ί
855 1482 1044 1558 Ὀδυσσεύς,
1074 1481 1119 1559 μίν
1143 1478 1188 1544 ἔτι
1212 1480 1330 1558 γίνοιτο

120 1589 199 1651 τοῦ
228 1586 338 1670 ξίφους
370 1586 387 1652 ί
415 1612 465 1664 μοι
498 1587 629 1660 altem
661 1588 818 1662 nodi's’nl
851 1588 977 1674 (malim
1007 1588 1074 1672 είς)
1103 1587 1138 1650 τὸ
1163 1585 1328 1664 ἔμπροσθεν

10 1690 14 1737 t
104 1692 206 1763 ἤτοι
239 1695 398 1772 ἐπιθυμία.
445 1694 537 1760 Prior
567 1707 642 1760 nota
671 1697 841 1760 Aristonici
868 1706 934 1778 est,
958 1731 997 1741 -
1023 1692 1108 1758 locos
1131 1714 1169 1758 ex
1193 1691 1329 1759 Scholiis
1424 1702 1429 1711 '

93 1787 247 1867 Iliacis
279 1803 457 1885 composuit
480 1800 721 1867 Friedl'a'nderus
743 1822 775 1886 p.
802 1798 859 1877 18,
886 1801 1040 1884 equibus
1062 1820 1162 1863 unum
1185 1798 1328 1864 excitabo

83 1894 149 1965 ῘῘΒ
194 1925 287 1992 quae
309 1906 524 1995 redintegravi
547 1906 761 1992 persimilem:
786 1907 877 1987 φίλος
902 1903 923 1970 ὦ
947 1907 1108 1970 Μενέλαε·
1134 1908 1236 1985 alipii
1259 1909 1328 1972 οίντὶ

78 2011 181 2079 ῒῆσ
231 2021 396 2097 κλντικῆς,
427 2014 519 2093 φίλος
546 2013 616 2076 οίντί
648 2017 700 2077 τοῦ
732 2015 817 2093 φίλε.
849 2014 891 2099 (Δ
920 2010 1016 2098 189),
1042 2051 1082 2061 -
1108 2013 1207 2079 altera
1231 2016 1330 2079 totius

69 2121 373 2187 renunciationis
395 2119 601 2206 paraphrasin
624 2122 775 2185 continet.
807 2118 919 2205 Neque
941 2118 1034 2185 aliter
1052 2120 1225 2185 sanandum
1238 2121 1329 2186 scho-

65 2204 190 2285 lion
241 2245 281 2290 01
310 2224 484 2291 acinano
515 2225 555 2290 aa
580 2249 606 2302 a
630 2224 706 2289 naa.
753 2226 872 2313 ngrtn
895 2225 933 2290 oe
956 2225 1144 2312 caganus
1168 2225 1328 2292 oretanae

63 2332 87 2377 θ
125 2319 346 2419 Charybdi
365 2334 473 2409 navis,
498 2353 578 2417 quae
594 2330 651 2397 illa
663 2333 810 2417 absorpta
821 2333 880 2397 sub
894 2353 1060 2418 vesperum
1073 2335 1164 2418 quasi
1176 2336 1328 2400 evomuit.

236 2435 313 2502 438.
608 2437 774 2520 ἐελδομένῳ
799 2438 830 2503 δέ
854 2461 905 2515 μοι
929 2437 1015 2514 ἦλθον

235 2542 313 2608 439.
359 2542 426 2624 ὄψ’·
452 2539 526 2621 ἦμος
549 2542 627 2610 δ’ἒτί
652 2543 756 2625 δίρτον
779 2546 852 2625 οίνίιρ
875 2546 1020 2625 οίρορῆίεν
1044 2543 1157 2622 οίνίοτη
1171 2582 1190 2596 -
1205 2581 1242 2631 -,

236 2649 314 2717 441.
360 2657 457 2727 τῆμος
481 2651 515 2725 δὶς
540 2650 581 2714 τοί
606 2676 645 2730 γε
670 2651 760 2732 δοῦροο
783 2651 954 2732 Χαρύβδιος
980 2650 1168 2734 ἐξεφοιοίνίν.

53 2732 150 2807 Ad
232 2755 290 2821 hos
322 2758 425 2844 igitur
454 2778 563 2822 versus
595 2778 668 2822 oum
695 2756 846 2823 lemmate
877 2757 1042 2838 ἐελδομένῳ
1073 2757 1193 2847 legitur
1219 2763 1254 2825 in
1277 2759 1329 2826 H:

52 2839 339 2939 lfftdupoovn
381 2863 530 2942 σωτηρίοις
563 2857 651 2937 ἦλίεν
680 2865 753 2943 οίνίιρ
783 2863 919 2945 βροιδέυς
951 2867 994 2937 είς
1027 2865 1160 2943 δεῖπνον,
1196 2865 1259 2941 ἤτοι
1295 2868 1330 2932 τὸ

52 2943 285 3043 &tantm
318 2969 370 3033 κοί
401 2968 515 3042 οίνέοτιρ
548 2971 611 3036 alal
642 2979 697 3045 τῆς
723 2973 849 3051 οίρορῖις.
898 2969 1043 3037 Correxit
1066 2969 1235 3038 Oramerus
1258 2974 1331 3055 οίνιίρ

51 3068 155 3133 P1'0
208 3073 339 3140 codicis
357 3073 492 3140 lectione
512 3075 598 3153 οίνιὶν,
619 3080 754 3142 correxit
774 3076 956 3143 Dindorlins
970 3079 1063 3163 (App‘.
1077 3100 1108 3165 p.
1123 3076 1202 3163 789)
1215 3080 1332 3146 δεῖπνον

51 3173 154 3238 Pro
220 3180 352 3265 δεῖπνον,
378 3219 419 3229 -
445 3201 518 3247 vere
540 3181 598 3248 illa
616 3184 766 3268 quidem,
793 3221 836 3232 -
858 3204 1025 3249 monemur
1048 3193 1209 3270 praeterea
1235 3188 1334 3270 „adde

54 3261 233 3352 (Post
255 3287 342 3373 οιιρ)
367 3286 401 3362 ις
423 3289 542 3368 aynae
567 3310 606 3355 οι
628 3290 683 3354 ιν
709 3290 826 3375 (emer.
854 3311 886 3376 p.
910 3293 997 3374 nn),
1023 3291 1075 3356 sen
1096 3292 1173 3376 qun
1197 3293 1273 3360 naec
1294 3295 1334 3360 aa

54 3369 249 3458 totam
281 3393 470 3458 sententiam
500 3394 747 3483 intellegendam
770 3399 925 3482 prosunt?
949 3396 1036 3477 Quae
1060 3397 1248 3464 brevissima
1272 3407 1335 3484 est,

54 3476 109 3536 ⁸¹²
215 3502 257 3565 :in
297 3505 386 3565 tanta
418 3501 574 3566 brevitate
604 3508 682 3586 quot
711 3502 806 3568 habet
837 3506 1029 3590 aenigmata.
1078 3502 1155 3583 Quis
1189 3505 1336 3590 expediat

56 3574 293 3671 dativum
318 3603 533 3682 ἐνιιίυμοῦντιί
579 3607 741 3674 Pendelno
773 3630 812 3674 ex
844 3606 931 3683 ἦλίεν
962 3607 1056 3688 οίνὴρί
1103 3610 1138 3674 Si
1169 3632 1231 3676 nou
1263 3633 1336 3697 pen·

61 3679 160 3805 {let
179 3749 203 3783 υ
253 3714 337 3783 unde
370 3713 494 3779 tandem
538 3713 743 3798 explicandus
786 3712 868 3780 erit?
910 3716 976 3782 Nec
1019 3715 1147 3781 difficile
1190 3723 1238 3782 est
1280 3740 1336 3803 pro

65 3807 283 3891 lmperio
312 3824 469 3904 statuere,
493 3819 635 3885 addenda
658 3841 724 3885 esse
747 3843 785 3886 ex
804 3822 910 3887 codice
931 3822 1026 3888 rerba
1046 3821 1080 3898 ἐξ
1100 3826 1226 3904 οὶνοροῖς.
1251 3821 1335 3888 lllud

73 3891 311 3992 diffioilius
344 3927 486 4005 dicetur,
524 3929 551 3991 si
584 3928 667 4012 quod
697 3931 891 4013 imperatum
921 3936 969 3994 est
999 3929 1150 4005 facimus,
1179 3930 1336 4015 quomodo

83 4019 330 4115 Qipienda
357 4035 421 4099 sint
444 4033 583 4119 insipida
606 4035 736 4100 haecce:
762 4036 954 4113 ἐπιθυμοῦντι
979 4030 1239 4115 vermiculatae
1264 4039 1336 4118 οίνίςρ

99 4162 331 4207 χ.-

158 4265 202 4331 l)
232 4283 263 4331 lle
279 4285 380 4334 conlusio
397 4277 519 4339 Ἀττικῶς
538 4290 562 4334 et
579 4281 635 4333 cini
651 4287 697 4334 τοῦ
714 4287 801 4335 confer.
823 4287 886 4335 Bast.
905 4302 928 4353 p.
948 4284 1005 4337 793.
