2978 4950
725 191 769 273 22

149 387 308 473 θυμηθεθς,
328 390 381 453 οὐκ
406 386 526 455 ἔσωσεν.
552 390 637 471 Quid
654 391 782 457 tandem
803 389 896 458 vulti
919 393 970 458 An
989 393 1124 458 comites
1143 384 1277 458 &erret
1303 390 1355 456 An

148 496 202 559 οὐκ
223 491 355 559 iceneol
379 496 582 562 Alterutrum
602 503 728 563 tentum
747 495 815 561 fieri
835 503 947 582 potest,
969 519 1009 562 nc
1027 489 1194 584 quaerum,
1209 499 1355 583 quiquis

148 621 274 667 serrare
298 608 354 667 sut
377 621 440 668 non
466 623 590 669 seruere
613 604 712 688 possit
735 603 804 674 τοὺς
825 602 1005 679 δυνηθέντας
1020 640 1070 655 --
1084 605 1260 670 ἀποθανεῖν.
1287 601 1356 669 Sed

149 708 338 773 omittemus
356 706 450 793 plure
470 729 630 794 quaerere.
655 708 785 774 Etenim
803 728 843 774 ex
861 708 968 775 elletis
978 712 1086 776 verbis
1097 730 1193 777 nemo
1207 709 1357 795 aliquem

149 812 349 900 probabilem
372 835 501 880 sensum
519 814 643 887 eliciet,
666 814 762 880 donee
781 816 828 879 its
844 818 1092 882 constituentur:
1117 815 1170 881 καὶ
1192 811 1302 894 ὅμως
1325 814 1358 879 ἐν

149 928 215 992 τοῖς
238 922 313 999 παρ’
333 921 418 997 ἡμᾶς
437 920 529 993 αὐτὸς
551 921 608 998 μὲν
628 922 751 994 ἐσώθη
768 920 863 1003 αρετῇ
884 921 1075 1000 τενθθμενος,
1094 924 1167 996 τοὺς
1182 922 1249 1010 (δὲ)
1265 922 1357 996 δυνη-

150 1025 258 1097 θέντας
277 1024 316 1090 ἂν
334 1025 413 1114 (δια
430 1025 487 1106 τὸ)
504 1028 550 1104 μὴ
569 1026 621 1091 διαὶ
641 1026 742 1106 τύχην
758 1024 863 1101 ἔξωθέν
879 1051 949 1093 τινα
967 1031 1035 1092 καθ’
1055 1027 1248 1109 εἱμαρμένην
1269 1028 1357 1094 οξτο-

150 1134 260 1204 θανεῒν.
283 1133 318 1196 ἐκ
341 1130 372 1196 δὲ
395 1138 451 1206 τῆς
474 1137 548 1212 παρ’
571 1132 720 1207 ἑαυτοὺς
741 1131 858 1218 αἰτίας,
878 1134 989 1213 καίτερ
1008 1135 1113 1200 πολλοὶ
1135 1135 1357 1216 προθυμηθείς,

150 1240 205 1304 οὐκ
241 1236 362 1304 ἔσωσεν.
410 1240 456 1304 Ac
491 1239 656 1305 sciendum
692 1244 741 1304 est
773 1241 844 1312 τοὺς
874 1241 911 1306 δὲ
942 1240 1124 1316 δυνηθέντας
1159 1263 1229 1308 esse
1260 1244 1299 1307 in
1324 1241 1360 1308 D

128 1343 261 1433 '(Dind.
285 1344 389 1410 Praei.
413 1365 444 1430 p.
468 1347 568 1432 xxviij
594 1347 617 1410 i.
630 1346 686 1431 l.);
712 1344 834 1430 relique
856 1352 991 1431 uterque
1011 1344 1119 1414 Codex
1139 1368 1242 1434 neque
1261 1369 1360 1415 men-

150 1450 227 1518 dose
260 1451 376 1517 hebere
407 1450 554 1527 ridetur,
586 1450 641 1516 sed
670 1472 771 1527 nnnc,
804 1458 841 1516 nt
870 1471 977 1536 spero,
1004 1460 1125 1520 ennete
1173 1453 1217 1521 Se
1241 1457 1361 1541 ipsum

151 1559 311 1632 servarit,
343 1559 462 1642 inquit,
498 1555 636 1642 reliquos
666 1577 790 1623 servare
813 1576 876 1622 non
899 1561 1015 1643 potuit
1063 1559 1213 1645 Numque
1239 1563 1361 1639 „edroi

151 1663 215 1746 γαρ
240 1662 423 1746 σφετέρησον
448 1663 768 1746 (θτασθαλίησον
790 1660 960 1729 iterra?
984 1662 1094 1730 οὗτοι
1118 1666 1161 1752 δ’)
1186 1660 1267 1740 ἦσαν
1294 1669 1362 1754 (ei)

151 1771 195 1842 εἰς
225 1769 277 1834 τὸν
298 1767 406 1834 Ἥλιον
429 1769 512 1847 μόνον
538 1768 766 1846 ἀσεβήσαντες.
813 1768 865 1834 sio
888 1768 1002 1836 luoune
1023 1773 1058 1836 in
1081 1769 1115 1836 Η
1138 1771 1362 1858 probabiliter

152 1875 273 1963 expleri
307 1880 413 1962 potest
446 1875 525 1940 duce
554 1873 718 1940 Dindorfio
749 1876 804 1960 qui
832 1873 1005 1942 Homerica
1035 1879 1153 1943 emisse
1185 1880 1220 1943 in
1245 1878 1363 1945 Preef.

151 2005 182 2070 p.
216 1999 298 2047 xm
327 1985 394 2048 iem
424 1980 603 2067 supplerit,
633 1979 734 2044 simul
757 2000 888 2047 monens
911 1985 945 2046 in
968 1985 1178 2050 contrecticre
1200 1985 1361 2052 Parisino

150 2089 205 2175 (D)
236 2089 315 2154 heec
346 2086 463 2154 ultime
493 2106 617 2172 quoque
648 2085 741 2171 plene
765 2086 943 2153 dendernri.
974 2086 1037 2154 Sed
1059 2091 1094 2154 in
1116 2089 1178 2155 hec
1201 2097 1362 2157 nostrum

152 2193 304 2262 Scholion
327 2193 433 2260 relect
455 2192 625 2279 aliqnando
649 2190 882 2258 Horetienum:
908 2192 1004 2279 „ohc‚
1028 2196 1095 2260 ism
1120 2198 1200 2262 setis
1220 2195 1311 2263 estl”

198 2430 232 2484 α,
256 2406 310 2471 44.
335 2406 487 2470 Attamen
506 2422 546 2467 ne
573 2423 657 2467 nnnc
676 2402 806 2487 quidem
825 2422 883 2467 nos
902 2402 1041 2469 dimittit
1062 2403 1277 2492 Porphyrius.
1305 2409 1363 2475 Ad

149 2513 378 2580 Homericum:
392 2515 575 2589 γλαυκῶπις
588 2509 697 2583 Ἀθήνη
710 2507 845 2596 longum
857 2508 1053 2594 adscriptum
1067 2517 1115 2576 est
1128 2512 1162 2576 in
1173 2511 1364 2582 Herleiuno

151 2619 322 2702 Scholion,
348 2617 387 2683 ed
411 2615 546 2681 verbum
570 2615 635 2680 fere
659 2616 841 2699 conspirans
863 2635 937 2679 cum
962 2618 1082 2682 meiere
1106 2624 1198 2703 perte
1222 2640 1364 2702 eorum,

151 2747 233 2814 qnee
267 2724 354 2791 edite
388 2726 462 2787 sunt
496 2724 530 2785 in
562 2723 630 2786 eius
665 2718 910 2799 Quncstionibus
932 2718 1115 2787 Homericis
1139 2745 1166 2789 c.
1193 2725 1243 2790 IX
1270 2727 1364 2811 quod

150 2839 247 2920 caput
266 2820 373 2897 to'tum
391 2829 542 2913 repetivit
553 2825 697 2891 Venetus
708 2824 736 2888 B
748 2825 787 2890 ed
799 2824 894 2893 Ilied.
909 2835 951 2904 N,
965 2825 1042 2892 340.
1066 2828 1190 2896 Textus
1202 2831 1365 2921 Porphy-

150 2942 260 3006 rinnus
292 2939 325 3001 in
349 2934 499 3021 plurimis
523 2934 679 3018 integrior
700 2936 748 2996 eet
771 2937 803 2996 et
825 2932 975 2997 sincerior
998 2938 1030 2998 et
1054 2933 1179 3001 Veneto
1203 2943 1238 3003 et
1266 2937 1364 3006 Hur-

150 3044 274 3128 leiuno‚
299 3043 354 3128 qui
375 3046 481 3105 temen
504 3040 539 3102 in
563 3035 623 3101 fine
642 3036 765 3122 plenior
784 3057 851 3102 esse
871 3037 1009 3104 ridetur.
1032 3039 1119 3106 Nem
1139 3049 1214 3127 post
1232 3045 1361 3112 verbe:

152 3152 213 3231 ἀφ’
234 3145 267 3215 οὗ
287 3149 320 3212 αἱ
341 3143 478 3211 terreret
498 3147 551 3208 τοῦ
569 3145 672 3222 <perde
691 3141 814 3225 δαΐδες,
834 3137 950 3226 quibus
968 3144 1073 3209 verbis
1086 3145 1268 3233 disputatio
1281 3171 1365 3218 con·

151 3256 293 3324 cluditur
305 3258 337 3319 et
348 3255 381 3317 in
393 3249 517 3315 Veneto
531 3249 607 3314 etin
620 3248 724 3324 editis,
738 3244 930 3313 Herleinnus
940 3248 1017 3315 heec
1030 3250 1138 3316 sddit:
1153 3252 1249 3329 οὕτως
1263 3257 1364 3335 ἐβου-

150 3363 249 3443 λόμην
263 3360 319 3447 (ἂν
332 3358 402 3425 edd.
413 3354 439 3442 i)
454 3357 513 3428 τοὶς
528 3354 699 3434 Ὀμημκοὶς
712 3351 811 3428 λέξεις
825 3353 877 3417 καὶ
891 3353 960 3426 τοὺς
973 3354 1130 3432 ἐξηγητὰς
1144 3365 1339 3431 σκοπεῖσθαι
1351 3414 1361 3445 ,

150 3471 203 3538 καὶ
224 3469 294 3540 τοὺς
314 3470 420 3532 τοῦτον
441 3462 492 3526 τὸν
511 3459 618 3539 τρόπον
639 3457 887 3536 ἐξηγησαμένους
906 3458 1126 3540 ἀποδέχεσθαι,
1141 3484 1225 3549 queo
1238 3474 1363 3538 utrum

149 3575 324 3664 Porphyrii
346 3573 411 3638 sint
434 3588 492 3634 sne
514 3587 553 3633 en
571 3565 698 3631 lectoris
717 3564 937 3650 Porphyriene
960 3565 1170 3645 admirantis,
1197 3575 1363 3658 equidem

149 3685 280 3750 interim
315 3682 350 3745 in
384 3675 491 3742 medio
526 3671 687 3756 relinquo,
723 3670 762 3735 de
798 3673 973 3753 scripturae
1007 3673 1098 3737 vitiis
1133 3697 1221 3743 nnnc
1257 3684 1363 3751 unice

150 3809 258 3878 egens.
282 3785 392 3852 Potior
415 3789 524 3848 nutem
548 3783 596 3844 est
618 3776 713 3842 lectio
737 3775 884 3840 editionis
906 3775 1147 3863 Porphyriense
1169 3779 1193 3869 ¹)
1221 3787 1258 3852 in
1283 3787 1362 3857 his:

150 3929 321 3942 —n-a

183 4007 210 4075 1)
236 4006 299 4055 Utor
324 4001 428 4052 editione
451 3995 604 4058 Ζητημάτων
625 3995 766 4062 Porphyrii,
790 4010 850 4059 qure
871 3995 961 4060 prodiit
987 4000 1049 4062 cpud
1070 3999 1163 4052 Alsum
1187 4004 1315 4064 (vmffi⁸
1334 4012 1363 4064 in

147 4088 244 4140 nedibus
266 4087 323 4138 Aldi
345 4090 369 4135 et
386 4084 495 4133 Andreae
512 4080 596 4140 soceri)
614 4078 739 4136 Mum,
759 4076 837 4125 medie
853 4075 994 4142 interposite
1011 4079 1076 4130 inter
1093 4083 1191 4133 Scholir
1208 4103 1273 4152 qm
1292 4092 1360 4147 olim

146 4186 271 4238 mmm
297 4167 407 4232 Didymi,
433 4180 496 4214 nnnc
521 4161 626 4226 Vulgata
651 4159 753 4209 rudiunt
775 4157 804 4205 nd
827 4156 927 4207 Iliedcm
950 4161 974 4207 et
997 4161 1141 4226 Odyssean,
1164 4170 1229 4233 epnd
1255 4174 1362 4228 eosdem

147 4254 212 4306 „sits
230 4268 292 4303 nnnc
310 4247 490 4306 Momm,
507 4243 574 4295 cuins
590 4240 701 4292 editionis
718 4243 743 4288 ct
760 4239 921 4290 Buttmnnm
936 4243 961 4290 et
979 4241 1117 4298 Dindcrdnr
1133 4248 1216 4313 igntri
1231 4254 1273 4306 rel
1288 4263 1365 4312 sorte

144 4335 295 4388 immemores
312 4334 424 4391 inerunt,
443 4333 471 4380 ut
489 4329 544 4394 post
561 4322 691 4391 epperebit.
