2978 4950
166 108 258 175 τίνειν
277 116 341 184 τοῖς
360 109 478 187 ταύτης
495 111 661 191 συγγενίσι
681 115 733 180 κοί
753 116 795 195 τῷ
816 114 924 194 ποτρί.
945 112 1040 195 Φησίν
1052 109 1101 178 οὖν
1114 108 1352 193 (Telemaobus)

166 214 212 283 ίτι
244 219 279 304 (·)
313 217 405 283 mats
430 221 571 285 ἐστικαὶ
595 217 652 285 οίον
672 222 855 294 ἀλυσιτελὲς
878 221 932 287 ε’ἀν
956 220 1083 300 ίνδιύξυ
1109 221 1166 285 τῶν
1190 217 1280 284 oinos
1301 218 1358 294 τὴν

166 324 303 404 μητέρος·
327 326 434 392 πολλὰ
456 326 518 405 γάρ
542 327 679 393 ἀποτίσω
704 331 745 409 τῷ
771 323 1043 409 ’1κοιρίρ.ἀμεινον
1068 327 1100 391 δὲ
1117 322 1194 392 οὕτω
1213 323 1360 391 διοιστέλ·

167 446 229 494 λειν
255 430 369 508 ,,κοικίν
392 429 425 496 δέ
449 457 490 509 με
515 431 609 497 πόλλ’
635 433 819 499 ἀποπίνειν.”
838 433 939 499 sai-od
961 433 1028 514 περί
1050 431 1223 513 χρημάτιιν
1243 429 1359 515 Φησίν,

164 535 253 601 ἀλλά
277 537 344 616 περί
368 542 427 602 τῶν
450 538 667 617 ἐπαγομένων·
694 578 735 588 -
763 541 818 617 »ἐκ
841 540 905 621 γάρ
928 545 981 605 τοῦ
1003 541 1119 620 ποιτρδς
1144 538 1230 604 ιιοιινά
1253 538 1360 604 πείσο-

164 665 241 720 μοιι,
274 640 361 707 ἀλλοι
391 644 421 710 δὲ
454 644 570 721 δονίμυν
602 642 718 724 edred,
745 642 813 711 είτοι
840 647 910 711 κοιί’
934 645 1126 725 ύπερβυτίν,
1149 643 1187 710 οιί
1209 645 1240 710 κ’
1263 642 1360 715 οιύπύς

166 747 243 814 ἑκὼν
275 749 393 830 Ἰκοιρίῳ
426 750 606 829 ἀποπέμψω
638 754 693 827 την
723 752 862 832 μητίροι·
888 791 929 802 -
954 753 1020 817 ἕπεί
1046 753 1070 817 εί
1095 751 1161 831 περί
1185 749 1362 833 χρημάτυν

167 851 259 933 ἔλεγε
283 854 483 936 σμικρολόγος
508 857 546 921 ἀν
571 860 725 938 ἐφαίνετο.
751 857 814 924 Res
839 861 908 944 ipsa
931 859 1066 925 absurde
1089 866 1136 923 est
1160 859 1369 945 excogitata,

167 963 227 1026 etsi
258 961 355 1028 fuisso
385 966 469 1029 inter
499 966 732 1043 Aristarcheos,
765 966 819 1051 qui
852 966 910 1031 hos
940 986 1050 1031 versus
1072 966 1183 1031 eodem
1207 963 1306 1030 modo
1330 967 1383 1029 ot*-

166 1068 429 1155 iuterpungerent
452 1075 484 1135 et
507 1073 803 1157 interpretarentur,
825 1078 954 1157 apparet
972 1093 1011 1137 ex
1031 1071 1197 1138 Nicanoris
1214 1073 1303 1138 notis
1322 1068 1388 1136 sd.

168 1193 214 1239 vs
242 1173 306 1242 132
329 1182 362 1241 et
388 1174 463 1242 134.

210 1385 253 1472 β,
279 1387 353 1452 164.
387 1387 438 1463 δην
469 1388 623 1455 ἀπάνευύε
653 1390 754 1470 φίλων
783 1390 966 1476 paraphrasi
995 1388 1139 1455 redditur
1169 1358 1203 1454 iu
1236 1387 1278 1455 S:
1309 1387 1412 1455 ἐπὶ

167 1494 264 1561 τολὺν
287 1494 394 1577 χρίνον
416 1497 510 1579 χειρίς
534 1497 623 1563 ίδίυν.
648 1498 845 1563 Praestabit:
869 1497 962 1580 χειρίς
987 1498 1086 1582 (τῶν)
1107 1495 1198 1562 ίδίυν.

210 1711 257 1789 β,
291 1711 364 1777 185.
398 1712 449 1777 Ad
478 1713 590 1786 ἀνιείης
624 1711 774 1778 Scholion
804 1718 852 1779 est
880 1712 1072 1779 Herodiani:
1103 1711 1279 1777 δοισυντίον.
1306 1746 1327 1762 -
1341 1741 1444 1760 --

167 1824 261 1882 Ψιλιί
288 1819 318 1883 δὲ
349 1819 530 1892 Ἑλλάνικος
564 1820 651 1900 ποιρά
682 1821 751 1894 την
783 1818 901 1884 ἀνίοιν
926 1818 1127 1900 ἐκδεχόμενος
1152 1817 1194 1882 ιδ
1218 1819 1350 1894 λυποίης
1396 1859 1454 1877 -·

167 1922 290 1990 Immo:
316 1930 405 2002 φιλοῖ
425 1926 457 1990 δὲ·
481 1924 660 1995 Ἑλλάνιιιος
685 1924 771 2005 πυρά
795 1926 837 1990 τὸ
862 1930 982 1991 ἀνιάν
1008 1922 1212 2007 ἕκδεχίμενος
1237 1924 1484 2012 (ἀντίἿ

166 2034 235 2094 τοῦ
259 2033 404 2114 λυποίης,
429 2034 481 2096 oui
505 2038 588 2097 reate
612 2033 794 2117 obloquitur
812 2031 1030 2098 Herodianus:
1052 2033 1077 2097 εί
1094 2032 1127 2097 δὲ
1143 2036 1246 2109 τούτο,
1266 2031 1488 2112 {mad

167 2134 302 2218 γράφειυ
325 2137 444 2219 ἀνιείης.
468 2147 595 2214 τοιάύτη
620 2139 683 2217 γάρ
708 2140 724 2214 οἱ
749 2137 874 2218 δευτίροι
899 2138 1045 2220 συζυγίαι.

212 2351 256 2436 β,
283 2351 357 2418 195.
393 2350 500 2433 μητέρ’
525 2354 574 2428 ἑην
598 2353 627 2425 ίς
652 2354 767 2432 ποιτρδς
791 2353 936 2431 ἀνωγέτω
961 2350 1163 2418 ἀπονίεσίοιι·

394 2460 419 2523 οἱ
444 2458 475 2523 δὲ
498 2459 603 2537 γάμον
627 2459 765 2536 τεύξουσι
790 2460 842 2523 κοί
868 2457 1058 2542 ἀρτυνέουσιν
1082 2458 1170 2524 ἔεδνα
1193 2473 1264 2525 νιπλ.

167 2562 361 2631 Observatur
395 2565 434 2631 ad
468 2566 525 2631 hos
555 2588 663 2631 versus
692 2569 725 2631 in
754 2563 916 2646 EQVHD,
948 2565 1067 2644 μητίροι
1099 2561 1134 2639 ἣν
1166 2567 1196 2638 ἐς
1222 2564 1343 2648 πατρίς

169 2671 291 2747 ἧδέυς
323 2675 365 2753 τῷ
399 2672 544 2753 οχνίμοιτι
578 2674 752 2752 ἐχρίοντο·
783 2673 874 2737 είπύν
904 2672 967 2751 γάρ
1001 2674 1052 2750 ,,ἐς
1078 2671 1213 2753 ποιτρίς”
1236 2673 1344 2752 μετίβ

168 2779 210 2849 είς
234 2780 433 2852 πληίυντικύν
460 2781 504 2861 „oi
524 2779 555 2844 δὲ
573 2780 678 2856 γάμον
697 2776 862 2862 τεύξουσν”,
882 2777 1017 2853 δηλονίπι
1039 2780 1063 2842 οί
1092 2785 1284 2860 μνηστῆρες,
1311 2774 1449 2844 aa?

168 2886 392 2964 εύτρεπίτουσιν
413 2883 498 2949 ἔεδνοι
518 2882 576 2949 ὅσοι
596 2887 644 2950 δεῖ
662 2887 711 2950 ἐπί
734 2896 771 2966 τῇ
792 2885 917 2966 τοιιιύτη
938 2884 1024 2948 ποιιδί
1046 2885 1190 2949 δίδοσίιιι.
1211 2888 1475 2961 astutiis!

88 3022 91 3027 ·
167 2991 329 3074 (γομνὶλιοι
362 2991 410 3068 D,
436 2998 606 3077 utrumque
631 2995 840 3076 posteriorum
865 2998 1081 3057 commentum
1107 3011 1164 3076 pro
1186 2990 1346 3058 Homeris

167 3096 276 3174 μείλνοο
303 3102 327 3180 ¹)
362 3099 393 3162 δὲ
424 3099 465 3161 τά
499 3099 583 3177 ποιρά
616 3106 668 3164 τού
699 3099 815 3176 ποιτρδς
847 3104 901 3170 τῆς
926 3096 1051 3178 νύμφης
1076 3096 1242 3175 διδόμενοι,
1266 3097 1347 3175 ἥγου

166 3203 208 3266 τά
233 3203 408 3282 ἐξύπροικον.
456 3203 492 3267 In
516 3205 566 3268 his
590 3208 731 3289 primum
755 3225 869 3289 quaero
893 3225 949 3268 eur
971 3209 1064 3288 potita
1087 3203 1213 3269 dicatur
1238 3203 1338 3279 ηδὲυ

166 3311 207 3390 τῷ
231 3311 377 3390 σχήματι
401 3331 485 3374 usus.
512 3308 593 3374 Cum
618 3310 740 3376 nultum
764 3330 892 3375 oausam
917 3311 1098 3386 inveniam,
1120 3309 1343 3375 emendaveri
1442 3314 1486 3346 ‘¹'

166 3417 274 3489 ίδίυς
306 3418 348 3497 τῷ
377 3419 522 3496 σχήματι
555 3416 728 3496 ἐχρήσατο,
753 3416 1041 3502 quemadmodum,
1068 3451 1109 3464 -
1136 3420 1172 3480 ut
1195 3413 1236 3481 de
1259 3415 1431 3501 pluth-

166 3524 230 3587 mis
261 3521 416 3608 exemplis
448 3543 547 3586 unum
576 3529 671 3606 utque
698 3522 835 3587 alterum
862 3522 1055 3597 adscribam,
1083 3559 1124 3570 -
1150 3521 1190 3586 ad
1223 3545 1258 3600 γ,
1294 3522 1337 3586 34
1362 3502 1482 3571 ὂ

165 3635 227 3694 est:
255 3630 333 3701 ἰδίως
359 3629 389 3692 δὲ
410 3628 553 3708 πίφροινε
577 3628 790 3711 (Homerus),
816 3629 855 3693 ad
879 3629 913 3705 δ,
937 3628 999 3693 1οι
1025 3629 1104 3699 ἰδίως
1128 3627 1159 3692 δὲ
1184 3627 1312 3709 εἴρηκεν.
1328 3621 1476 3690 ἕί

166 3735 297 3816 Σπάρτη
326 3735 388 3815 γάρ
418 3733 499 3805 ὄντος
528 3739 623 3800 αὐτοῦ
648 3741 725 3816 Φησι
751 3734 946 3816 Σπάρτηίεν,
970 3735 1010 3798 ad
1034 3737 1069 3812 δ,
1096 3733 1182 3799 240:
1209 3734 1291 3811 ίδίοις
1313 3759 1347 3799 τ’
1429 3717 1467 3784 2

199 4004 226 4066 1)
247 4003 343 4053 Bellum
360 4003 419 4052 illud
437 3997 550 4062 κειμήλιοι
567 4001 655 4065 legitur
672 4000 744 4051 etism
761 4002 789 4049 ad
814 4014 832 4046 οι
855 4000 917 4060 276,
937 4001 975 4050 ubi
994 4018 1036 4051 nee
1055 4003 1217 4052 Buttmsuuus
1235 4018 1277 4051 nee
1296 4000 1406 4049 Din
1421 4012 1442 4025 ·

163 4087 250 4140 [lortius
268 4091 360 4135 mutare
377 4085 428 4134 ausi
446 4089 513 4143 sunt,
533 4084 638 4132 videlicet
657 4085 720 4146 quod
738 4089 819 4132 nostro
837 4100 929 4147 quoque
948 4085 998 4132 loco
1018 4085 1050 4132 sic
1068 4085 1184 4150 scriptum
1201 4088 1244 4134 est.
