2978 4950
724 185 789 254 305

131 379 272 449 eodem
295 379 447 445 Lehrsius
470 385 502 444 et
526 382 632 444 nostro
654 378 722 443 loco
746 376 967 442 commendere
992 375 1135 458 videtur,
1160 381 1192 441 et
1212 375 1349 441 correxit

132 487 166 555 sd
211 484 242 567 ζ
280 485 347 553 244
378 490 422 571 (p.
456 482 532 564 314,
565 485 609 550 24
632 484 741 569 Dind.)
767 487 800 549 in
823 484 888 548 his:
909 481 982 546 ,ἐπεὶ
1007 483 1059 546 καὶ
1084 482 1231 560 Ἀλκμὰν
1254 485 1349 548 αὐτὸν

134 594 301 677 (uersum
325 591 404 677 244)
428 590 592 669 μετέβαλε
616 591 779 670 παρθένους
803 588 957 667 λεγούσας
977 587 1111 666 εἷσαρων
1133 594 1212 672 ,Ζεῦ
1233 589 1346 668 πάτερ,

135 698 163 763 ci
210 699 290 779 γὰρ
322 698 394 777 ἐμὸς
419 698 507 769 πδσιι
533 698 612 772 εἶν’
637 698 782 764 Correxit
808 699 856 762 vir
879 717 1025 760 summus
1048 694 1211 773 μετέλαβε
1238 697 1348 782 (Arist.

136 827 161 891 p.
195 802 280 872 340
304 827 365 872 sec.
391 805 469 885 ed),
495 806 604 871 eodem
629 804 770 870 remedio
789 825 865 867 usus
886 805 919 866 iu
939 801 1119 867 Herodiano
1140 827 1175 867 π.
1196 825 1263 878 ριον.
1282 801 1346 878 λέξ.

136 932 164 996 ρ.
195 910 276 989 26,
305 912 344 977 11
374 917 417 997 lp.
445 910 509 976 125
534 912 657 995 Lehrs).
704 911 771 975 Nec
795 908 876 973 illud
897 930 971 974 eum
989 908 1093 996 fugit,
1115 911 1348 974 recentissimos

137 1018 286 1101 quidem
313 1040 481 1105 usurpasse
505 1017 727 1096 μεταβάλλειν
751 1029 783 1082 et
806 1016 973 1093 μεταβολή
994 1036 1049 1100 pro
1069 1014 1283 1097 μεταφραζειν
1297 1015 1348 1080 vel

136 1125 429 1206 ταραφριὶζεινει
453 1123 674 1204 παράφρασις,
699 1137 736 1189 ut
760 1122 957 1187 Eusebiusf
954 1124 1056 1187 ecite
1039 1121 1293 1202 ettEustehius‚
1315 1126 1350 1186 ot

135 1229 214 1294 iure
240 1253 304 1297 suo
326 1232 468 1297 addidit:
497 1231 572 1308 „sed
595 1231 672 1307 hoc,
696 1232 730 1294 ni
755 1229 857 1311 fallor,
882 1235 987 1294 recent
989 1230 1039 1292 ius
1063 1234 1111 1294 est
1135 1249 1229 1314 quem
1251 1227 1350 1293 Hero·

135 1332 269 1402 dianus
292 1338 346 1404 rel
368 1337 426 1403 ille
450 1335 598 1403 scholie.”
635 1335 725 1416 Quod
750 1339 776 1399 si
797 1336 836 1400 de
856 1334 1039 1400 Herodiano
1058 1334 1163 1411 velet,
1187 1335 1348 1421 coniugis

136 1437 172 1502 de
214 1443 406 1510 Aristonico
438 1442 544 1508 valere
575 1452 818 1507 consentaneum
850 1447 914 1518 est,
946 1440 1071 1506 soeculo
1101 1441 1241 1525 emplius
1264 1441 1349 1504 hunc

134 1558 334 1628 superante.
370 1551 420 1616 Ad
442 1548 710 1638 significationem
730 1548 820 1614 verbi
840 1547 1104 1625 μεταλαμβάνειν
1118 1547 1198 1631 quod
1214 1547 1344 1620 attinet,

135 1648 167 1711 in
206 1651 279 1721 illo
311 1656 350 1722 de
380 1656 533 1722 Alcmene
563 1656 631 1720 loco
657 1676 728 1718 cum
754 1654 885 1719 Lehrsio
910 1653 998 1719 reddi
1022 1659 1124 1738 potest
1148 1675 1204 1739 per
1229 1659 1348 1737 „trans-

133 1752 223 1822 tulit
263 1762 304 1828 sd
335 1784 411 1847 sue,
441 1769 609 1827 mutuatus
642 1759 726 1837 σεῖς’
750 1761 806 1825 ιιοἱ
830 1761 868 1824 de
892 1759 989 1846 Ibyco
1015 1766 1186 1844 usurpetur
1208 1761 1241 1823 in
1266 1759 1347 1824 libro

132 1880 164 1919 f·
206 1888 289 1938 μοι.
323 1869 389 1947 λέξ.
415 1889 450 1934 eo
475 1869 543 1935 loco
568 1888 630 1954 quo
655 1867 797 1931 diximus
821 1869 857 1951 (s.
885 1888 915 1930 v.
941 1867 1070 1949 Φᾶροε);
1098 1901 1150 1916 --
1177 1856 1215 1942 ,ἢ
1240 1864 1345 1928 δἰἳνεω

132 1960 186 2034 δὺν
218 1965 322 2058 ἧστο,
347 1974 447 2054 τάφος
473 1975 504 2040 δέ
528 1968 597 2039 οἷ’
580 1997 647 2053 ιρτορ
671 1971 767 2039 ἵκανε.
772 1973 853 2058 ’(0
879 1973 1010 2057 93)--
1024 1971 1200 2048 -ὃαένσσι
1219 1971 1345 2048 Ἴβυκος

129 2064 304 2146 διέστειλε
345 2081 379 2145 τὸ
414 2080 563 2159 γένοςν
534 2081 563 2144 ἐν
594 2083 636 2159 τῷ
667 2077 790 2158 πρώτῳ,
823 2079 934 2159 σχεδὸν
966 2081 1016 2178 τὸν
1049 2079 1212 2154 Ὁμηρικὸν
1199 2103 1346 2155 νραετα

126 2177 279 2251 Ᾱῦβών
314 2187 393 2265 <puel
426 2212 537 2266 γαρ,
542 2186 609 2266 dap
599 2209 629 2250 ον
660 2182 806 2266 χρόνον
790 2209 861 2261 ιρστο
888 2185 985 2264 ταφει
1011 2184 1196 2268 πεπιργώς,”
1227 2222 1267 2232 -
1300 2184 1346 2249 ibi

126 2279 250 2365 lgitur
286 2298 451 2380 perspicue
484 2292 701 2373 παραφραζειν
732 2291 829 2357 valet.
876 2291 996 2356 Eadem
1026 2290 1217 2378 significatio
1239 2297 1346 2357 nostro

126 2386 245 2461 etiam
287 2400 359 2466 loco
390 2401 454 2465 obt'
432 2406 529 2483 tinet,
499 2400 671 2464 teedem
703 2419 827 2483 quoque
859 2398 957 2528 paulo
985 2398 1067 2461 infre
1090 2396 1111 2477 ζ
1132 2396 1262 2464 327:-
1278 2400 1344 2463 -σο

126 2512 198 2571 m
243 2506 349 2579 δότ’
335 2531 364 2570 εν
397 2515 466 2578 ταῖς
499 2509 611 2586 εὐχαῖς
645 2513 757 2570 κεῖται·
783 2504 853 2582 ,δὸς
878 2529 921 2581 ραιρ
949 2501 1109 2576 Οδιισσῆα
1135 2505 1344 2584 πτολιπόρθιον

126 2593 242 2670 ’7223'
279 2611 363 2676 ἱκέσθ
329 2615 407 2677 σθάι
411 2615 472 2697 (ι
500 2611 589 2697 530)
620 2613 671 2677 καὶ
696 2613 940 2690 μεταλαβὼν’
915 2611 1017 2683 ειςτὸ
1042 2610 1168 2692 οπαζειν
1193 2610 1343 2692 ,Νέστορι

126 2702 188 2766 '⁴3⁹
224 2720 393 2798 πρώτιστοι
419 2720 471 2783 καὶ
498 2720 581 2784 eicior
602 2718 687 2791 κῦδος
708 2717 820 2800 ὄπαζε·
844 2754 863 2766 ·
877 2756 899 2765 -
922 2717 971 2789 δὸς
993 2714 1064 2782 δ’ἓτι
1086 2715 1278 2799 Τιρλέρὶαχον
1292 2717 1345 2782 καὶ

126 2811 185 2883 ἷμὲ
234 2824 403 2904 πρήξαντα
433 2825 583 2890 νέεσθαι.”
615 2826 652 2911 (y
678 2824 720 2892 57
744 2832 842 2910 seqq.)
868 2820 912 2909 ¹),
939 2824 993 2889 ubi
1017 2827 1050 2888 in
1075 2825 1181 2889 codice
1204 2825 1258 2912 (Τ)
1289 2849 1344 2899 με·

126 2931 306 3006 cenasse
340 2927 475 2997 totidem
500 2932 603 2997 literis
626 2934 780 3016 scriptum
806 2934 977 3016 reperitur,
1003 2935 1196 3016 quominus
1220 2932 1344 2997 dubite-

126 3039 212 3092 mus
253 3037 343 3103 idem
377 3040 509 3102 caeteris
540 3058 664 3123 quoque
696 3037 792 3112 locis,
825 3038 863 3101 de
888 3039 1004 3121 quibus
1028 3059 1111 3102 nunc
1135 3060 1238 3104 sermo
1262 3040 1343 3115 fuit,

126 3135 226 3200 Γθθῑθ
267 3165 334 3209 esse
366 3146 551 3228 repositum
602 3142 685 3210 Cum
712 3145 909 3228 sequioribus
940 3165 976 3209 eo
1008 3165 1101 3209 sensu
1125 3145 1345 3222 αεσαβαλλειν

126 3238 153 3294 'l
179 3250 371 3327 μεταβολή
395 3248 567 3335 placuerit
539 3251 667 3315 thino
692 3248 773 3315 illud
797 3270 864 3314 sese
887 3253 921 3314 in
946 3253 1161 3336 antiquiorum
1187 3273 1345 3338 gramma-

126 3336 288 3420 imorum
321 3358 439 3442 scripte
471 3358 646 3421 insinuasse
678 3359 809 3421 intem
843 3355 977 3421 sollenui
1009 3357 1190 3423 confusione
1213 3364 1346 3425 nonest

126 3453 226 3524 {uod
260 3464 428 3527 miremur.
453 3461 530 3547 (cfr.
557 3463 654 3528 etiem
679 3463 788 3528 Lehrs.
813 3461 913 3527 Arist.
891 3468 970 3547 t.p
999 3463 1050 3546 19,
1074 3463 1143 3550 20)

169 3660 223 3744 ζ,
263 3674 652 3755 locuplectentur
679 3674 922 3753 Λριιαδαςιια)
949 3674 1344 3761 ποταμός,ἔνοαοἘρυ-

126 3762 278 3856 “Maec
303 3784 479 3865 καπρατέ
481 3783 634 3853 ντούτοις
660 3780 690 3845 δὲ
715 3780 840 3845 λέαιν’
810 3805 843 3845 ον
863 3783 1000 3860 γίνεται,
1022 3784 1109 3849 α’λλοὶ
1140 3787 1248 3851 πολλοὶ
1273 3789 1344 3860 σύες

126 3944 329 3982 ’χ-

162 4075 201 4143 Ῑ)
226 4093 302 4161 Ques
318 4101 402 4163 poste
390 4094 479 4146 νέεσθαι
472 4099 644 4160 assequuntur,
663 4096 698 4144 ite
714 4098 769 4144 sunt
787 4095 923 4158 digerendo.
945 4091 1029 4159 (ναῖ’)
1057 4095 1142 4146 »ἀλλὰ
1160 4095 1248 4149 sino·
1268 4103 1344 4161 ἵληθι,

132 4156 225 4223 illude
262 4183 290 4235 δ,
312 4202 353 4246 1⁴0
378 4185 447 4243 κλέος
472 4179 582 4235 seireff*
604 4183 635 4246 (γ
656 4178 729 4246 380).
751 4179 819 4248 [αντὶ
811 4201 883 4232 ιτον
902 4184 1029 4246 φιληθῆναι
1048 4186 1090 4236 καὶ
1107 4185 1251 4254 ἲλινθῆναι]
1277 4194 1345 4258 Quae

138 4252 247 4394 ΐῐέἱὶι
265 4268 349 4319 inclusi
366 4273 408 4319 sut
425 4285 505 4318 errore
522 4269 561 4317 hic
580 4267 683 4333 repetite
698 4271 755 4317 sunt
768 4267 831 4316 eut
824 4283 851 4316 ιιι
868 4267 963 4317 brevius
981 4273 1104 4321 contrecta
1120 4287 1148 4321 ex
1165 4273 1251 4324 scholii
1266 4273 1345 4325 initio

243 4349 262 4397 0
269 4351 382 4415 10)

1162 4451 1195 4500 20
