2978 4950
715 188 780 256 413

144 382 288 448 rationis
318 380 471 466 reliquiae
502 386 670 466 supersunt
700 383 734 444 in
766 379 811 460 Q:
843 381 878 444 τὸ
912 381 985 459 „ais
1016 376 1108 446 οἷνον”
1139 383 1177 453 ὡς
1210 382 1283 462 rade
1305 378 1341 446 ri

148 488 237 571 ,ἐπεὶ
263 487 404 570 Φαγες.”
425 487 689 566 συγγένηται
711 487 741 552 δὲ
760 487 795 551 τὸ
817 493 871 552 τοῦ
889 487 1054 569 βρώματος
1075 484 1173 573 εἶδος,
1195 489 1261 554 issi
1280 491 1341 571 οὐχ

142 595 185 665 ὥς
217 591 316 660 αἴτιον
339 593 504 674 πρόκειται.
553 593 749 679 corruptum
775 615 841 660 esse
865 594 1057 673 συγγένηται
1081 594 1265 662 Dindorfius
1289 596 1342 662 ad·

144 703 290 777 monuit,
311 722 368 767 nec
388 700 481 766 facile
500 701 680 767 invenietur
699 703 756 784 qui
775 702 1028 767 contradicturus
1047 705 1100 768 sit.
1134 702 1218 783 Quid
1229 702 1342 767 lateret

144 829 223 874 oum
248 808 305 873 diu
324 806 527 893 multumque
548 809 794 891 quaesivissem,
814 807 942 873 tandem
962 809 1044 873 mihi
1064 798 1175 873 verum
1188 809 1341 894 reperisse

144 917 238 981 visus
271 935 352 980 sum.
402 914 620 999 Reponamus:
653 912 940 991 συντέτμηται
972 914 1002 980 δέ
1027 918 1061 982 τὸ
1090 920 1144 981 τοῦ
1175 915 1341 995 βρώματος

145 1017 247 1098 εἶδος,
272 1021 337 1085 dori
362 1023 422 1102 οὐχ
444 1023 483 1092 ὥς
503 1019 599 1084 αι’τιον
618 1018 798 1102 πρόκειται,
819 1022 843 1087 i.
856 1041 884 1106 q.
908 1022 1064 1100 συντόμως
1083 1021 1211 1104 εἴρηται.
1239 1021 1341 1089 Multi

144 1133 224 1195 sunt
245 1130 280 1193 in
303 1128 363 1194 hoc
384 1127 480 1194 verbo
501 1127 679 1212 usurpando
700 1126 887 1193 scholiastae
907 1149 979 1194 oum
1002 1135 1123 1195 veteres
1143 1135 1214 1194 tum
1236 1150 1341 1195 recen·

145 1236 256 1299 tiores.
303 1233 534 1319 Periphrastice
564 1233 777 1298 adhibuerunt
808 1233 847 1297 ad
877 1258 899 1310 γ
932 1234 998 1300 200
1035 1237 1079 1320 (p.
1116 1233 1197 1314 138,
1229 1234 1279 1315 dt:
1311 1237 1342 1301 ἐν

146 1340 309 1418 συντόμως
340 1343 356 1414 η
389 1341 540 1420 τροτοοτιὶ
574 1345 606 1404 et
639 1339 678 1403 ad
704 1337 721 1401 d
746 1337 790 1403 84
815 1347 860 1424 ip.
888 1338 969 1416 182,
1003 1339 1078 1426 13):'
1101 1342 1217 1416 νοητέον
1240 1342 1271 1406 δέ
1296 1338 1342 1407 ὅτι

147 1446 260 1526 έλεγεν
283 1443 357 1519 ὅλας
381 1445 415 1523 ἐξ
434 1446 600 1524 ὀνόματος,
623 1441 693 1510 εἶτα
713 1443 859 1527 συνάψας
879 1445 967 1524 λέγει
988 1447 1127 1527 συντόμῳ
1148 1447 1232 1530 λόγῳ
1246 1449 1342 1522 αὐτην

146 1556 205 1628 την
228 1554 361 1631 Λιβύην.
408 1552 519 1639 Ipsum
543 1553 677 1620 verbum
702 1552 824 1640 legitur
847 1554 870 1617 i.
894 1572 925 1617 a.
950 1555 984 1618 in
1007 1553 1183 1621 Aristonici
1206 1562 1282 1621 nota
1303 1556 1343 1622 ad

146 1675 176 1727 A
199 1657 379 1726 446-448
399 1682 437 1724 ex
458 1659 581 1725 Veneto
600 1657 649 1723 A:
670 1655 714 1723 iri
736 1659 898 1734 Ζηνόδοτος
920 1658 1039 1741 γοοὶφει
1060 1660 1159 1737 ,,Ζευί
1179 1684 1220 1739 με
1237 1660 1342 1740 μέγας

148 1766 333 1847 Κρονέδης”·
357 1767 410 1832 καὶ
436 1763 480 1831 ὅτι
506 1765 569 1830 eiad
594 1767 700 1831 τούτου
725 1761 779 1836 ἕως
804 1771 856 1830 τοῦ
884 1765 1034 1845 »αἰσχρὸν
1054 1766 1136 1846 wlff
1158 1781 1229 1831 κτλ.
1249 1763 1342 1840 οὕτως

146 1873 309 1953 συντέμνει
343 1870 385 1952 ,,ὦ
417 1872 521 1952 Φέλοι.
553 1869 642 1951 lipare
674 1872 809 1937 Δαναοέ”
839 1888 911 1939 κτλ.
958 1873 1093 1961 Legitur
1124 1878 1285 1957 praeterea
1307 1876 1342 1939 in

144 1981 273 2048 Veneto
302 1980 330 2044 B
357 1981 397 2046 ad
429 1989 454 2045 E
480 1977 562 2044 223:
588 1977 736 2053 συνέτεμε
760 1980 794 2042 τὸ
820 1980 969 2058 ἐγκώμιον
998 1980 1068 2060 πρὸς
1094 1979 1198 2045 εἰδότα
1222 1979 1341 2059 λέγων,

145 2095 181 2155 et
210 2087 301 2153 aliud
332 2089 545 2172 compositum
577 2087 610 2150 in
641 2086 773 2151 eandem
804 2085 1088 2173 significationem:
1121 2092 1223 2158 καλῶς
1254 2086 1285 2151 δὲ
1309 2089 1342 2153 οὗ
1373 2119 1376 2127 ·

147 2195 313 2274 τεριέτεμε
344 2192 396 2256 τὸν
426 2191 531 2269 λόγον,
562 2194 648 2256 οὶλλοὶ
680 2200 741 2262 τοῖς
774 2198 827 2257 τοῦ
852 2193 997 2269 μάντιας
1021 2192 1172 2272 κέχρηται
1196 2194 1341 2274 ῥήμασιν.

147 2301 240 2368 Haec
270 2299 428 2366 sufficiant
457 2298 497 2363 ad
522 2297 744 2363 stabiliendam
772 2302 1034 2364 emendationem.
1083 2296 1252 2365 Caeterum
1276 2302 1342 2365 iam

145 2410 182 2473 in
203 2405 485 2472 observationibus
504 2405 632 2478 monui,
654 2405 755 2467 inesse
774 2404 903 2488 eadem,
924 2404 978 2469 sed
1000 2404 1179 2471 nostrisve}
1191 2405 1342 2484 exiliora,

145 2515 301 2581 extremis
323 2515 364 2576 iis
388 2512 525 2596 quaein
549 2509 576 2573 Τ
600 2510 640 2575 ad
663 2531 708 2574 vs.
735 2508 799 2575 345
825 2511 984 2595 adscripta
1008 2518 1095 2586 sunt,
1120 2511 1202 2575 unde
1223 2511 1343 2576 disiun-

145 2620 254 2710 genda
272 2619 381 2685 censui
400 2638 436 2683 ao
450 2616 709 2703 siccorrigenda,
730 2617 816 2681 έτεὶ
837 2616 976 2697 φάγες
997 2617 1078 2702 (cod.
1100 2618 1342 2704 ἕτιφανείς)ι

144 2731 210 2807 οὐχ
233 2730 272 2799 ὡς
297 2726 494 2804 πρόσκειται,
519 2725 594 2787 αλλ’
619 2722 727 2794 οὶτλῶς
754 2721 833 2807 ἔφη,
861 2725 918 2789 ubi
943 2727 1009 2788 iam
1032 2730 1108 2789 tunc
1132 2723 1341 2790 rescribebam

146 2858 197 2914 τι
209 2834 225 2897 d
236 2853 392 2915 κειται,
417 2851 500 2895 nunc
519 2850 557 2894 ex
574 2829 784 2895 Ambrosiano
801 2836 908 2896 nostro
928 2837 1090 2915 praeterea
1105 2831 1343 2896 adsciscendum

144 2946 226 3027 puto
258 2938 370 3021 αἴτιον,
395 2939 488 3001 utin
511 2934 751 3023 Hamburgeusi
776 2957 900 3022 quoque
923 2938 1098 3001 scribatur:
1124 2937 1189 3001 ἐπεὶ
1213 2936 1342 3018 φάγες·

145 3051 209 3129 οὐχ
231 3049 271 3118 ὥς
297 3045 454 3131 (αἴτιον)
480 3040 657 3124 πρόκειται,
682 3044 756 3106 αλλ’
780 3044 889 3116 οἱττλῶς
913 3041 984 3124 ἔφη.

195 3285 222 3343 ι,
247 3255 324 3323 850.
354 3256 467 3343 Pergit
486 3255 590 3320 dicere
609 3253 723 3319 Ulixes
743 3275 817 3319 cum
839 3255 1094 3340 exprobratione:
1115 3255 1153 3321 σὺ
1172 3256 1203 3320 δὲ
1215 3256 1342 3332 μαίνεαι

145 3364 249 3433 οὐκέτ’
279 3365 422 3436 οὶνεκτῶς.
471 3361 543 3426 Iure
573 3362 632 3427 hoo
661 3369 724 3433 τοῖς
757 3361 945 3432 ε’νστατιιιοῖς
971 3365 1090 3427 mirum
1116 3364 1241 3438 visum,
1265 3385 1341 3430 eum

145 3472 232 3539 nihil
262 3471 304 3536 sit
335 3471 374 3534 ab
400 3468 505 3534 Ulixis
527 3471 686 3554 proposito
709 3470 815 3554 magis
838 3467 997 3545 alienum,
1021 3490 1117 3554 quam
1142 3477 1178 3535 ut
1200 3491 1275 3535 eum
1299 3473 1342 3536 ir·

145 3583 242 3655 nitet,
275 3597 370 3662 quem
402 3573 474 3640 dolo
497 3574 631 3661 aggredi
655 3576 772 3658 cupiat
820 3547 969 3639 Misellos
992 3573 1126 3641 laciniae
1148 3579 1342 3661 quaestionis

145 3688 212 3754 huc
246 3684 434 3770 pertinentis
465 3687 603 3747 aetatem
632 3679 775 3746 tulerunt
808 3683 843 3744 in
867 3678 911 3744 T:
935 3682 989 3744 οὐκ
1020 3682 1193 3760 οἰκείως,
1226 3686 1341 3770 φησίν,

146 3795 285 3874 ἔλεγχος
307 3789 374 3855 οὐδὲ
398 3788 579 3860 ἀκολούθοις
604 3794 668 3860 τοῖς
689 3787 892 3866 προκειμένοις
905 3835 1072 3852 ........
1095 3790 1292 3871 βλασφημεῖ
1307 3792 1340 3857 δέ

145 3903 187 3974 ὡς
211 3894 467 3980 φαινόμενος.
516 3893 553 3958 ln
575 3893 627 3958 his
651 3894 786 3970 „clarior
803 3930 844 3940 -
858 3894 1030 3965 οὶκολούέοις
1055 3914 1093 3959 ex
1117 3894 1251 3961 Prelleri
1274 3897 1340 3962 edi·

146 4010 235 4074 tione
264 4003 400 4084 ἱστορεῖν.
448 3999 485 4066 In
517 3999 625 4066 codice
655 4005 740 4064 recte
770 4005 818 4064 est
850 4000 953 4070 οἰκεῖος
969 4037 1010 4049 -
1024 4000 1219 4074 οἱκολουέος.”
1243 4003 1338 4089 (App.

144 4135 178 4200 p.
205 4107 300 4209 778).
346 4109 514 4188 Praeterea
544 4108 578 4171 in
605 4105 712 4171 codiee
735 4105 842 4171 adesse
864 4125 928 4170 non
950 4105 1133 4187 Φαινόμενος
1158 4108 1212 4174 sed
1235 4110 1340 4186 μαινό-

143 4242 238 4300 μενος
271 4229 381 4282 auctor
413 4221 459 4280 est
490 4213 705 4279 Luduichius.
751 4211 798 4276 At
819 4213 879 4278 hoc
902 4213 997 4298 paulo
1021 4217 1126 4280 minus
1149 4215 1338 4281 mendosum

143 4333 215 4402 est,
248 4328 283 4390 at
306 4322 493 4388 mendosum
520 4330 645 4397 tamen,
668 4325 702 4384 et
724 4320 841 4385 uitium
866 4321 899 4386 in
923 4322 1026 4408 prima
1047 4320 1171 4408 syllaba
1194 4322 1246 4390 vel
1269 4325 1338 4391 sine
