2978 4950
713 153 777 224 507

144 348 217 421 ost,
263 365 324 410 non
369 349 536 434 corrigere.
592 345 626 411 Si
669 348 702 411 in
744 367 777 410 re
818 344 1030 411 incertissima
1060 336 1216 411 ‘hariolari
1250 343 1342 426 lieet,

144 456 358 517 correxerim:
403 452 453 518 ise
497 458 549 517 τοῦ
587 462 632 537 Θ,
678 455 732 538 (ού
775 452 841 516 διὰ
884 457 952 517 τοῦ
990 460 1047 532 Φ),
1084 453 1130 523 θη
1168 448 1341 526 Ζηνόδοτος.

192 687 227 745 ρ,
253 663 330 729 222.
378 665 524 736 Ἀκύλιος
557 649 740 752 exponitur:
773 660 821 734 οὓς
845 666 897 730 ούκ
922 662 960 729 θν
983 688 1030 736 τις
1055 663 1184 746 ιιολούση
1211 665 1263 731 διὰ
1287 664 1342 739 την

144 770 353 851 βραχύτητα.
378 771 460 858 (BQ)
486 773 528 837 ut
552 775 585 836 in
608 772 647 835 P:
675 771 803 849 ψωμούς
829 766 866 834 ὦν
888 773 942 836 οὐκ
963 769 1002 835 ἄν
1022 796 1070 844 τις
1092 771 1269 845 κωλύοηται
1289 770 1342 838 διὰ

146 877 204 950 την
228 876 432 956 σμικρθτητα.
461 878 658 944 Buttmanno
682 878 759 942 haee
783 884 857 942 sunt
882 878 1073 956 „manifesta
1093 880 1208 964 prioris
1230 876 1343 944 soholii

147 983 362 1069 depravatio.”
392 983 478 1050 Mihi
502 983 644 1050 scholion
667 1005 704 1049 ex
726 983 751 1046 P
771 987 875 1069 priore
894 984 1014 1050 soholio
1038 985 1090 1052 vel
1110 965 1206 1071 paulo
1225 984 1343 1050 reetius

147 1090 284 1166 videtur,
311 1091 367 1155 ubi
387 1092 562 1157 scribarum
582 1111 700 1156 errores
720 1092 852 1156 oorreoti
873 1100 974 1156 erunt.
1018 1091 1102 1156 Nam
1122 1091 1205 1156 undo
1226 1090 1342 1177 pendet

147 1190 210 1261 dot
237 1195 279 1261 Et
309 1197 386 1282 quid
409 1198 460 1262 hio
483 1199 551 1262 sive
575 1197 745 1261 essedarios
769 1199 836 1261 sive
860 1194 1009 1262 κωλύεινῖ
1033 1196 1095 1263 Sed
1118 1197 1338 1263 scribendum:

145 1302 277 1381 ψωμούς
301 1298 338 1366 ὧν
362 1305 416 1368 ούκ
439 1301 476 1367 ἄν
500 1327 547 1374 τις
572 1302 748 1382 κολούση
770 1327 807 1366 τι
832 1303 884 1368 δια
908 1307 963 1379 την
987 1302 1189 1384 σμικρότητα.
1215 1304 1340 1389 Nempe

146 1408 299 1473 videntur
327 1411 452 1494 saepius
484 1410 605 1476 soribao
630 1408 763 1474 κολούειν
786 1411 820 1473 in
843 1412 950 1475 notius
973 1411 1035 1476 sibi
1058 1409 1189 1499 κωλύειν
1209 1409 1344 1476 absurde

146 1514 346 1600 depravasse.
370 1514 480 1601 Ipsum
504 1522 648 1582 nostrum
674 1514 783 1586 ύκιλστ
806 1517 841 1580 in
861 1515 1086 1603 Etymoiogioo
1105 1517 1223 1604 Magno
1243 1518 1360 1604 signi?

146 1617 242 1686 ficare
266 1621 399 1686 dieitur:
425 1624 438 1686 θ
463 1622 567 1704 ριιιιρθς
592 1623 714 1702 doado,
740 1622 754 1685 θ
774 1620 885 1698 μηκέτι
908 1625 1084 1688 κολούεσθαι
1107 1623 1271 1701 δυνάμενος
1292 1622 1343 1688 διὰ

147 1726 362 1806 σμικρότητα,
407 1749 487 1815 quae
528 1732 672 1816 proxime
708 1729 746 1794 ad
777 1725 967 1794 'Palatinum
1003 1728 1142 1795 scholion
1180 1730 1343 1795 aoeedunt.

147 1832 271 1900 Eadem
303 1841 378 1900 sunt
407 1837 440 1901 in
473 1835 619 1901 Gudiano
642 1846 765 1921 praeter
789 1855 903 1900 unum.
951 1833 1060 1900 Habet
1082 1836 1097 1899 θ
1122 1835 1233 1913 μηκθτι
1257 1835 1344 1900 δυνά-

148 1965 240 2020 μενος
272 1941 520 2026 κωλύεσθαι,
544 1944 597 2006 oui
620 1942 722 2006 editor
746 1962 840 2006 suum
867 1940 948 2020 „sio”
973 1940 1127 2027 appinxit.
1173 1941 1251 2007 Post
1274 1961 1344 2007 oor·

148 2050 323 2114 rectionem
358 2068 464 2114 meam
494 2053 636 2114 remanet
666 2055 774 2113 tamen
803 2050 836 2112 in
868 2053 1002 2133 utroque
1034 2046 1154 2114 soholio
1179 2048 1344 2126 „soloeous

148 2174 229 2220 usus
263 2157 455 2240 conjunctivi
485 2176 544 2240 pro
576 2156 737 2241 optatird’
772 2154 810 2219 de
834 2174 896 2239 quo
920 2157 1046 2220 monuit
1069 2153 1261 2220 Dindortius.
1286 2153 1344 2219 Vi·

148 2261 234 2326 tium
265 2268 377 2327 sanato
406 2261 598 2327 facillimum
629 2282 703 2327 oum
733 2261 877 2326 oodioum
901 2281 1052 2327 consensu
1076 2261 1284 2339 defendatur,
1310 2261 1344 2325 in

148 2367 334 2433 auctoribus
354 2368 388 2433 id
408 2389 510 2456 genus
534 2368 700 2434 ferendum
724 2370 916 2452 putaverim.

198 2604 231 2666 ρ,
255 2579 331 2647 352.
379 2583 479 2665 Ἀνδρὶ
512 2584 654 2666 τροῖκτητ
679 2582 766 2657 daras
790 2581 958 2663 diserto,
984 2584 1070 2664 ταρύι
1094 2585 1157 2664 γὰρ
1181 2584 1216 2650 τύ
1240 2607 1343 2665 ταρα-

149 2687 288 2768 βιὶλλειν
311 2693 366 2767 την
387 2699 481 2771 χεῖρα
505 2691 556 2756 καὶ
583 2691 680 2756 αἰτεῖν
703 2688 824 2768 δωρεάν.
848 2691 865 2765 η
886 2690 900 2754 θ
921 2690 975 2769 πρὸ
995 2697 1049 2756 τοῦ
1071 2694 1170 2758 αἰτεῖν
1190 2692 1342 2771 ἱκετεύων,

149 2797 179 2863 ei
211 2796 388 2864 δασύνεται.
419 2796 473 2884 (Q)
509 2796 619 2864 Solent
651 2796 790 2863 mendioi
822 2817 955 2862 manum
987 2818 1050 2863 non
1076 2799 1202 2863 obiicere
1227 2800 1345 2885 (ταρα-

149 2902 300 2989 βθλλειν)
323 2904 378 2970 sed
395 2906 591 2989 protendere:
612 2901 843 2981 ΠΡΟβύλλειν.
855 2902 987 2981 Noster,
1000 2905 1144 2990 quisquis
1155 2909 1221 2982 est,
1234 2925 1343 2971 rooem

149 3030 170 3076 a
190 3012 286 3076 verbo
303 3011 426 3091 τροῖημι
443 3012 618 3096 derivavit,
631 3010 709 3076 alias
722 3009 934 3098 etymologias
948 3015 1115 3100 porrigunt
1127 3010 1343 3100 Etymoiogus

149 3114 291 3204 Magnus
316 3138 339 3183 s,
362 3140 395 3184 v.
419 3115 694 3198 Κατατροΐξατθαι
715 3120 760 3202 (p.
783 3115 859 3194 495,
882 3116 938 3203 82)
952 3119 1144 3198 θθΠροΐκτης
1159 3120 1202 3205 (p.
1219 3117 1294 3197 689,
1311 3118 1344 3204 l)

151 3228 248 3309 atque
284 3224 481 3311 Apollonius.
514 3223 605 3305 Quod
635 3224 675 3290 ad
709 3224 884 3308 scripturae
919 3223 1175 3310 depravationem
1210 3228 1344 3303 attinet,

150 3327 206 3394 vel
236 3332 376 3416 ineptius
400 3330 439 3396 ad
464 3354 483 3394 σ
508 3331 527 3394 5
554 3333 587 3396 in
612 3331 717 3396 oodioe
744 3329 796 3416 (B)
819 3330 1050 3409 ταραβατύθης
1075 3338 1123 3398 est
1146 3352 1203 3417 pro
1227 3331 1346 3410 τριβα-

150 3436 268 3522 τύδηα,
300 3437 383 3523 quod
414 3444 594 3503 monstrum
627 3439 810 3521 procuravit
841 3436 1075 3523 Buttmannus,
1099 3440 1167 3523 ipse
1191 3437 1280 3504 aliud
1302 3437 1346 3505 le·

150 3542 338 3610 viusoulum
362 3543 505 3612 eiusdem
529 3542 642 3609 scholii
666 3544 785 3607 vitium
809 3562 893 3608 nune
916 3545 1066 3609 eximam.
1098 3547 1217 3631 Agitur
1240 3545 1279 3610 de
1301 3543 1347 3609 Iri

150 3653 281 3717 nomine
314 3655 441 3737 proprio
476 3653 632 3730 Ἀρναῖος,
669 3650 759 3713 euius
793 3655 854 3712 tro
886 3651 1065 3735 antiquitus
1093 3651 1348 3735 proponebantur

149 3761 448 3845 interpretationes:
470 3757 487 3831 ἢ
507 3753 552 3821 dre
575 3754 790 3834 τροβατύθνς·
812 3758 828 3829 ἢ
848 3756 934 3834 ταρὰ
954 3755 989 3819 τθ
1010 3753 1172 3836 ἄρνυσθαι·
1190 3755 1208 3832 ἢ
1229 3757 1345 3836 ἀραῖος,

152 3866 287 3945 ηὔχοντο
312 3866 375 3944 γὰρ
398 3865 494 3928 αύτού
518 3865 543 3928 οῖ
568 3869 668 3940 γονεῖς
691 3861 881 3940 γεννηθῆναι.
911 3860 1042 3928 Potius:
1070 3860 1145 3941 ηύχ.
1170 3886 1204 3940 γ.
1226 3863 1346 3927 αύτὸν

152 3974 181 4039 οἱ
212 3980 310 4050 γονεῖς
342 3972 538 4061 γεννηθῆναι,
569 3968 592 4033 i.
616 3988 643 4032 o.
676 3967 689 4030 d
714 3968 856 4038 εὐκταῖος
880 3976 918 4049 τῇ
942 3967 1034 4047 μητρὶ
1059 3966 1237 4047 γενόμενος,
1262 3969 1347 4054 quod

151 4083 188 4146 in
213 4077 240 4159 Q
264 4086 327 4156 est,
354 4078 436 4144 unde
459 4077 598 4142 ieiunius
622 4078 764 4138 nostrum
789 4075 824 4136 in
846 4072 871 4137 B
896 4073 1037 4139 scholion
1061 4074 1155 4139 duxit
1179 4077 1346 4162 originem.

152 4186 191 4252 In
226 4193 408 4251 transcursu
439 4201 564 4259 moneo,
598 4200 677 4266 quae
709 4179 747 4244 de
780 4179 890 4244 eodem
920 4182 1049 4245 nomine
1081 4180 1344 4269 Etymologioum

152 4291 312 4379 Magnum
346 4291 442 4355 habet
473 4291 515 4374 (p.
550 4285 625 4364 146,
661 4285 728 4371 11),
759 4306 797 4350 ea
828 4290 953 4350 tantum
985 4287 1093 4352 abesse
1116 4293 1154 4351 ut
1178 4305 1240 4365 „ex
1265 4291 1346 4353 anti·
