2978 4950
708 151 809 218 449-
1199 200 1249 232 ,.

137 345 244 433 magis
269 344 402 411 alteram
427 345 524 411 huius
547 345 610 410 loci
634 344 848 410 coniecturam
872 344 1012 428 probem.
1043 343 1080 408 In
1101 344 1261 410 codicibus
1280 347 1329 410 est

138 455 354 535 μετειλήχασι
387 454 413 519 δ’
444 452 537 518 αὐτόν
571 471 715 537 perverse
746 470 837 527 sane,
863 453 999 516 correxit
1029 448 1124 535 olim,
1150 472 1222 517 vere
1252 455 1329 516 tunc

135 579 189 625 mc
226 560 357 644 quidem
393 561 516 644 iudice,
552 557 724 624 Mehlerus.
773 556 819 620 At
852 557 938 622 idem
971 579 1056 623 nunc
1093 558 1132 622 ab
1166 557 1328 624 Herchero

134 665 169 731 in
195 686 333 733 errorem
361 668 511 733 inductus
535 663 764 744 μετηλλάχασι
788 685 952 749 perperam
977 664 1177 740 coniiciente,
1205 664 1328 731 abieoto

135 774 223 859 quod
257 780 351 841 antea
386 775 465 840 bene
502 777 661 858 repererat
692 771 875 856 proposuit:
900 773 1110 850 μεμειλθχασι
1135 769 1161 835 δ’
1184 770 1277 835 αὐτὸν
1303 773 1328 837 οἱ

134 886 360 955 μετανοοῦντες
397 881 451 957 ήδη
487 878 634 958 λογισμοθ
666 892 737 943 κτλ.
786 875 835 941 Ex
864 877 916 942 his
948 883 1187 954 μετανοοῦντες
1212 880 1329 965 recipio

134 987 224 1073 (coll.
251 1010 281 1073 p.
312 987 394 1053 143:
420 986 588 1056 Ὀδυσσεὺς
613 988 810 1063 μετανοοῦντι
834 987 975 1065 λογισμῷ
999 986 1053 1059 τήν
1076 982 1217 1065 τρθτερον
1236 986 1328 1065 ὁρμήν

132 1094 350 1182 χαλινώσας),
378 1097 509 1161 caeteris
531 1094 679 1159 omnibus
703 1091 889 1178 repudiatis.
936 1091 1107 1159 Molliendi
1129 1095 1264 1160 verbum
1288 1093 1327 1158 ab

132 1202 194 1269 hac
219 1201 281 1269 loci
303 1201 551 1268 conformatione
575 1199 667 1285 plane
692 1198 856 1283 abhorret,
876 1219 956 1284 quae
980 1198 1150 1286 allegorice
1172 1199 1328 1286 interpre-

131 1304 225 1375 tatur
247 1306 306 1373 illa
328 1307 516 1373 Homerica:
542 1304 653 1382 ξανθῆς
674 1305 706 1371 δὲ
726 1302 823 1380 κθμθο
844 1301 910 1369 ἕλε
930 1307 1100 1381 Πηλείωνα.
1126 1304 1191 1370 Ubi
1210 1305 1244 1370 in
1262 1307 1327 1371 irae

129 1414 241 1483 locum
256 1452 298 1463 —
312 1417 467 1500 inquit-
482 1416 563 1478 ratio
574 1417 728 1495 succeseit,
740 1411 799 1476 hoc
812 1412 896 1497 apud
910 1417 1037 1497 poetam
1051 1410 1267 1501 significatum
1280 1419 1328 1478 eet

128 1522 196 1588 ica:
222 1529 278 1596 τής
302 1527 445 1602 κεφαλῆς
470 1516 564 1599 ἀπρὶξ
589 1522 606 1593 ή
632 1517 774 1599 φρθνησις
800 1518 957 1591 εἴληπται.
1006 1517 1135 1584 Etenim
1157 1535 1326 1598 μεταλαμ·

129 1624 241 1705 βάνειν
270 1628 327 1693 ubi
359 1625 520 1716 significat
545 1638 744 1714 permutare,
776 1624 828 1690 vel
856 1627 970 1690 obiecta
995 1650 1027 1691 το
1050 1627 1147 1691 aliam
1170 1629 1328 1693 adsumere

129 1759 228 1822 quom
263 1738 362 1821 mepte
395 1736 521 1823 probes,
559 1732 676 1818 duplex
707 1752 763 1816 pro
794 1753 828 1797 re
856 1738 932 1797 ncta
962 1734 1123 1798 obiectum
1155 1733 1326 1800 adsciscere

127 1845 253 1926 potest,
278 1845 335 1905 ant
359 1877 400 1890 ·-
426 1846 463 1905 ut
485 1861 569 1905 nunc
596 1875 636 1886 -
664 1840 732 1903 eius
755 1840 804 1906 rei
823 1857 920 1922 quam
944 1839 1120 1924 praeferas,
1144 1846 1200 1906 aut
1221 1879 1262 1888 —
1287 1840 1326 1907 de

128 1967 193 2032 quo
214 1967 311 2032 supra
335 1949 389 2034 egi
413 1947 458 2032 (p.
488 1945 564 2031 140)
591 1983 631 1992 -
658 1945 726 2010 eius
750 1946 796 2008 rei
820 1964 917 2029 quam
943 1946 1081 2011 abiicias.

175 2051 265 2134 Quae
301 2074 396 2139 supra
429 2055 548 2137 scripta
579 2053 690 2117 statim
721 2053 900 2135 excipiunt,
932 2051 1008 2118 haec
1040 2072 1115 2119 vero
1146 2052 1326 2120 coniectura

126 2158 311 2227 adiuvanda
348 2165 439 2225 erunt
475 2159 617 2245 alioquin
650 2159 736 2223 omni
768 2178 862 2223 sensu
894 2161 1042 2224 carentia.
1092 2157 1268 2238 Θάμβησεν
1296 2161 1323 2227 δ’

126 2264 297 2349 Ἀχιλεύς,
321 2266 356 2331 σθ
374 2266 445 2346 πρὸς
466 2265 573 2331 τάντα
594 2263 724 2330 κίνδυνον
742 2264 875 2343 ἀτρεμὲς
896 2265 990 2330 αὑτοῦ
1011 2266 1062 2330 καὶ
1077 2267 1324 2342 ἀκατάτληκτον

127 2374 217 2454 δρῦν,
241 2374 293 2439 καὶ
321 2373 457 2455 ἐφοβήθη
482 2375 536 2449 τήν
562 2373 594 2438 ἔκ
619 2377 777 2449 λογισμῶν
799 2371 977 2449 μετάνοιαν.
1027 2371 1142 2438 Insana
1160 2373 1237 2440 haec
1257 2396 1324 2441 esse

127 2482 237 2566 quivis
260 2483 447 2567 perspiciat:
472 2482 592 2546 etenim
617 2479 766 2544 κλθθετοιι
793 2477 1017 2556 ἀσθγκλωστα.
1051 2478 1114 2560 Qui
1136 2478 1170 2544 τθ
1191 2481 1322 2559 ἀτρεμὲς

126 2588 224 2653 αὑτοῦ
261 2588 332 2667 πρὸς
368 2585 475 2651 σάντα
511 2586 640 2651 κίνδυνον
673 2586 744 2668 ὁρᾷ,
780 2585 938 2670 quomode
970 2589 1017 2661 is,
1050 2607 1178 2671 quaeso,
1203 2594 1324 2655 contre·

126 2691 265 2760 miscatl
295 2693 368 2760 Nisi
395 2694 476 2760 sorte
507 2692 591 2758 illud
621 2695 729 2776 ipsum
762 2694 874 2769 timet,
899 2692 982 2777 quod
1006 2713 1069 2758 non
1095 2694 1208 2758 timere
1232 2693 1321 2759 solet.

126 2799 241 2886 ltaque
265 2800 415 2877 editores,
440 2801 495 2885 qui
521 2799 649 2884 quidem
681 2803 846 2883 saperent,
872 2798 1060 2865 coniecturis
1084 2820 1211 2864 sensum
1235 2821 1323 2867 revo-

126 2927 201 2974 care
231 2909 335 2972 conati
368 2913 453 2971 sunt.
500 2906 658 2972 Geenerue
691 2904 835 2971 volebat:
870 2904 983 2982 Θάμβ.
1015 2905 1040 2969 δ’
1074 2905 1264 2984 ’Λχιλλεθς·
1289 2909 1322 2972 τὸ

126 3015 202 3097 πρὸς
229 3039 264 3078 τ.
289 3013 417 3079 κίνδυνον
441 3013 572 3091 ἀτρεμὲς
598 3015 724 3076 αὐτοῦ
750 3011 802 3076 καὶ
824 3011 1070 3087 ἀκατάτληιιτον
1092 3012 1249 3096 ἐφοβήθη,
1269 3013 1323 3087 τήν

127 3123 165 3187 dx
184 3125 342 3198 λογισμῶν
364 3118 550 3184 διάνοιαν
571 3118 672 3198 θροῦν.
711 3117 873 3184 Schowius
892 3124 1017 3184 contra:
1040 3117 1140 3197 θάμβ.
1154 3118 1180 3182 θ’
1193 3121 1323 3199 Ἀχιλλ.

126 3229 165 3295 τὸ
193 3227 267 3305 πρὸς
300 3250 333 3290 τ.
369 3224 442 3291 xlvi.
477 3230 544 3304 ἀτρ.
579 3226 703 3289 αὐτοῦ
734 3249 763 3288 κ.
788 3223 954 3289 ἀκατάτλ.
982 3227 1081 3311 [θροῖν]
1106 3227 1244 3307 ἐφοβήθη
1269 3230 1325 3300 τήν

126 3330 203 3419 ἔξω
227 3338 385 3410 λογισμῶν
410 3329 529 3398 οῦσαν
554 3328 667 3395 ἀνοιιιν.
716 3330 803 3411 Quae
825 3336 961 3416 utraque
982 3335 1162 3400 coniectura
1182 3333 1233 3400 vel
1253 3333 1324 3400 ideo

126 3460 257 3529 prorsus
300 3438 520 3526 improbabilis
562 3438 645 3502 mihi
687 3439 832 3514 videtur,
879 3439 961 3523 quod
1004 3441 1138 3517 urendo,
1173 3442 1325 3527 secando,

126 3546 375 3632 transponendo,
401 3545 645 3610 violentissimis
670 3544 838 3620 remediis,
863 3565 913 3610 ree
938 3547 1058 3632 agitur.
1085 3544 1246 3612 Idunum
1269 3570 1324 3615 va·
1362 3566 1364 3571 ’

126 3655 213 3733 lent,
236 3660 274 3718 ut
299 3653 465 3718 ostendant
490 3658 682 3737 quantopere
704 3650 793 3716 locus
816 3651 950 3717 editores
973 3651 1056 3717 male
1079 3652 1237 3719 habuerit.
1280 3657 1324 3720 At

126 3763 155 3828 ei
190 3760 269 3846 quid
301 3759 409 3835 vide0,
442 3760 523 3824 ratio
554 3758 822 3843 impeditissimas
851 3759 1024 3823 sententiae
1055 3759 1273 3845 expediendpe
1289 3764 1324 3826 in

126 3871 279 3954 promptu
291 3866 394 3951 posita
407 3869 464 3929 eet.
485 3864 663 3951 Legamus,
678 3862 767 3928 nulla
780 3866 1038 3949 transpositione,
1051 3864 1141 3930 nulla
1152 3868 1320 3949 eiectione,

126 3972 310 4041 mutatione
342 3971 497 4036 minima:
532 3971 707 4050 Θάμβησεν
732 3969 757 4034 δ’
783 3970 949 4049 Ἀχιλεύς,
975 3970 1009 4034 τὸ
1034 3974 1105 4051 πρὸς
1132 3970 1238 4036 τάντα
1263 3977 1323 4041 κίν-

126 4083 213 4149 δυνον
235 4078 368 4158 ἀτρεμὲς
394 4079 488 4142 αὑτοῦ
514 4079 565 4141 καὶ
591 4075 839 4151 ἀιιατάσληκτον
862 4078 953 4154 Ἐὦν,
980 4078 1031 4140 καὶ
1057 4077 1193 4159 ἐφοβήθη
1215 4082 1269 4154 τήν
1290 4083 1323 4147 ἒιι

126 4185 228 4276 (τῶν)
249 4191 409 4265 λογισμῶν
429 4183 609 4263 μετάνοιιιν.
634 4183 820 4249 Heraclitus
840 4182 980 4248 Homero
996 4185 1074 4249 haec
1094 4185 1176 4250 dixit
1188 4193 1325 4267 auctore,

126 4292 217 4382 apud
244 4312 339 4379 quem
365 4289 478 4357 Ulixes
502 4290 641 4356 Achilli:
667 4291 743 4356 ἀλλ’
769 4288 811 4356 ἔτι
840 4289 891 4354 καὶ
918 4294 967 4356 νῦν
991 4291 1095 4368 παύε’,
1121 4290 1158 4357 ἔα
1182 4292 1213 4358 δὲ
1232 4295 1328 4378 χόλον

166 4424 168 4429 ·
1146 4411 1177 4462 29
