2978 4950
717 182 782 257 188

152 380 238 447 τλῶς
273 376 338 441 καί
373 375 522 440 σύνθετον.
570 376 697 441 Nouum
732 377 921 445 adverbium
951 380 986 442 in
1011 403 1049 449 οις
1070 376 1258 462 mmm
1279 382 1321 445 τό

151 482 231 545 sade
273 480 326 562 fit,
369 489 407 546 nt
448 480 649 557 ἁπαξαπλῶς
691 489 780 546 etiosa
821 489 1007 568 οοιιιρυοίίιιιιι
1048 487 1101 550 sit.
1162 483 1235 551 Hoc
1274 486 1327 551 lan

150 590 307 653 insanum.
361 585 423 653 Sed
457 609 519 654 non
555 597 603 654 est
639 589 698 655 hoc
731 593 819 655 satis.
855 589 1091 673 Ἀπαξκπλῶς,
1128 592 1256 679 pergit.
1294 610 1327 657 aa

152 697 309 772 σύνθετον,
354 696 466 759 ἁλλὰ
509 698 595 761 κατὰ
637 700 815 775 παράθεσιν.
878 697 997 784 Igitur,
1035 695 1186 765 Gramero
1221 697 1327 763 scilice

152 813 295 879 auctore,
327 803 412 867 idem
444 803 635 868 vocabulum
666 803 765 868 simul
800 810 832 867 et
862 808 947 868 κατὰ
970 809 1106 869 σύνθεσιν
1129 818 1178 869 eat
1201 812 1235 869 et
1257 828 1327 870 κατι

149 909 337 987 παράθεσιν,
372 929 413 973 ne
448 916 578 996 tangsm
616 909 825 975 bellissinam
858 931 914 995 per
945 913 1000 973 καί
1025 947 1066 958 -
1096 912 1184 975 ἁλλὰ
1220 912 1327 997 opponi

151 1017 280 1080 tionem.
319 1013 442 1080 Verum
471 1027 536 1087 est.
568 1019 601 1080 in
626 1016 739 1081 multis
762 1028 885 1081 veteres
909 1019 973 1081 iam
994 1015 1068 1082 illos
1092 1019 1327 1103 magistroa,i1

150 1119 296 1207 pluribus
315 1142 384 1189 sero
404 1132 493 1186 natos
511 1142 620 1188 eorum
633 1126 828 1200 imitatores,
841 1122 946 1209 lapsos
958 1144 1043 1200 ease,
1057 1144 1193 1207 errasse,
1206 1127 1327 1210 turpits

151 1248 185 1294 se
208 1228 347 1311 dedisse,
364 1229 419 1294 sed
439 1230 494 1312 qui
514 1232 561 1293 ita
578 1228 761 1295 deliraverit
778 1234 853 1295 novi
876 1233 1047 1297 nerninem.
1095 1229 1157 1295 Sed
1179 1251 1231 1297 res
1254 1229 1327 1297 sala:

149 1343 216 1409 eet.
259 1337 436 1401 scribamus
478 1337 589 1401 modo:
630 1333 694 1400 ὅθεν
730 1339 823 1423 (καί)
858 1339 894 1400 τί
930 1335 1130 1411 ἁπαξαπλῶς
1167 1338 1239 1423 (οὐ)
1274 1338 1327 1403 aria

150 1442 250 1518 θετον,
273 1442 362 1505 ἁλλιὶ
386 1444 472 1507 κατὰ
496 1445 663 1519 παράθεσιν
676 1439 714 1528 ¹).
750 1441 907 1508 Redolent
929 1442 1008 1507 haec
1031 1445 1140 1508 omnia
1163 1443 1327 1511 doctrinm

148 1545 341 1632 Herodiani,
365 1547 449 1633 quod
472 1547 568 1613 huius
591 1549 739 1614 Scholion
763 1549 803 1613 ad
826 1557 851 1613 E
880 1548 962 1625 178,
983 1585 1026 1598 -
1046 1552 1139 1629 cuius
1158 1569 1257 1636 supra
1275 1553 1327 1617 ian

149 1656 344 1719 mentionem
375 1656 486 1738 inieci,
511 1690 552 1703 -
583 1665 673 1719 extra
703 1674 831 1720 omnem
862 1658 950 1740 ponit
980 1655 1233 1721 dubitationem:
1266 1678 1327 1737 χιι

148 1763 253 1835 λεπίς
284 1759 322 1825 δὲ
354 1761 443 1825 θεοῦ
476 1760 539 1824 ἐπι
571 1769 706 1835 μῆνιςτ
740 1763 945 1840 Ἀρίσταρχος
977 1765 1132 1840 παρολκίριΙ
1161 1764 1327 1839 oleastri

148 1868 216 1945 ἐπί,
242 1868 349 1943 θμοίυς
373 1871 414 1949 τῷ
442 1867 700 1947 “ε“πισμυρερῶς”
723 1869 775 1931 καί
802 1869 901 1944 ,βοῶν
925 1868 1125 1944 ἐπιβουκόλος
1146 1870 1222 1949 ἁνιίρ
1237 1867 1327 1935 ”ire

147 1973 180 2039 δί
211 1979 351 2054 ταρίλκρ
385 1977 401 2050 ἡ
433 1977 588 2054 πρόθεσις,
623 1976 655 2039 οὐ
688 1984 822 2041 ποιεῖται
847 1970 1030 2052 ἐξαλλαγὴν
1053 1979 1151 2041 πίνου.
1174 1978 1232 2042 siai
1257 1976 1327 2043 tes

148 2081 358 2159 daspetiacae
392 2082 498 2157 ίμοίυς
534 2084 576 2158 τῷ
613 2082 700 2160 „tut
737 2081 772 2146 οὔ
804 2105 850 2146 τοι
886 2080 935 2145 ἔτι
967 2081 1049 2153 θέσθ’
1080 2082 1122 2169 (Α
1156 2083 1256 2170 ίιίῧ),
1291 2081 1327 2150 θυι

147 2189 182 2254 τὸ
212 2188 320 2253 ἔπεστι
348 2192 551 2263 σημαίνονται.
583 2186 674 2253 ἁλλοι
706 2189 736 2253 δὲ
770 2188 962 2273 „ieiunas-’2
986 2180 1024 2252 ἓν
1054 2191 1173 2267 μέρος
1207 2190 1327 2267 λόγοι

148 2300 370 2366 ποιοῦντες.
396 2293 519 2371 ἁμεινοι
543 2294 573 2359 δὲ
598 2298 640 2374 τῷ
664 2297 860 2375 ’Λριττὰρχῳ
884 2296 1179 2371 συγκατατίθεσθαι.
1228 2297 1327 2386 Pergi

147 2401 433 2488 Epimeriamorum
467 2414 594 2469 auctor:
629 2405 664 2469 τὸ
695 2403 725 2467 il
756 2400 848 2480 ἁπαξ
871 2403 1050 2482 βαρύνεται.
1074 2405 1118 2468 τὰ
1142 2403 1207 2482 sep
1230 2406 1327 2475 είςαί

147 2511 344 2589 ἐπιρρήματα
376 2509 515 2585 ὀξύνεται
525 2557 534 2587 ,
568 2505 625 2574 οίοι
656 2508 772 2586 θκλὰξ,
806 2509 898 2591 licii,
929 2509 1041 2586 εθρὰξ·
1072 2514 1281 2584 σεσημείωται
1304 2534 1327 2576 τ.

148 2613 237 2692 ἁπαξ
272 2615 493 2692 βαρυνόμενον·
529 2615 572 2679 διὸ
608 2617 638 2679 ἐν
675 2626 712 2697 τῇ
748 2617 891 2689 συντὰξει
929 2616 1265 2693 μεταλαμβάνει
1290 2617 1327 2683 τὸ

147 2723 219 2788 idios
252 2724 354 2799 τθνον,
383 2718 700 2799 ἁπαξὰπαντες,
729 2720 1003 2805 ἁπαξαπλῶς,
1028 2722 1144 2807 (immo
1168 2745 1208 2788 ex
1231 2745 1326 2811 gram

147 2830 257 2897 matioi
303 2840 409 2893 mente
451 2826 775 2905 ἁπαξὰπανπες,
819 2826 1091 2914 ἁπὰξὰτλῶς)
1136 2854 1327 2908 κεκοιμιπ

90 2982 97 2994 ·
147 2938 268 3015 μίνου
301 2940 368 2999 τοῦ
400 2937 525 2999 τθιου.
572 2933 655 3000 Sunt
685 2935 762 2999 haec
787 2954 848 2999 non
872 2937 979 2998 minus
1001 2956 1097 3019 quam
1122 2939 1327 3022 praecedentis

147 3065 186 3109 ex
217 3041 398 3107 Herodiano
429 3062 593 3126 expressa.
628 3048 663 3104 ut
691 3042 855 3125 apparebit
894 3040 990 3105 huius
1029 3046 1237 3128 grammatici
1274 3068 1327 3125 περ

147 3152 288 3230 μονιίρους
322 3147 433 3222 λέξεως
466 3146 585 3213 librum
618 3149 789 3212 conferenti
813 3168 843 3231 p.
869 3146 931 3230 25,
956 3150 976 3210 6
1000 3169 1083 3232 seqq.
1113 3159 1178 3234 (pp.
1205 3150 1271 3228 86,
1296 3150 1327 3217 8:

147 3257 272 3341 Lehrs.)
304 3253 433 3330 ἁπαξτ
470 3256 513 3318 τὰ
544 3256 586 3325 είς
611 3253 652 3328 αξ
676 3259 815 3329 λήγοντα
840 3254 1036 3332 ἕπιρρθματα
1061 3255 1218 3330 θξιίνεσθιιι
1245 3259 1325 3323 θέλει

147 3362 259 3439 θκλὰξ,
289 3360 376 3437 etse,
410 3361 561 3438 ἐναλλὰξ,
594 3360 699 3440 εὐρὰξ,
732 3358 880 3435 αὐτοδὰξ,
914 3360 1044 3436 ε’πιτὰξ·
1077 3364 1165 3427 ἁλλὰ
1190 3364 1282 3439 μθνου
1304 3389 1327 3429 τι

148 3468 237 3541 ἁπαξ
271 3470 453 3548 βαρύνεται,
491 3465 562 3547 ὅπερ
597 3469 627 3531 ἐν
659 3467 802 3543 συντάξει
834 3473 886 3533 τοῦ
920 3465 1059 3538 ἁπαιτες
1093 3474 1110 3543 ἢ
1142 3474 1197 3533 τοῦ
1230 3471 1327 3536 ἁπλᾶ

147 3579 332 3642 ἐκκλίνει
374 3579 438 3639 τὸν
474 3576 585 3638 πθυου
619 3575 708 3639 cinei
746 3574 930 3649 θξὺνοιτο
965 3580 1009 3638 τί
1046 3572 1170 3652 ἁπαξ.
1210 3575 1327 3655 ἁπαξ

146 3685 332 3754 ἁπαντες
354 3681 417 3758 rep
438 3680 571 3757 λέγομεν
595 3683 644 3745 καί
666 3682 921 3760 ἁπαξὰπλῶς
944 3682 1095 3761 ἕντῇὰνὰ
1110 3692 1204 3761 χεῖρα
1219 3685 1327 3766 θμιλίρ

146 3794 288 3878 Apparet
310 3791 387 3855 haee
410 3788 510 3853 altera
528 3809 567 3852 ex
587 3786 695 3853 alteris
715 3791 919 3871 transscripta
942 3808 1022 3864 esse,
1050 3811 1107 3853 nec
1133 3800 1205 3854 uter
1228 3800 1327 3857 utrun

147 3899 365 3981 exscripserit,
386 3893 612 3979 intellegentes
636 3892 745 3958 tallere
765 3904 882 3978 potest,
907 3897 1094 3977 praesertim
1119 3906 1190 3979 post
1214 3895 1327 3963 Lehrsi

149 4071 317 4084 —.---—

180 4175 204 4234 1)
226 4175 312 4223 Laetus
335 4171 396 4229 vidi,
415 4170 526 4220 similiter
543 4171 592 4218 iere
610 4170 736 4219 laehrainrn
753 4170 883 4219 correxisse
901 4171 935 4229 (in
953 4172 1106 4220 adnotatione
1123 4174 1152 4222 nd
1171 4173 1327 4223 Herodianus:

145 4281 168 4330 p.
193 4265 244 4323 de
270 4264 300 4312 τὸ
319 4257 473 4323 ἁπαξαπλθς
493 4257 520 4307 σθ
538 4256 617 4326 (salio
633 4260 745 4323 scriptam
763 4258 827 4320 καί)
846 4257 957 4308 σύνθετοι
976 4271 1034 4309 κτλ.
1055 4262 1105 4311 Cur
1124 4277 1201 4312 meam
1219 4263 1327 4312 ratione·

145 4355 225 4399 brnen
242 4349 387 4413 praeferam,
406 4361 476 4394 οσιιει
494 4345 518 4391 in
536 4343 616 4407 aprico
633 4347 676 4392 esi.
