2978 4950
674 228 740 304 293

80 416 306 493 scribendum
341 447 421 512 quaa
452 428 570 492 usitata
593 425 693 490 forma
717 431 781 488 est:
806 425 841 488 τό
864 425 907 489 δη
931 422 1115 502 λεγόμενον,
1143 424 1300 500 „uidelicet

77 531 198 612 qnod
228 536 259 598 in
292 535 459 619 proverbio
489 531 568 608 est’',
602 538 638 595 ut
671 553 699 597 ν.
713 554 740 595 c.
772 533 805 595 in
837 530 1034 596 Philemonis
1057 530 1236 618 fragmento
1259 551 1298 596 er

72 643 270 704 Σικελικοῦ
296 639 430 704 dicitur:

174 745 215 810 πθ
237 744 271 821 θη
295 745 462 823 λεγόμενον
486 749 574 809 τοῦτο
598 749 711 808 Μυσῶν
737 741 873 824 ἔσχατον

176 851 291 932 ἐνόμιζ’
301 853 371 930 όράν
384 852 435 915 τὸν
447 850 508 914 υἱὸν
522 848 675 914 ἕκπόιέονθ
688 846 767 928 todo.
779 851 842 935 (ap.
856 848 960 916 Schol.
974 848 1081 927 Rhesi,
1095 870 1141 914 vs.
1156 848 1245 932 244),

63 961 105 1020 et
146 958 248 1044 apud
267 956 437 1023 Platonem
460 959 493 1020 in
519 953 657 1043 Gorgia:
684 956 718 1018 τὸ
743 957 909 1033 λεγόμενον
934 957 968 1031 tt
992 959 1081 1020 τοῦτο
1103 955 1132 1018 ἕν
1156 956 1198 1034 τῷ
1226 956 1300 1035 πίθῳ

61 1061 142 1135 τὴν
190 1065 356 1144 κεραμεόαν
379 1064 544 1142 ἐπιχειρεῖν
567 1060 731 1139 μανθάνειν
754 1069 786 1127 et
810 1065 935 1146 saepius
958 1061 1044 1127 alibi.

121 1307 193 1387 δ,
220 1307 294 1374 158.
328 1306 427 1394 Recte
450 1314 514 1372 tras
536 1306 610 1372 illos
633 1328 742 1373 versus
765 1307 972 1393 (loa-rod)
997 1310 1162 1374 damnasse
1186 1309 1298 1373 dicun·

61 1422 141 1478 tur
189 1423 310 1481 veteres
333 1417 453 1490 critici,
479 1420 511 1478 ot
534 1413 613 1478 alias
637 1414 676 1479 ob
700 1435 810 1479 causas
832 1416 1039 1502 gravissimas
1064 1424 1096 1481 et
1123 1415 1207 1500 quod
1228 1420 1303 1480 sunt

62 1521 201 1597 παρά
228 1521 264 1584 τό
294 1519 413 1599 πάτρια
445 1520 497 1583 καὶ
526 1521 586 1599 οὐχ
610 1520 805 1596 άρμθττοντα
828 1525 877 1599 τῷ
898 1523 1119 1599 Πεισιστράτου
1144 1523 1301 1613 προσώπῳ.

63 1620 279 1712 (HMQR.)
302 1626 338 1690 lu
362 1626 411 1690 bis
435 1645 491 1709 pro
513 1631 566 1689 τοῦ
591 1625 772 1691 Dindorfius
796 1627 922 1712 scripsit
945 1631 1000 1707 τῷ,
1022 1636 1120 1703 recte,
1144 1629 1302 1713 nisiquod

65 1727 212 1798 etiam
234 1735 352 1799 restim
374 1739 507 1817 uterquc
530 1732 684 1798 articulus
707 1734 914 1798 adsciscetur:
940 1738 991 1799 aad
1017 1735 1078 1815 οὐχ
1107 1735 1302 1814 ἁρμόττοντα

70 1839 194 1918 1τῷ)
214 1844 281 1906 τοῦ
306 1840 526 1916 Πεισιστράτου
551 1841 709 1919 προσώπῳ.

134 2077 198 2159 3,
225 2080 297 2147 164.
333 2085 379 2146 Τό
403 2082 465 2159 γάρ
490 2085 653 2146 ἐπελθεῖν
676 2083 720 2144 τὸ
744 2085 830 2147 κατά
852 2083 922 2152 τοὺς
945 2091 1119 2159 μνηστῆρας
1150 2085 1306 2162 περίεργον

78 2187 266 2261 ππροόντες
291 2189 464 2253 αὐτοῦτοῦ
489 2189 681 2251 πεπονθόσιν.
707 2187 846 2274 (HMQ.)
871 2188 981 2254 Sermo
1006 2197 1053 2255 est
1077 2191 1115 2256 de
1138 2192 1307 2275 prudentia
1391 2210 1393 2217 ·

78 2276 299 2371 Pisistrati,
323 2301 385 2365 πῶς
411 2295 465 2366 την
488 2299 541 2358 τοῦ
567 2294 681 2372 πατρὸς
703 2297 816 2375 σοφίαν
835 2297 1074 2371 άπομθμακται.
1099 2297 1160 2362 Sed
1180 2301 1309 2364 omnino

83 2398 341 2465 scribendum:
375 2401 425 2464 τά
462 2402 545 2465 κατά
580 2402 649 2470 τοὺς
683 2410 877 2486 μνηστῆρας,
909 2404 1179 2485 quemadmodum
1213 2403 1308 2489 paulo

83 2510 215 2585 ΜΡΝ
249 2513 333 2573 recte
364 2507 498 2572 dicitur:
531 2509 573 2571 τά
605 2509 670 2587 περὶ
702 2508 772 2580 τοὺς
800 2517 977 2587 μνηστῆρας
1001 2509 1037 2594 (l
1066 2511 1120 2595 15)
1144 2519 1175 2577 et
1198 2513 1310 2577 statim

10 2626 15 2671 ².
85 2614 192 2679 Post
206 2617 247 2679 τόν
271 2615 338 2693 περὶ
363 2615 495 2698 αὐτούς,
520 2614 602 2699 quod
626 2615 787 2678 minutum
813 2616 886 2680 vitii
909 2637 1010 2703 genus
1031 2616 1094 2681 iam
1117 2618 1150 2682 in
1169 2619 1312 2703 superio·

91 2703 208 2786 ¹'lbos
241 2721 347 2809 tetigi.
394 2720 498 2786 Simul
529 2729 585 2786 aut
616 2721 821 2786 vehementer
852 2722 961 2805 fallor,
994 2730 1051 2787 aut
1080 2743 1135 2807 pro
1172 2726 1311 2790 ἐπελθεῖν

98 2827 334 2905 &ponendum
358 2833 407 2892 est
430 2824 643 2902 ἐπεξελθεῖν,
665 2828 748 2910 quod
772 2827 806 2891 in
829 2848 866 2892 ea
888 2848 921 2892 rs
945 2827 1049 2894 multo
1071 2836 1119 2894 est
1143 2832 1309 2898 usitatius.

167 3070 201 3159 t,
226 3069 301 3141 16¹7.
325 3071 513 3137 Instituitur
535 3072 676 3157 quaestio
695 3093 751 3136 cur
769 3092 870 3156 neque
890 3071 1004 3137 Nestor
1023 3093 1123 3157 nequa
1143 3072 1309 3140 Menelaus

125 3160 296 3266 Penelopae
315 3200 333 3244 a
353 3181 455 3265 procis
476 3181 711 3243 circumventae
732 3179 952 3254 subvenerint,
976 3198 1077 3262 neque
1097 3178 1307 3258 Telemachus

10 3339 14 3343 .
131 3284 280 3353 auxilium
310 3287 349 3351 ab
380 3289 421 3349 iis
452 3291 555 3370 petat,
588 3288 621 3349 in
651 3306 714 3370 qua
744 3284 895 3350 solvenda
925 3291 1049 3369 praetor
1080 3284 1144 3352 alia
1176 3294 1207 3351 et
1235 3288 1312 3353 baec

130 3387 287 3459 dicuntur:
321 3391 426 3463 ἄλλως
459 3415 492 3454 τε
526 3390 578 3455 καὶ
604 3392 747 3472 άφορμην
771 3390 838 3470 ἔχει
858 3391 989 3470 ’Νέστωρ
1014 3415 1048 3455 τε
1073 3394 1125 3454 καὶ
1152 3394 1311 3466 Μενέλαος

129 3505 176 3565 τοῦ
205 3501 250 3577 μθρ
277 3498 404 3578 πέμψαι
430 3497 593 3577 στρατιάν·
620 3496 745 3577 Νέστωρ
769 3499 825 3573 μὲν
850 3499 883 3560 ἐκ
909 3503 960 3561 τοῦ
985 3497 1144 3572 αὐτόπτης
1169 3498 1312 3575 γενέσθαι

126 3615 177 3683 riq
209 3604 342 3679 Ἀθηνᾶς
367 3604 537 3675 πιστεύσας
562 3614 600 3684 τῇ
625 3603 795 3673 Ὀδυσσέως
822 3606 988 3688 παρουσία,
1017 3605 1030 3668 ό
1056 3604 1084 3669 δὲ
1112 3606 1145 3668 ἐκ
1170 3609 1313 3685 Πρωτέως

31 3716 34 3721 ’
122 3714 270 3785 mdccc.
291 3712 323 3776 σι’
343 3708 391 3776 οὖν
412 3713 470 3777 ἔδει
492 3709 684 3792 ὑφαρπάζειν
705 3720 758 3785 τῆς
783 3709 956 3783 Ὀδυσσέως
977 3711 1124 3788 ἐκδικίας
1141 3712 1310 3800 (HMQR).

10 3818 23 3905 θ
119 3821 328 3889 Desideratur
362 3820 483 3883 mentio
514 3838 642 3896 eorum,
667 3839 744 3902 quos
767 3816 871 3881 Ulixis
895 3816 1010 3882 ultioni
1036 3820 1114 3903 eripi
1138 3840 1199 3883 non
1225 3840 1317 3906 opor·

10 3938 12 3947 '
119 3931 220 3997 tabat.
270 3926 333 4006 Qui
361 3946 434 3990 curn
467 3927 500 3988 in
533 3926 674 4008 proxime
698 3924 956 3989 antecedentibus
979 3924 1094 3989 nullibi
1120 3946 1314 3992 commemo·

115 4041 243 4117 rentur,
266 4033 439 4097 necessario
463 4031 613 4095 addetur:
639 4032 671 4095 τό
693 4027 740 4096 οὖν
765 4030 821 4095 ἔδει
849 4030 1043 4111 ὑφαρπάζειν
1066 4032 1314 4118 (adrobstrae

114 4136 297 4209 Ὀδυσσέως
323 4137 457 4209 ἐκδικίας
465 4157 474 4215 ;

167 4365 206 4449 ό,
234 4362 315 4444 178,
344 4365 417 4434 179.
459 4363 632 4432 Profitetur
656 4363 837 4454 Menelaus,
863 4366 890 4429 si
913 4365 1023 4432 Ulixes
1046 4363 1154 4432 sulvus
1178 4382 1210 4433 et
1234 4369 1317 4435 inco·
