2978 4950
658 217 721 285 155

82 406 184 494 plane
200 410 285 474 idem
306 409 390 494 quod
410 407 518 481 οέμνίον
538 406 621 491 apud
638 405 814 471 Homerum
827 409 998 472 secundum
1012 409 1148 492 optimos
1163 411 1284 471 veteres

78 518 277 601 interpretes
306 512 482 601 significat.
516 513 610 597 idque
640 513 691 577 vel
724 534 763 578 ex
794 534 857 579 uno
889 514 1109 599 Aristophanis
1138 514 1206 579 loco
1238 516 1285 593 (in

75 619 435 706 Thesmophoriazusis‚
460 641 507 686 vs.
521 617 713 705 754-756)
736 620 925 705 scholiisque
946 622 985 686 ad
1004 622 1035 686 h.
1050 621 1072 685 l.
1094 620 1224 706 planum
1239 618 1284 683 fit.

70 725 309 793 Nihilominus
330 734 436 792 tamen
455 726 553 791 fuisse
577 726 729 810 arbitror,
756 726 811 810 qui
838 727 1052 815 etymologiae
1079 748 1154 791 suae
1178 725 1285 790 studio

68 830 213 919 abrepti
245 839 276 899 et
308 831 478 897 Homerico
510 832 617 908 οὶμνίον
650 840 681 895 et
706 831 817 897 Attico
837 841 992 912 σφαγεῖον
1017 832 1304 921 significationem.

65 937 207 1002 cultelli
238 945 347 1005 contra
381 940 571 1017 sententiam
608 959 663 1022 per
698 940 765 1002 vim
797 939 1011 1005 obtruderent.
1048 939 1187 1005 Obscure
1223 939 1283 1003 hoc

63 1043 309 1130 significatum
341 1054 388 1110 est
418 1047 451 1109 in
484 1045 589 1110 verbis
620 1044 907 1129 Epimerismorum
938 1068 1018 1132 quae
1050 1068 1145 1132 supra
1176 1043 1284 1110 attuli-

61 1166 181 1228 muS,
201 1151 328 1217 disertis
355 1151 460 1217 verbis
484 1151 517 1215 in
544 1151 587 1215 E:
614 1148 737 1216 ἄλλον
761 1151 801 1216 δὲ
825 1151 967 1233 μικρὸν
991 1152 1283 1234 μοοχοοορίδοον,

59 1243 74 1313 3
120 1259 204 1322 real
228 1259 409 1339 οφοὶγνον
435 1263 631 1322 καλοῦσιν
656 1255 686 1322 οἱ
711 1260 902 1324 Ἀττικοί,
950 1259 1024 1326 Huc
1048 1280 1172 1345 quoque
1195 1264 1287 1323 retu-·

55 1355 185 1428 ierim
204 1362 361 1451 Hesychii
385 1363 466 1428 illud
491 1385 513 1427 s.
529 1386 559 1430 v.
581 1365 703 1440 οὶμνίονε
728 1364 779 1428 τὸν
804 1364 931 1442 ὑμένος
955 1372 1008 1431 τοῦ
1029 1365 1181 1449 οἵμοτος,
1201 1364 1285 1449 quod

52 1469 131 1546 qui
175 1473 210 1536 in
242 1471 277 1535 τὸ
308 1471 440 1547 ἀγγεῖον
470 1475 522 1534 τοῦ
554 1467 688 1546 οἵμοτος
712 1472 904 1536 mutandum
929 1480 1176 1558 proposuerunt,
1202 1477 1286 1538 certe

49 1589 140 1637 non
176 1577 372 1643 dubitabunt
395 1577 523 1662 quidvis
547 1598 585 1642 ex
610 1580 723 1661 quovis
746 1577 905 1665 effingere.
951 1579 1108 1664 Equidem
1132 1579 1285 1667 legerim:

47 1676 213 1752 instar:
238 1685 291 1748 riv
314 1690 503 1759 λυμεῶνες
527 1688 580 1747 τοῦ
605 1681 750 1759 eineres.

111 1914 179 1981 7,
203 1895 283 1963 453.
306 1895 344 1960 ln
367 1892 518 1991 sacrificio
541 1893 685 1960 Nestoris

115 2002 154 2065 οἱ
174 2005 232 2081 μὲν
245 2002 342 2067 ἔπειτ’
356 2000 515 2072 ἀνελόντες
529 2002 657 2084 (hovem
677 2006 867 2088 mactatum)
879 2002 942 2067 clad
954 2004 1060 2084 χθονὸς
1074 2002 1238 2082 εὐρυοδείης

114 2102 247 2189 ἔσχον·
271 2110 352 2189 οὶτοὶρ
376 2105 498 2188 σφάξεν
523 2110 760 2187 Πενοίοτοοοτος,
785 2108 923 2190 ὄρχαμος
948 2111 1069 2189 ἀνδρῶν.

47 2202 280 2284 Quaeritur:
316 2216 367 2280 διὰ
403 2218 435 2278 τί
467 2215 530 2300 (διὰ
561 2213 604 2279 τό
635 2212 726 2299 Ood.)
756 2218 860 2296 μικρὸν
890 2217 978 2294 μέρος
1009 2225 1064 2291 τῆς
1097 2223 1156 2294 γῆς
1191 2223 1284 2295 Φνονν

51 2317 183 2388 »ἄπο
219 2324 327 2405 χθονὸς
364 2321 565 2400 εὐονοδείνς”;
602 2322 669 2385 οὐκ
705 2320 751 2385 ἂν
785 2325 839 2397 τὴν
877 2320 949 2397 ὅλην
988 2333 1047 2400 γῆν
1087 2324 1202 2402 λέγον
1239 2324 1286 2388 εὖ·

52 2424 240 2506 evehatur,
272 2428 361 2493 ἀλλὰ
393 2430 426 2492 τὸ
460 2428 551 2492 κοινὸν
583 2435 637 2500 τῆς
669 2436 728 2506 γῆς
764 2428 858 2505 ὅνομοο
892 2433 1015 2503 μᾶλλον
1047 2431 1113 2494 uni
1151 2431 1286 2495 ἐπίθετον

54 2539 164 2609 xoepl
176 2535 234 2616 ζει
271 2537 313 2614 τῷ
345 2535 440 2614 μικρῷ
472 2537 569 2609 αὐτῆς
603 2534 696 2612 με’ρεν.
730 2533 794 2620 (Ε.)
826 2534 982 2621 Descripsl
1013 2534 1149 2601 fideliter
1178 2536 1286 2601 locum

56 2649 186 2712 prout
216 2644 249 2706 iu
280 2640 436 2706 Diodorlii
467 2641 605 2706 editione
629 2644 716 2727 typis
740 2648 886 2706 exaratus
910 2642 1048 2729 legitur,
1072 2663 1111 2708 ne
1137 2646 1207 2727 quis
1231 2665 1286 2708 ex·

59 2736 214 2812 intimet
246 2785 288 2796 -
321 2747 405 2832 quod
437 2749 520 2811 inter
550 2747 790 2811 describendum
822 2751 889 2833 ipse
920 2769 1017 2833 paene
1053 2749 1218 2813 credebam
1243 2786 1284 2797 -

63 2859 133 2911 me
165 2852 276 2919 locum
300 2853 339 2918 de
362 2852 520 2917 industria
542 2873 638 2937 prave
662 2853 854 2939 describere,
879 2875 940 2937 quo
961 2854 1087 2919 facilem
1108 2875 1303 2939 promerem·

65 2961 359 3026 emendationem.
407 2959 487 3025 Tam
512 2959 647 3023 absurda
671 2962 757 3024 enim
781 2959 858 3025 haec
884 2963 991 3025 omnia
1014 2968 1108 3045 sunt,
1132 2967 1169 3026 ut
1193 2959 1287 3026 fidem

65 3071 265 3150 0¹11perare
296 3067 401 3141 dicas,
430 3064 507 3131 talia
531 3065 696 3149 utriusque
721 3066 849 3130 editoris
873 3069 975 3131 aciem
998 3067 1158 3132 fefellisse.
1184 3064 1289 3146 Quid?

65 3161 129 3226 οὐκ
177 3173 213 3240 ἂν
238 3173 307 3246 τὴν
329 3167 425 3246 ὅλην
448 3178 524 3249 γῆν
548 3173 635 3248 λέγον
661 3168 848 3248 εὐρυοδείννῖ
872 3172 914 3236 Et
938 3176 1101 3256 quaeritur
1125 3195 1181 3238 cur
1204 3194 1287 3239 nune

67 3283 235 3358 μικρὸν
264 3279 382 3358 μέρος
415 3285 469 3351 τῆς
503 3288 561 3356 γῆς
587 3282 634 3342 ita
664 3275 793 3343 audiatl
826 3277 938 3362 Itaque
963 3286 1066 3343 totum
1090 3281 1199 3346 orbem
1227 3286 1290 3346 ter·

68 3387 210 3461 rarum,
233 3391 326 3472 polita
355 3405 418 3450 non
448 3388 495 3449 ita
525 3383 750 3470 appellaverit,
783 3405 884 3471 neque
915 3388 1020 3470 magis
1044 3389 1195 3472 exiguam
1221 3389 1290 3452 eius

71 3492 233 3557 Wtem:
269 3492 348 3578 quid
383 3494 485 3578 igitur
515 3493 562 3555 ite
593 3488 826 3575 appellabitur?
857 3490 919 3556 Sed
949 3512 1019 3558 ecce
1050 3495 1168 3557 iterum
1196 3493 1288 3559 idem

74 3589 255 3665 epitheton
290 3599 409 3663 dicitur
442 3598 476 3660 τὸ
513 3596 642 3661 κοινὸν
679 3606 747 3671 τῆς
780 3604 857 3672 γῆς
888 3595 1024 3672 ὄνομα.
1071 3598 1155 3678 Quid
1188 3602 1291 3687 igitur

76 3693 291 3770 statuemus?
315 3703 401 3769 Fieri
425 3707 511 3768 enim
536 3706 665 3788 nequit,
690 3708 727 3767 ut
751 3704 837 3767 idem
862 3704 1053 3769 vocabulum
1078 3708 1177 3770 totius
1207 3707 1298 3792 orbis

78 3795 252 3876 lewarum
274 3815 439 3898 proprium
466 3810 628 3895 epitheton
652 3810 750 3874 simul
774 3813 815 3874 sit
839 3816 870 3874 et
894 3814 1032 3876 nonsit.
1066 3811 1127 3877 Sed
1151 3812 1293 3878 nondum

80 3914 207 3982 ⁰¹1¹11es
227 3917 390 3984 molestias
414 3916 661 3982 exantlavimus.
698 3917 785 3996 Quae
809 3928 856 3981 est
880 3916 957 3981 haec
981 3916 1034 3982 vel
1057 3920 1092 3981 in
1116 3917 1293 3984 Scholiasta

80 4010 115 4068 fl
154 4020 195 4087 in
217 4045 403 4109 unoquoque
426 4045 520 4089 sanae
542 4023 659 4088 mentis
684 4023 812 4087 homine
843 4023 1005 4087 scabrities
1033 4028 1292 4090 constructionis:

81 4112 118 4174 Τὸ
148 4131 245 4194 κοινὸν
268 4138 323 4203 τῆς
344 4138 404 4208 γῆς
424 4129 518 4206 ὃνομοε
538 4132 661 4202 μᾶλλον
682 4130 732 4191 xxi
755 4130 889 4192 ἐπίθετον
910 4127 1055 4209 gepides?
1079 4129 1172 4195 Nihil
1184 4138 1293 4196 tamen

84 4229 137 4285 ⁸⁸l·
165 4235 288 4303 facilius
309 4258 406 4324 quam
427 4259 465 4302 ex
491 4236 540 4301 his
563 4236 711 4301 omnibus
736 4234 893 4300 molestiis
916 4256 1079 4323 emergere
1103 4258 1293 4324 sensumque

84 4336 289 4409 quaestionis
312 4365 375 4410 non
398 4343 571 4417 admodum
594 4343 760 4428 perplexae
785 4344 962 4409 restituere.
1012 4343 1216 4433 legendum:
1241 4345 1293 4412 oe
