2978 4950
720 189 764 258 88

148 405 225 451 voco
258 379 333 462 Φρίέ
367 386 475 448 contra
508 381 669 448 Philotam
704 389 735 447 ct
769 381 989 450 Callistratum
1023 386 1326 470 interpretationem.

148 491 320 556 Aristonici
342 494 432 555 notas
456 489 518 554 huc
540 491 732 573 pertinentes
758 490 808 572 (Φ,
832 488 999 568 126‚127;
1023 502 1057 569 Z,
1079 490 1162 569 459;
1185 502 1224 568 Δ,
1251 490 1333 575 1913

149 606 195 679 H,
222 594 300 672 171;
325 605 361 679 Φ,
388 594 468 671 294;
496 595 536 672 Χ,
563 595 645 672 505;
671 605 712 678 Ψ,
738 593 817 674 344)
841 596 971 684 collegit
993 597 1256 681 Friedliiuderus,
1280 601 1335 683 qui

149 705 183 768 in
226 703 414 790 fragmentis
455 701 728 789 Schematologiae
777 703 995 770 Aristarcheae
1046 705 1115 769 eius
1156 705 1335 773 Aristonico

145 812 325 894 praemissis
358 808 578 874 Aristarchum
613 808 672 873 hac
706 811 739 872 in
774 830 807 873 rc
845 809 950 884 „ultra
988 810 1121 875 modum
1162 809 1335 896 prodiieso'’

149 921 233 981 recte
258 916 421 981 iudicavit.
449 916 491 1002 (p.
518 914 563 996 9.)
589 914 673 979 Nota
696 914 895 981 Aristonicea
914 915 953 981 ad
978 924 1003 980 Φ
1031 915 1093 981 126
1117 919 1151 981 in
1175 914 1237 980 fine
1259 916 1335 982 haer

147 1021 244 1087 habet
268 1059 308 1071 -
334 1028 456 1087 caetera
484 1042 567 1085 nunc
598 1020 680 1086 nihil
710 1020 748 1086 ad
779 1043 846 1086 rem
871 1029 1027 1098 nostram,
1055 1060 1096 1072 -
1122 1020 1204 1087 ἔστιν
1228 1018 1277 1087 οὖν
1300 1023 1335 1088 ri

147 1127 333 1208 λεγόμενοι,
353 1129 504 1206 μὲλιιιιιιι
523 1129 614 1206 Φρῑχ’
634 1125 774 1204 ὑιιιιΐξει,
792 1127 827 1192 τὸ
847 1128 949 1202 μέλαν
969 1134 1057 1206 eope
1070 1127 1335 1213 ὑπιτροχῶσεται,

147 1235 236 1314 ἰχθὺς
263 1235 286 1320 ¹)
312 1226 342 1306 ie
366 1233 468 1313 ceys
492 1233 529 1298 iro
554 1239 607 1298 rori
632 1232 785 1304 Λυκιὶιιις
811 1235 862 1298 τὸν
887 1234 991 1312 δημόν,
1017 1233 1202 1314 stottona
1227 1234 1280 1299 acl
1302 1232 1335 1311 ἐξ

149 1343 298 1415 crisonis
322 1341 488 1421 Φερομένου
512 1344 564 1404 τοῦ
589 1345 704 1419 νεκροῦ·
731 1341 772 1404 τὸ
803 1343 876 1418 γὰρ
907 1337 943 1412 ὅς
975 1365 1016 1405 ιιι
1048 1342 1201 1422 <adesset
1235 1341 1335 1421 (riori

148 1451 211 1512 τοῦ
240 1444 344 1531 addi)
370 1445 395 1533 ²)
429 1439 463 1517 ie
493 1444 614 1524 Φάγοι
648 1444 708 1510 ἄν·
742 1446 794 1510 aori
826 1447 856 1510 ἐν
881 1445 1047 1530 Ὀδυσσείᾳ
1073 1449 1125 1532 (ιι,
1151 1444 1232 1531 396)
1256 1453 1335 1525 ,τῶν

148 1555 198 1620 atr
230 1577 276 1625 τις
305 1552 368 1618 τάδ’
401 1549 524 1634 ἔχω’,
549 1544 579 1617 ic
602 1550 667 1631 ἔχοι
692 1549 740 1616 ἄν.
787 1549 863 1617 'Pria
885 1552 1002 1617 ultima
1024 1552 1178 1618 vocabula
1200 1555 1235 1617 in
1257 1552 1335 1618 Din-

149 1658 287 1726 dorfiana
318 1660 456 1748 editione
480 1664 690 1734 accesserunt;
716 1658 757 1722 ad
779 1657 887 1724 locum
911 1658 1070 1744 Odysseae
1094 1683 1133 1735 ιι,
1160 1657 1226 1724 396
1251 1681 1335 1727 nuno

148 1767 275 1833 nullum
287 1765 470 1832 huiusmodi
483 1764 625 1831 scholion
637 1770 788 1849 superest·
802 1764 922 1829 Eadem
935 1766 1078 1831 breviora
1089 1772 1164 1830 sunt
1175 1765 1215 1831 ad
1228 1769 1335 1850 proxi·

149 1895 240 1939 mum
264 1893 402 1939 versum.
449 1872 498 1937 Ex
528 1872 658 1936 caeteris
689 1873 772 1935 notis
795 1870 834 1936 ad
858 1870 989 1936 eandem
1013 1868 1080 1937 ro'm
1103 1873 1335 1957 pertinentibus

150 1986 311 2067 praeterea
328 2000 424 2044 unam
446 1996 612 2062 apponam,
632 1997 694 2061 quo
712 1979 817 2063 magis
829 1979 924 2042 etiam
938 1984 1097 2061 appareat.
1111 1977 1335 2045 Aristarchum

150 2083 259 2154 omnes
282 2108 354 2152 suas
378 2085 416 2150 de
438 2104 553 2172 genere
573 2083 632 2149 hoc
653 2083 884 2149 observationes
904 2083 943 2148 ad
963 2104 1091 2149 versum
1110 2081 1141 2156 ἴς
1163 2108 1196 2149 κε
1210 2084 1335 2168 <aem

149 2196 276 2262 referre.
303 2193 407 2273 Κλήρῳ
431 2198 481 2256 νῦν
504 2188 690 2256 πεπάλασθε
712 2188 896 2269 διαμπερές,
917 2187 948 2262 ὅς
966 2214 1000 2256 κε
1021 2189 1158 2270 λάχῃσιν
1170 2192 1224 2276 (Η,
1242 2192 1335 2275 171):

152 2337 238 2352 -··
259 2299 311 2364 aci
336 2299 406 2379 πρὸς
432 2297 467 2361 τὸ
491 2295 645 2380 λάχῃσιν,
670 2293 716 2360 ὅτι
742 2297 846 2381 (riori
871 2298 952 2379 τοῦ)
973 2289 1003 2368 ὃς
1029 2295 1215 2377 dtr-Arimi
1246 2299 1335 2380 (Din-

150 2407 281 2478 dorfius.
306 2404 608 2486 incredibiledictu,
630 2408 662 2467 et
680 2403 732 2467 hic
752 2405 884 2467 retinuit
901 2402 1018 2468 codicis
1030 2402 1200 2470 lectionem
1221 2404 1335 2488 arim,

151 2520 322 2580 correctam
355 2531 373 2576 a
402 2509 648 2594 Friedliindero).
682 2509 698 2581 i
731 2508 771 2573 δὲ
795 2509 980 2586 ἀναφορὰ
1005 2509 1099 2588 πρὸς
1123 2510 1166 2573 τὸ
1193 2512 1335 2593 ,ἰχθὺς

151 2617 189 2691 ὅς
214 2644 254 2685 κε
277 2614 470 2699 φάγῃσι,
496 2618 583 2694 πρὸς
609 2619 802 2687 Φιλητᾶν.
849 2614 917 2678 lam
941 2635 1024 2680 nunc
1048 2619 1254 2701 perspicuum
1279 2626 1335 2698 est,

149 2731 276 2815 opinor,
313 2746 369 2790 cur
404 2727 437 2788 in
471 2721 529 2787 illa
565 2722 604 2788 ad
640 2721 774 2786 Iliadem
790 2723 841 2806 (Φ,
869 2724 947 2806 126)
960 2727 1035 2787 nota
1049 2724 1335 2801 aaiinafferondo‚

184 3026 210 3078 ll,
234 3023 342 3072 ilditorea
367 3037 448 3069 ornnes
473 3020 647 3084 interpungunt
667 3023 782 3067 commate
805 3020 880 3083 posito
904 3026 957 3085 post
974 3018 1052 3083 lxtdr.
1087 3024 1136 3071 Cur
1153 3023 1225 3073 aliter
1242 3027 1335 3078 {merim

150 3107 206 3156 baec
223 3122 292 3155 cama
309 3109 352 3153 est..
370 3102 544 3152 Observavernt
561 3101 672 3149 Lahrsius
688 3101 770 3159 (Anat.
786 3118 809 3166 p.
825 3103 864 3158 ts,
884 3105 936 3150 153.
953 3105 997 3152 2de
1011 3105 1068 3166 ed),
1084 3104 1159 3153 solere
1169 3107 1335 3160 Aristarchum

149 3191 175 3239 iu
201 3189 258 3237 locis
283 3185 455 3235 difficilioribus
480 3187 522 3231 aut
544 3198 683 3246 quacunque
705 3184 732 3230 de
756 3199 824 3231 musa
847 3184 1038 3236 memorabilibus
1061 3191 1155 3250 poetam
1177 3189 1292 3241 uverbum
1308 3192 1335 3241 dc

150 3269 236 3321 vorbo'
255 3268 396 3334 exprimere,
415 3266 554 3329 monuitque
571 3281 646 3329 nuper
663 3264 764 3313 Cobetus
781 3265 881 3325 (Mrem.
901 3268 933 3314 N.
954 3269 976 3315 S.
998 3268 1051 3316 Vol.
1073 3269 1129 3324 vn,
1150 3269 1216 3320 1879
1234 3289 1257 3337 p.
1267 3276 1335 3336 484.)

149 3355 253 3405 eiusdem
274 3352 307 3401 rei
331 3350 442 3414 reliquias
465 3348 536 3396 ctiam
557 3347 581 3395 in
599 3346 698 3395 Scholiis
716 3347 745 3396 od
765 3349 893 3411 Odysseam
910 3350 977 3414 peius
993 3349 1080 3399 habitis
1098 3351 1224 3416 pollucere.
1243 3371 1292 3420 qua
1308 3358 1335 3407 ds

151 3463 176 3496 rc
193 3449 246 3510 post
262 3443 332 3508 plura
349 3441 464 3488 dicentur.
483 3439 563 3486 Instar
581 3436 687 3486 omnium
703 3437 771 3486 citari
789 3437 848 3486 solet
870 3439 962 3502 Didymi
981 3445 1037 3488 nota
1053 3442 1082 3488 sd
1098 3447 1122 3500 Γ,
1136 3445 1186 3492 too
1204 3449 1229 3494 et
1245 3453 1269 3505 B,
1279 3450 1335 3508 stt,

148 3532 236 3597 μηκέτι
261 3534 300 3580 νῦν
319 3523 369 3587 δήθ’
389 3524 440 3576 αὖθι
460 3525 599 3586 mopsos:
621 3525 695 3582 adroic
715 3528 743 3574 αι’
759 3520 927 3590 Ἀριστάρχου
947 3525 1024 3588 λέξεις
1043 3530 1069 3578 ἰιι
1090 3535 1135 3579 τοῦ
1156 3540 1172 3581 B
1192 3539 1238 3592 τῆς
1262 3529 1326 3587 'le

149 3625 202 3682 ὄις·
229 3620 321 3680 δηθά,
345 3621 421 3668 arhiv
447 3619 544 3681 χρόνον·
566 3612 651 3673 atta,
671 3613 761 3665 uiso*
783 3616 969 3678 Arydpsta,
988 3616 1334 3682 ruratprilaipftaffi..-

150 3719 235 3766 τιιῦτα
254 3712 267 3760 t
286 3709 398 3771 Δίδυμος.
416 3711 452 3759 Ad
470 3724 578 3758 normam
595 3708 665 3756 huius
683 3707 727 3756 loci
746 3725 773 3756 ca
790 3725 895 3774 quoquo,
914 3711 1014 3774 quaein
1032 3717 1099 3762 textu
1116 3715 1191 3778 posui,
1209 3716 1335 3781 digerenti.

150 3808 237 3857 censui:
259 3801 416 3865 μέλαιναν
435 3792 525 3862 φρῖχ’
546 3793 691 3856 ὑπαΐξει,
708 3799 820 3856 (Homeri
837 3800 916 3859 verba)
933 3800 967 3847 τὸ
984 3799 1086 3860 μέλαν
1101 3806 1187 3862 κῦμα
1204 3801 1335 3871 ὁποι-ρο·

151 3897 304 3962 xersem,
322 3895 388 3955 (hacc
402 3890 539 3956 interpretis
556 3893 611 3937 sont
628 3887 725 3937 verbum
743 3891 771 3937 de
788 3890 859 3938 verbo
877 3891 1004 3951 reddentis)
1022 3891 1092 3953 ι’χιὸς
1109 3889 1133 3949 ὃς
1149 3891 1335 3955 adytibus.

129 4044 137 4067 ο
186 3981 210 4048 2)
233 3987 303 4050 Quod
329 3983 416 4032 inserui
442 3981 472 4030 ad
496 3979 638 4029 renuntiem
664 3978 721 4028 bene
746 3981 928 4029 connectendam
954 3982 1110 4031 necessarium
1132 3981 1189 4032 ent
1213 3989 1260 4034 τοῦ
1281 3991 1335 4039 ιω,

151 4075 271 4127 stabilitur
294 4076 349 4120 nota
372 4067 559 4131 intermarginali
583 4068 611 4116 ad
632 4072 768 4131 sequentem
784 4084 878 4117 versum
896 4068 978 4130 (127):
997 4067 1021 4126 dc
1041 4088 1067 4119 ιιι
1087 4070 1200 4138 odrysii
1222 4074 1261 4125 trs
1280 4077 1335 4128 ὶηῐ

151 4159 196 4214 τοῦ
220 4162 245 4218 ὃς
271 4159 347 4223 odyss
372 4156 408 4205 ro.
443 4157 504 4223 Quis
521 4157 585 4206 euim
603 4174 650 4206 non
668 4157 744 4214 videt,
763 4157 823 4206 hauc
842 4157 958 4207 uberioris
977 4164 1048 4210 notae
1065 4178 1137 4226 snpra
1154 4166 1246 4229 poeitae
1263 4168 1335 4233 epia>

150 4265 205 4298 men
221 4261 281 4303 esso,
297 4245 380 4292 iisdem
397 4240 473 4290 vorbis
491 4245 532 4289 aut
549 4240 691 4297 simillimis,
710 4243 738 4288 ut
755 4255 805 4288 mos
821 4244 869 4299 est,
883 4246 1036 4307 conceptum?
1049 4245 1136 4294 Faciem
1150 4247 1222 4297 verba
1239 4250 1335 4309 inserui,

151 4339 194 4387 etsi
213 4353 273 4384 nitur
292 4333 356 4382 nullu
373 4331 524 4389 auctoritate,
542 4331 566 4381 in
584 4328 673 4378 scholia
691 4328 719 4376 ad
739 4335 768 4379 Η,
790 4331 839 4382 l'll.
