2978 4950
264 97 362 162 Ἔνθα
386 96 413 160 δ’
436 96 486 160 ἐπ’
509 95 643 178 ἐσχατιῇ
668 95 760 167 σπέος
783 96 920 177 είὺομεν,
945 96 1029 180 ἄγχι
1055 96 1226 173 ίαλοίσσης.

145 201 344 288 Polyphemi
366 207 494 266 antrum
518 222 613 287 prope
633 222 720 267 mare
744 205 844 268 situm
863 210 957 290 poeta
976 203 1079 282 finxit,
1099 201 1149 268 ίνα
1169 209 1283 283 πρῶτον
1294 204 1337 284 τῷ

147 311 335 390 Πολυφήμῳ
360 308 475 389 ἐντὺχη
500 307 552 371 καί
576 308 727 386 πειραθείς
749 309 845 373 αὑτοῦ
868 310 969 385 μηδὲ
994 313 1012 386 ή
1035 315 1109 382 ναῦς
1129 310 1339 390 ὑρμίζονσα

148 415 242 497 ὑφίή.
276 414 329 502 (Τ)
364 412 568 480 Contrarium
600 415 800 505 requiritur}
826 415 878 480 καί
914 417 1065 496 πειραίείς
1097 419 1192 482 αὑτοῦ
1230 416 1340 491 ήδηή

149 525 229 594 ναῦς
260 523 439 599 ὑρμοῦσα
471 523 560 604 ίΦίή.
607 519 715 586 Simul
737 522 974 587 rescribendum
998 522 1143 603 πρώτῳ.
1176 521 1338 602 Quantum

150 631 253 694 sciam
284 627 414 708 ὑρμίζειν
443 629 569 693 nonnisi
599 629 766 694 transitive
796 634 978 714 usurpatur.
1025 629 1205 695 Dilucidius
1228 628 1340 694 eadem

150 736 354 821 persequitur
384 739 459 800 nota
491 737 525 798 in
548 721 629 813 HQ:
656 720 911 816 ὑπογράφοντα
934 736 1020 801 κατὰ
1043 734 1209 802 stertere
1232 736 1340 807 ε’πιση-

152 841 301 920 μαίνεται
333 839 369 904 τὸ
400 842 449 905 ἐπ’
482 840 638 921 ἐσχατιᾶς
652 879 653 883 =
669 837 747 906 εἶναι
775 841 811 906 τί
834 842 996 916 σπήλαιον.
1028 847 1117 908 τοῦτο
1141 842 1172 907 ὑὲ
1195 842 1341 923 συνέφερε

154 947 209 1013 καί
234 946 306 1024 πρὸς
329 946 363 1012 τί
387 947 568 1026 εὐχείρωτον
589 949 695 1019 αὑτοῖς
717 944 794 1014 εἶναι
814 950 866 1015 τὸν
886 950 1076 1027 ἐνοικοῦντα,
1099 945 1184 1027 ἅμα
1209 948 1339 1013 τεκαὶ

152 1055 268 1136 φυγή
300 1056 476 1135 εὐχερής
507 1055 677 1129 πλησίον
708 1060 776 1119 τοῦ
808 1056 1055 1136 ἄντρον-τῆς
1086 1057 1177 1130 νεὼς
1202 1058 1342 1136 ὑρμισ·

151 1159 296 1238 μένης,
320 1160 404 1226 unde
427 1159 512 1245 quod
533 1161 659 1245 reposui
682 1159 866 1246 planissime
889 1159 1102 1228 confirmatur.

199 1399 228 1457 ι,
254 1373 329 1441 187.
376 1372 429 1440 Ad
459 1373 530 1440 ἔνθα
559 1374 586 1440 δ’
611 1376 684 1454 οίνήρ
707 1376 808 1440 ἐνίαυε
832 1377 975 1454 πελώριος
996 1376 1116 1462 legitur
1138 1376 1173 1440 in
1196 1373 1241 1454 Q:
1265 1372 1342 1440 είκί·

151 1504 213 1551 τως
246 1479 459 1560 προσυνίστησι
489 1482 524 1546 τὸ
555 1481 706 1566 μέγεθος,
728 1479 779 1547 ίνα
804 1479 982 1558 α’ξιίτιστος
1005 1487 1114 1564 φανῇ
1138 1481 1189 1547 τοὶ
1211 1479 1263 1546 δύο
1287 1482 1342 1545 σοί-

150 1610 246 1665 ματα
275 1588 460 1664 σιτούμενος.
495 1589 649 1662 πλείστοις
683 1588 713 1654 δὲ
746 1589 934 1668 παραβολὰς
959 1599 1091 1655 ποιεῖται
1115 1593 1170 1653 τοῦ
1193 1588 1341 1666 μεγέθους

150 1695 267 1759 αὑτοῦ·
301 1693 343 1758 διὸ
375 1695 427 1758 καί
457 1692 513 1774 ίρει
537 1693 763 1781 [ῦνίροιπον]
795 1697 917 1760 είκασεν
941 1695 978 1768 ὡς
1003 1694 1243 1775 ὑπερβάλλοντα
1267 1718 1343 1758 παν-

150 1801 205 1872 τίς
231 1799 304 1881 ζῴον
328 1800 475 1878 μέγεθος,
502 1803 554 1866 καί
577 1801 639 1866 οὐδ’
663 1801 720 1881 ὑρει
744 1802 851 1873 ὑπλῶς
876 1803 964 1867 ὑλλίι
988 1803 1038 1883 ρ’ίῳ
1063 1802 1202 1884 ὑλήεντι,
1225 1797 1342 1864 ῦὲστιν

149 1905 210 1986 ὑρει
241 1909 282 1987 τῷ
316 1907 510 1987 ὑψηλοτίριρ
541 1909 593 1973 καί
626 1909 723 1988 τούτῳ
755 1910 885 1983 ὑλήεντι.
910 1913 999 1974 τοῦτο
1024 1907 1056 1973 δέ
1080 1909 1162 1972 ίστιν
1186 1908 1341 1988 ὑπερβολή

150 2014 337 2095 ὑπερβολῆς.
383 2014 422 2078 In
457 2015 507 2080 his
543 2015 684 2100 primum
717 2015 864 2101 displicet
894 2021 980 2097 φανῇ
1012 2017 1054 2080 τὰ
1085 2036 1124 2081 ex
1153 2013 1342 2080 Buttmauni

149 2123 331 2186 coniectura
371 2120 513 2198 editum,
556 2143 630 2186 cum
666 2121 763 2187 codex
797 2130 939 2198 φανήται
973 2123 1130 2206 praebeat.
1176 2119 1342 2185 Articulus

149 2229 238 2291 enim
263 2245 390 2311 prorsus
412 2248 557 2312 perverse
580 2228 728 2310 additur,
752 2230 805 2292 cui
828 2231 857 2292 si
881 2231 914 2293 in
938 2229 1044 2294 codice
1067 2227 1189 2291 adesset
1211 2227 1342 2291 fortasse

147 2353 368 2418 parceremus,
392 2353 476 2398 nunc
497 2355 514 2398 e
533 2336 714 2399 coniectura
735 2334 874 2417 profecto
893 2337 959 2399 iam
975 2333 1065 2399 nulla
1080 2332 1228 2418 parcendi
1248 2352 1343 2396 causa

147 2444 302 2525 superest.
338 2437 527 2526 Legendum
550 2443 673 2524 potius:
706 2436 755 2504 ἵνα
785 2437 962 2515 ἀξιόπιστος
986 2441 1186 2522 Φαίνηται
1210 2438 1261 2504 aso
1284 2440 1340 2502 οὑ·

147 2570 244 2624 ματα
274 2546 469 2621 σιτούμενος,
500 2545 770 2630 quemadmodum
804 2568 835 2612 v.
849 2569 875 2611 c.
899 2547 980 2613 infra
1004 2546 1043 2612 ad
1067 2567 1111 2611 vs.
1141 2543 1221 2610 195:
1247 2542 1340 2617 αὐτὸς

148 2652 181 2720 ὑὶ
206 2651 346 2732 παρέστη
371 2652 422 2716 καί
444 2653 477 2716 οὑ
496 2652 689 2729 προπέμπει,
710 2651 758 2717 ίνα
779 2655 823 2730 μή
843 2655 995 2733 Φαίνηται
1016 2655 1113 2723 δειλὸς
1132 2661 1195 2725 τοῖς
1215 2649 1340 2728 Φαίαξι,

149 2780 213 2847 quo
244 2758 312 2826 loco
342 2757 535 2836 ποίρεστι·
550 2758 722 2846 legendum
756 2781 824 2826 esse
855 2763 921 2826 iam
945 2760 1022 2826 olim
1047 2761 1124 2825 dixi.
1172 2759 1341 2825 Praeterea

148 2887 214 2931 non
242 2866 339 2950 probo
367 2865 409 2930 διὸ
433 2866 485 2928 καί
510 2864 566 2944 ὄρει
591 2862 791 2944 ἄνθρωπον
815 2868 954 2941 είκασεν,
979 2872 1110 2931 namet
1134 2887 1196 2930 vox
1219 2865 1258 2929 de
1281 2864 1341 2930 Po·

147 2973 305 3060 lyphsmo
321 2960 390 3037 iron
408 2973 645 3037 accuratissime
665 2973 751 3037 dicta
768 2977 816 3037 est
833 2980 865 3037 et
888 2972 953 3037 τὸν
976 2970 1055 3051 ίινίρ.
1077 2975 1205 3037 omnino
1217 2971 1339 3035 dictum

148 3079 326 3165 oportebat.
373 3077 484 3162 ltaque
514 3075 665 3157 ἄνθρωπον
694 3080 806 3144 autin
831 3080 924 3144 αὑτὸν
947 3080 1153 3157 mutandum,
1178 3087 1234 3146 aut
1257 3081 1349 3165 quod·

146 3187 216 3252 fere
250 3182 380 3269 malim,
416 3185 644 3259 inducendum,
677 3185 812 3251 fortasse
839 3192 946 3251 ortum
982 3208 1021 3252 ex
1052 3190 1225 3271 composito
1257 3185 1340 3251 male

144 3292 251 3358 lecto:
283 3291 326 3354 aa
350 3290 403 3355 καί
426 3288 484 3369 ίρει
507 3292 737 3355 ἀπείκασεν
761 3294 798 3364 ὑς
824 3292 1065 3372 ὑπερβάλλοντα
1088 3308 1157 3356 κτλ.
1206 3293 1341 3380 Legitur

146 3400 364 3482 compositum
385 3399 408 3461 i.
421 3417 448 3461 a.
469 3398 509 3462 ad
528 3421 550 3473 γ
572 3397 592 3461 6
615 3400 659 3483 (p.
682 3397 758 3482 119,
770 3396 804 3484 8)
816 3421 823 3462 :
837 3399 936 3480 ταύρῳ
955 3399 1157 3480 ὑπεικοίζονσι
1170 3400 1221 3464 τὸν
1234 3410 1339 3464 Ποσει-

144 3507 246 3580 δῶνα,
280 3508 312 3569 et
342 3504 460 3588 ubique
486 3503 637 3569 locorum.
667 3503 809 3569 Tandem
836 3509 1070 3591 comparativus
1092 3509 1125 3572 in
1148 3504 1209 3571 fine
1232 3509 1265 3570 in
1288 3527 1338 3570 su·

143 3610 344 3701 parlativum
376 3609 622 3676 convertendus:
657 3645 677 3660 -
691 3646 711 3660 -
726 3611 815 3676 οὶλλίι
839 3612 888 3693 ῥίιρ
912 3612 1049 3690 ὑλήεντι,
1074 3608 1093 3675 ὑ
1112 3612 1193 3676 ἔστιν
1217 3611 1273 3691 ίρει
1297 3612 1339 3692 τῷ

144 3715 348 3802 ὑψηλοτάτῳ
372 3715 424 3781 καί
447 3717 545 3798 τοὺτιρ
569 3717 700 3792 ὑλήεντι.

192 3957 223 4014 ι,
247 3927 326 3993 202.
374 3926 560 4001 ’Λκολοὺίας
594 3931 637 4008 τῷ
668 3929 733 4010 οίνῳ
765 3927 816 3993 καί
848 3928 969 4002 είκίτιος
1001 3929 1043 3993 τοὶ
1077 3927 1159 3994 ἑπτὰ
1191 3927 1337 3997 τιίλαντα
