2978 4950
691 147 757 224 245

129 346 235 410 eutem
259 362 408 431 perverso
430 350 505 412 sunt
527 366 608 433 quse
630 350 823 432 sequuntur:
847 343 971 418 εἰκότως
998 347 1030 412 ll
1055 344 1192 426 'ouum
1221 346 1318 430 τούτῳ

128 457 324 534 remim,
348 452 458 539 idque,
482 459 520 518 ut
542 453 687 537 videtur,
711 455 744 517 in
765 453 921 519 omnibus.
945 452 1038 527 Quod
1057 455 1176 519 iterum
1196 456 1316 541 optime

128 560 266 624 sentiens
295 557 461 626 Neuckins
492 561 655 646 proposuit
685 561 728 645 (p,
761 557 805 625 23
836 559 934 643 nott:
970 557 1092 633 εῐκδτωο
1123 560 1154 626 δὲ
1179 563 1317 642 Ὁμήρῳ

127 669 244 731 τοῦτο
288 674 560 746 συγχωρεΐτοιι.
615 665 696 742 Sed,
733 704 774 714 —
812 665 895 751 qnod
931 686 1007 751 poce
1041 667 1104 732 viri
1138 668 1317 733 acutissimi

127 769 249 838 dictum
281 777 364 855 esto,
388 809 429 821 -
454 771 531 838 haee
561 774 721 838 restitutio
744 773 852 837 minus
873 770 1009 838 feliciter
1030 771 1113 836 mihi
1137 774 1319 860 excogitate¹

127 877 264 946 videtur.
291 877 341 944 Ne
364 879 487 957 dicem,
511 900 573 945 non
596 881 717 963 optime
740 877 822 943 illud
848 880 937 956 „iure
961 885 1068 944 temen
1090 877 1231 945 Homero
1254 878 1314 944 hoo

127 984 327 1052 concentu?
350 987 511 1050 enunciari
530 1007 585 1071 per
602 985 725 1067 Ὁμήρῳ
745 989 834 1050 τοῦτο
855 992 1083 1065 reexspecto,
1108 985 1191 1070 quod
1210 983 1314 1050 multo

127 1092 306 1157 accuratim
336 1093 404 1177 ipse
433 1092 634 1158 Aristarchus
666 1094 820 1178 expressit
851 1110 924 1176 per:
955 1092 1055 1157 δοτέον
1083 1093 1114 1157 δὲ
1138 1093 1179 1172 τῷ
1204 1101 1313 1173 ποιητῇ

127 1197 169 1265 τὰ
191 1201 325 1263 τοιοῦτοι
351 1198 403 1285 (od
422 1223 444 1277 γ
460 1197 527 1284 71),
548 1220 587 1264 ne
607 1201 680 1285 ipso'
694 1199 823 1284 quidem
844 1199 921 1265 hoec
941 1202 1098 1264 sententie
1109 1200 1188 1265 bene
1199 1199 1312 1276 hebet,

127 1305 252 1370 sicum
276 1306 420 1390 proxime
443 1305 699 1371 antecedentibus
722 1312 940 1382 connectetur,
975 1305 1058 1391 quod
1082 1307 1228 1372 omittere
1251 1325 1313 1370 non

127 1408 209 1476 licet.
258 1411 503 1496 Aristophanes,
534 1412 653 1496 inquit,
686 1412 885 1492 ἀμφοτέροισι
919 1412 957 1477 de
984 1433 1076 1479 cervo
1098 1432 1223 1497 unoque
1248 1414 1316 1476 eine

127 1515 277 1583 hinnuleo
317 1516 497 1606 intellegit,
538 1520 689 1604 qnoniam
729 1517 918 1584 Aristoteles
961 1516 1059 1584 semel
1090 1523 1236 1603 tentum,
1276 1519 1315 1584 sd

127 1643 292 1689 summum
322 1625 390 1701 bie,
421 1645 529 1710 perere
558 1645 684 1690 cervom
714 1631 903 1690 auctorest.
949 1624 1024 1690 Iure
1043 1630 1151 1690 eutem
1174 1623 1315 1692 Homero

126 1729 176 1794 loe
210 1730 410 1807 conceditur,
436 1769 477 1780 —
503 1733 588 1806 sive,
621 1730 682 1796 hoo
711 1730 740 1795 ei
765 1732 845 1795 vitio
868 1750 929 1796 non
953 1733 1107 1809 vertitur,
1134 1768 1175 1780 -
1200 1737 1237 1796 nt
1259 1754 1317 1796 nu-

126 1856 212 1902 mero
231 1857 356 1922 quoque
376 1838 569 1923 comparatio
589 1839 764 1903 conveniet.
789 1837 947 1902 Haeccine
959 1835 1145 1903 cobserent?
1157 1836 1313 1923 Equidem

126 1943 231 2029 potius
267 1944 393 2010 credam
427 1947 580 2028 scriptum
615 1944 729 2009 fuisse:
761 1943 882 2014 εἰκότως
914 1944 945 2008 te
966 1945 1101 2024 Ὅμηρος
1126 1943 1223 2024 τούτῳ
1248 1946 1274 2030 (ο
1284 1947 1315 2026 ὑ)

126 2056 321 2129 comprime,
357 2058 392 2115 ut
420 2056 452 2116 et
480 2053 603 2117 minore
633 2051 798 2116 molimine
829 2050 917 2115 locus
945 2051 1132 2115 restituetur
1164 2057 1196 2115 et
1218 2051 1314 2131 τούτῳ

126 2156 258 2234 hebeat,
282 2159 334 2221 oni
358 2179 375 2221 e
397 2157 656 2242 praecedentibus
681 2158 842 2222 referatur.
890 2154 1041 2223 Confusio
1071 2156 1258 2223 vocularum
1282 2170 1313 2223 ο“υ

126 2270 157 2329 et
186 2275 226 2330 ἵν
256 2264 322 2327 inm
354 2262 462 2328 Baebio
486 2261 625 2348 (Corum.
649 2262 814 2351 Palaeogr.
840 2285 870 2348 p.
896 2260 974 2349 734)
1000 2265 1055 2340 „in
1078 2262 1197 2350 vulgus
1219 2266 1315 2329 notis·

126 2371 205 2435 sime
236 2367 323 2444 est‚'’
355 2389 412 2433 nec
437 2367 579 2433 multum
602 2369 713 2434 dubito
738 2373 814 2454 quin
837 2369 1003 2434 Neuchius
1027 2371 1110 2455 ipse,
1134 2371 1185 2435 vir
1208 2369 1315 2435 cleris-

126 2477 244 2550 simus,
276 2477 304 2540 si
333 2475 457 2560 quondo
488 2474 564 2539 hoec
596 2473 700 2561 leget,
725 2476 785 2541 hoo
806 2474 890 2561 quod
913 2476 1125 2560 reponendum
1150 2477 1216 2540 dixi
1240 2497 1314 2561 pree

126 2601 180 2646 suo
212 2583 341 2646 invento
363 2581 553 2666 probaturus
577 2583 628 2645 sit.
677 2578 864 2665 Caeterum,
887 2603 927 2647 ne
950 2581 1026 2666 quid
1051 2583 1211 2658 omittam,
1238 2606 1314 2658 coy-

126 2694 241 2769 χρῆται
270 2709 308 2752 ex
337 2686 371 2751 ll
402 2687 480 2751 bene
504 2688 676 2771 repositum
702 2692 767 2760 est,
792 2689 923 2752 caeteris
946 2686 1106 2752 codicibus
1129 2689 1312 2768 ουγχοοῖτοοο

126 2794 366 2880 praebentibus,
401 2793 484 2878 quod
522 2814 561 2857 ne
599 2795 706 2876 ipsum
741 2793 869 2877 quidem
900 2795 934 2857 in
965 2795 1080 2857 nostrie
1109 2794 1313 2878 scriptoribus

126 2920 231 2966 rerum
262 2907 317 2965 eut
348 2901 538 2964 inusitatum
568 2900 669 2964 videri
694 2904 815 2983 potest,
840 2921 913 2963 oum
938 2920 969 2965 v.
994 2921 1020 2964 c.
1044 2901 1153 2964 statim
1178 2902 1212 2963 in
1235 2902 1315 2965 viei-

125 3009 177 3072 nic
200 3004 328 3093 legatur
351 3010 555 3084 ποροοχροῖτοοι
580 3004 643 3084 γὰρ
666 3014 737 3079 τοῖς
762 3003 874 3081 λέξεσι.
898 3005 951 3090 (ad
972 3005 988 3068 l
1009 3004 1084 3081 411,
1106 3026 1137 3090 p.
1152 3003 1230 3084 211,
1243 3006 1312 3092 24).

125 3109 268 3178 Tandem
290 3133 346 3197 pro
370 3120 509 3176 πλεῖστοι
531 3109 752 3196 praetulerim:
771 3115 808 3183 ὡς
830 3113 892 3190 rte
913 3112 939 3176 οἱ
960 3119 1127 3190 μνηστῆρες
1147 3112 1313 3185 πλείους

125 3217 197 3299 πρὸς
227 3216 296 3295 ἕνα,
328 3218 411 3303 quod
443 3218 475 3282 in
505 3215 670 3282 Herleisni
700 3224 841 3284 monstro
871 3232 974 3288 τλειος
1006 3217 1103 3283 latere
1132 3217 1314 3285 Diodorfius

125 3327 248 3411 optime
271 3325 363 3391 vidit.

169 3536 242 3602 Non
277 3537 332 3601 obs
362 3556 395 3601 re
426 3538 487 3600 erit
518 3556 644 3601 monere
675 3536 860 3622 negativum
892 3533 1098 3620 perticulam.
1130 3536 1313 3620 saepissime

125 3644 174 3727 ori,
199 3663 425 3727 nonnunquam
449 3643 506 3718 μὴ,
533 3645 567 3706 in
591 3645 705 3706 nostris
729 3640 857 3707 scholiis
881 3641 1076 3726 frequentius
1099 3641 1196 3706 etiem
1217 3662 1312 3726 quam

125 3751 155 3815 'm
175 3749 249 3815 eliis
267 3750 473 3833 scriptoribus
486 3750 604 3815 maiore
614 3752 691 3814 ¹curo
703 3749 916 3832 tmnsscriptie
929 3747 1110 3812 desiderari.
1135 3746 1263 3812 Praeter
1276 3769 1312 3813 ea

125 3854 285 3940 exemplo,
311 3875 391 3940 quse
415 3875 509 3940 supro
531 3854 596 3920 ium
621 3855 673 3919 hic
696 3853 763 3920 illic
787 3852 937 3935 exhibui,
960 3873 1043 3916 nunc
1064 3853 1171 3919 ordine
1192 3857 1314 3947 potiore

125 3962 306 4046 recensebo,
344 3961 499 4049 neglectis
536 3967 664 4037 tomen,
698 3981 778 4045 quoe
808 3959 1009 4045 plurifariam
1041 3966 1188 4044 corrupte
1216 3959 1312 4026 olium

125 4091 247 4158 puoque
276 4069 468 4133 medicinam
502 4073 676 4153 expectent.
706 4067 835 4132 Faciem
865 4067 997 4130 initium
1031 4065 1070 4130 eb
1094 4085 1157 4130 uno
1181 4065 1249 4132 loco
1274 4088 1312 4132 ex

124 4175 242 4243 Veneto
277 4173 319 4248 Β,
352 4174 391 4239 ed
422 4177 574 4260 primores
605 4177 715 4240 statim
747 4172 857 4238 Iliadis
883 4192 993 4238 versus
1019 4172 1059 4258 (A
1085 4170 1131 4249 8),
1155 4173 1211 4237 ubi
1235 4177 1312 4239 setis

124 4285 231 4350 mirori
266 4302 328 4348 non
358 4301 486 4366 possum
519 4302 538 4346 a
567 4279 656 4346 nullo
686 4285 742 4345 eut
773 4279 932 4345 editorum
955 4284 1010 4345 ont
1033 4280 1233 4357 criticorum,
1258 4284 1313 4373 qui
