2978 4950
712 162 778 232 ala

199 381 236 440 σ,
263 355 337 422 333.
385 359 524 429 ’Λλύιιςι
559 350 617 422 οίον
648 356 702 422 ούιι
732 355 815 437 ίχεις
848 359 962 425 σαυτδν
993 357 1051 423 ὑπὸ
1080 363 1201 432 ντολλής
1228 360 1332 438 χαρᾶς.

153 463 209 548 (Q)
232 461 310 530 coa.
335 464 446 541 αὐτὸν,
472 464 555 529 unde
579 462 796 530 Buttmannus
819 464 933 530 ταοτδν
956 464 1077 549 effecit,
1096 464 1152 530 sed
1172 463 1225 530 vei
1242 463 1334 530 lanius

152 575 275 655 potest:
295 571 349 635 ούκ
369 569 453 650 ἔχεις
472 595 493 635 α
506 570 612 648 ύτδν,
631 570 670 636 ds
690 590 753 656 qua
764 572 910 639 affectata
920 571 1175 638 Scholiastarum
1188 570 1335 659 elegantia

152 676 230 743 olim
254 680 307 765 agi
330 680 364 742 in
387 676 564 744 Observata
591 698 621 762 p.
648 675 702 742 23.

198 913 234 968 σ,
260 887 335 955 385.
385 887 492 963 Ούτως
517 891 769 971 ταραχύήσεσύαι
793 892 832 960 ὥς
857 889 952 955 δοκεῖν
974 891 1033 960 τὰς
1059 889 1152 971 ύύρας
1173 889 1284 960 στενίις
1303 886 1335 953 εί·

153 1021 213 1062 ναι.
245 998 327 1084 (BQ)
358 996 606 1063 Rescribendum
632 1017 718 1063 esse:
742 998 1065 1079 ταραχύήσεσύε
1088 996 1229 1063 Homeri
1251 997 1336 1062 verbs

153 1106 302 1191 probant,
332 1124 466 1190 quorum
488 1125 570 1190 quae
594 1106 820 1190 exscripsimus
843 1104 1048 1191 paraphrasin
1073 1104 1245 1170 exhibent:
1269 1105 1293 1167 εί
1313 1102 1335 1167 δ’

154 1210 302 1283 Ὀδυσεὺς
327 1211 426 1284 ἔλύοι,
454 1248 494 1260 --
520 1206 604 1291 αίψοί
629 1212 664 1276 ιιέ
687 1235 732 1276 τοι
756 1211 799 1275 τοὶ
823 1209 967 1291 ίύρετρα,
990 1212 1042 1276 καί
1067 1211 1160 1290 εύρία
1184 1234 1243 1291 τερ
1264 1209 1334 1288 μάλ’

152 1318 260 1397 ἒίντα,
284 1318 302 1391 ΙΙ
326 1317 474 1397 φεύγοντι
500 1319 657 1383 στείνοιτο.

197 1551 235 1607 τ,
261 1527 314 1594 61.
361 1526 531 1610 Ἐμφαίνει
564 1529 620 1602 τήν
653 1527 791 1592 οίσωτίαν
817 1529 916 1593 αὐτῶν
941 1527 977 1592 τὸ
1000 1525 1091 1593 σολύ.
1118 1522 1214 1600 οὕτως
1240 1526 1337 1591 καίίν

153 1639 236 1718 ἀρχή
271 1645 375 1714 ,σῖτον
406 1636 437 1702 δὲ
469 1635 569 1717 δμῳαί
595 1637 795 1718 σαρενήνεον”
821 1638 855 1720 (α
879 1635 969 1719 147).
993 1636 1047 1721 (Q)
1073 1635 1195 1702 Immo:
1220 1635 1263 1700 τί
1284 1657 1337 1699 το

153 1743 232 1807 λύν.
259 1743 506 1830 .Respiciuntur
528 1745 612 1808 enim
639 1748 749 1829 patae
773 1744 886 1810 verba:
912 1746 945 1808 αἱ
969 1744 995 1807 δ’
1019 1743 1084 1807 atari
1107 1744 1167 1820 μὲν
1190 1752 1274 1807 σι’τον
1291 1765 1336 1807 το

152 1849 209 1914 aaa
233 1849 326 1933 ήρεον.

197 2090 232 2149 τ,
258 2063 310 2130 68.

198 2175 262 2250 Πῦρ
286 2173 312 2236 δ’
336 2171 399 2235 oiri
423 2172 612 2248 λαμπτήρων
634 2171 779 2250 χαμοίδις
802 2171 923 2250 βάλον,
950 2170 1038 2237 ἄλλα
1062 2173 1089 2238 δ’
1114 2173 1165 2237 εἰτ’
1189 2175 1291 2238 αὐτῶν

198 2278 311 2351 νήησαν
335 2275 417 2353 ξύλα
441 2280 566 2349 πολλοί,
591 2277 673 2358 Φύσις
698 2277 780 2354 ἔμεν’
806 2279 855 2351 ήδδ
878 2278 1021 2359 ύίρεσύαι.

152 2383 334 2450 Adnotatur
356 2387 388 2448 in
413 2383 468 2449 M:
494 2385 612 2448 airas·
636 2390 695 2448 τῶν
717 2386 908 2465 μνηστήρων.
944 2386 1068 2452 Athos
1091 2386 1225 2472 quidem
1249 2389 1363 2452 nimis'

151 2491 301 2556 festivum
338 2496 394 2554 est.
432 2488 591 2556 Coniieio:
629 2497 687 2554 τῶν
724 2493 993 2570 λαμπτήρων,
1032 2493 1115 2576 quod
1154 2496 1181 2557 si
1214 2515 1336 2575 verum,

150 2606 309 2661 enarrator
342 2619 427 2679 rem,
458 2617 520 2680 qua
550 2597 587 2661 de
620 2600 745 2684 agitur,
775 2619 836 2662 non
870 2602 990 2683 optime
1022 2600 1083 2663 sibi
1116 2604 1283 2685 proposuit
1310 2606 1336 2663 et

152 2707 308 2789 exposuit.

195 2941 228 2990 τ,
259 2916 331 2980 116.
381 2915 491 2980 Ulixes
516 2917 554 2980 ad
579 2917 775 3000 Penelopen,
800 2940 914 2983 nomen
939 2921 1038 3003 ipsius
1058 2922 1296 2986 sciscitantem:

331 3025 372 3103 τῷ
397 3024 451 3098 ἐμὲ
476 3028 527 3086 νῦν
551 3022 593 3085 τοὶ
617 3025 673 3099 μὲν
698 3022 785 3087 ἄλλα
811 3027 961 3102 μετοίλλα
985 3028 1026 3104 σῷ
1051 3026 1091 3088 ε’νί
1121 3026 1191 3107 οἴκῳ

330 3130 401 3204 μήδ’
426 3131 498 3203 ἐμὸν
519 3128 660 3206 ἐξερέεινε
683 3132 770 3206 γένος
797 3133 848 3194 καί
874 3132 1009 3210 πατρίδα
1034 3139 1153 3209 γαῖαν,

332 3237 376 3312 μή
401 3260 451 3312 μοι
476 3241 598 3310 μαλλον
624 3238 715 3311 ύυμὸν
741 3239 903 3319 ε’νιττλήσής
930 3239 1068 3303 ύδυνοίων.

149 3344 200 3407 Ad
225 3345 300 3408 haee
325 3343 397 3418 BQ:
423 3345 484 3419 διύ,
511 3345 576 3406 ἐπεὶ
602 3346 685 3437 οὐδὲν
709 3349 802 3410 κακὸν
826 3349 988 3419 ἐποίησας.
1014 3349 1087 3421 μήδ’
1113 3350 1170 3423 ἐμὲ
1195 3348 1335 3412 λύττειτὰ

150 3451 235 3528 παρὰ
259 3450 429 3528 προαίρεσίν
452 3474 493 3525 με
519 3452 649 3513 αἰτοῦσα
674 3452 787 3526 λέγειν.
813 3453 935 3518 Immo:
961 3454 1026 3516 ἐπεὶ
1061 3454 1229 3532 οὐδένα,
1262 3453 1335 3538 quod

150 3554 201 3620 vel
225 3557 380 3639 oppositio
403 3555 475 3632 μηδ’
500 3557 555 3630 ἐμὲ
582 3559 673 3621 unies
699 3558 834 3644 flagitat.

195 3795 231 3846 τ,
259 3769 333 3836 174.
380 3774 475 3833 Ἔνιοι
512 3771 543 3833 δέ
579 3777 677 3849 Φασιν
710 3771 863 3845 Ἰδομενέα
897 3774 980 3834 κατύι
1014 3771 1065 3834 τὸν
1090 3770 1125 3846 ἐξ
1152 3776 1244 3837 Ἰλίου
1268 3772 1337 3837 avat-

150 3894 245 3941 τλοων
271 3910 311 3925 ⁴-
338 3876 411 3939 δίκα
442 3877 546 3947 πόλεις
581 3876 718 3960 (Cretae)
751 3879 907 3955 τορύήσαι.
941 3877 997 3961 (V)
1030 3878 1134 3943 Puto:
1160 3884 1270 3956 μετα
1293 3879 1338 3941 τὸν

149 3982 182 4058 ἐξ
225 3984 316 4047 'laios
353 3982 578 4056 οὶτύτιονν,
614 3983 695 4065 qnod
730 3991 812 4047 reete
848 3984 880 4047 in
911 3984 1054 4048 uberiore
1087 3984 1212 4050 scholio
1248 3989 1338 4071 porri·

150 4098 232 4178 gunt
255 4090 326 4164 HQ.

194 4327 232 4382 τ,
259 4304 332 4367 177.
380 4304 471 4377 Quod
494 4301 590 4366 Dones
611 4304 691 4386 apud
714 4309 837 4387 poetam
862 4303 985 4382 Δωριέες
1000 4304 1168 4383 τριχάϊκες
1183 4308 1336 4372 dicuntur.
