2978 4950
721 157 786 220 519

153 366 226 420 ται,
259 343 296 410 11.
330 341 438 427 2272),
462 344 514 407 καί
539 343 615 417 ίιίϊσι
640 345 830 409 ’Λπόλλων.”
876 349 920 411 At
943 345 1104 412 Diudorfio
1129 354 1275 421 auctore,
1303 385 1343 396 —

150 452 209 535 qui
239 456 324 518 recte
355 451 418 526 ἤιίρ
450 452 592 535 reposuit
614 470 671 534 pro
698 451 790 528 Ξηϊσς,
814 455 982 517 remittens
1005 453 1045 518 ad
1067 463 1093 517 T
1121 453 1195 531 152,
1221 455 1276 519 ubi
1300 456 1346 530 ἤϊε

153 557 268 636 Φοῖβε,
291 594 335 619 -s
348 555 565 643 „probabilius
588 555 749 643 Spobnins
771 558 976 638 (de'extrem.
1001 559 1116 646 Odyss.
1135 566 1224 644 parte
1244 580 1274 644 p.
1290 557 1345 642 38)

152 663 171 738 ἢ
197 661 289 742 ἅπαξ
311 666 346 729 in
369 665 395 729 εί
420 665 464 740 μέν
484 661 574 740 ἅπαξ
594 665 749 742 mutavit,
774 670 921 750 utsupra
940 664 1066 731 locutus
1086 664 1346 732 estecholiasta.''

150 768 260 837 Possis
292 769 344 836 vel
367 769 507 856 Spohnio
530 769 726 855 probabilius
749 770 848 836 simul
870 777 903 836 et
925 773 1109 838 concinnius
1134 775 1197 837 sic:
1223 773 1344 846 Κυλλη·

152 900 210 949 νισι
235 878 267 944 δέ
291 877 425 955 οὐδαμοῦ
449 876 576 956 είρηται.
604 878 654 942 ἘΙ
679 875 787 955 ἅταξ,
814 879 865 942 οὐκ
890 876 946 959 ἔξω
970 879 1087 955 λέμου,
1114 881 1186 964 (ὡς)
1212 880 1264 944 καί
1289 885 1344 944 τῶ·

151 1007 223 1062 aroc,
256 985 308 1049 καί
340 983 404 1060 iiio:
437 984 620 1057 Ἀπέλλω,
653 990 691 1048 ut
721 986 815 1068 paulo
846 993 931 1069 post:
960 986 1048 1050 ιίλλιὶ
1072 987 1124 1050 καί
1149 990 1183 1050 τὸ
1208 988 1344 1065 σξριίμεῖν

150 1090 213 1162 τὰρ
243 1089 373 1162 Μούσας
397 1097 460 1170 (vs.
485 1089 541 1174 60)
567 1091 626 1170 οὐχ
651 1089 832 1168 ’ομηριιιίι,
857 1093 909 1155 cui
932 1094 1043 1156 statim
1067 1092 1288 1177 respondetur:
1313 1092 1345 1155 σι’

152 1196 263 1262 κωλύει
287 1193 392 1275 dext:
418 1196 582 1282 Sequitur:
610 1197 697 1262 ιὶλλιὶ
723 1203 785 1269 πῶς
809 1199 842 1261 αἱ
868 1197 973 1277 ψυχαί
994 1201 1048 1263 oda
1067 1199 1247 1274 αὐτόμαται
1265 1223 1344 1263 κατ·

152 1301 255 1381 ίασιν;
286 1301 339 1369 Sic
370 1301 552 1369 Dindorfius
584 1324 622 1367 ex
647 1301 691 1366 M.
717 1300 799 1368 Cum
824 1301 964 1390 Vulgata
987 1304 1124 1369 habeant
1146 1306 1342 1382 αὐτόμαται,

151 1409 375 1495 praetulerim,
410 1411 438 1475 si
469 1413 549 1476 tanti
580 1414 646 1490 est,
672 1407 916 1486 αὐτόμαται.
940 1408 1037 1474 Mox:
1062 1412 1136 1475 ἀλλ’
1161 1412 1226 1477 oeta
1251 1411 1343 1476 έσικει

150 1518 195 1588 είς
224 1514 329 1582 ‘Aaou
360 1519 473 1591 λευκην
505 1512 580 1581 εἶναι
610 1513 735 1594 τέτραν.
761 1515 803 1579 aa
827 1517 898 1594 πρὸς
924 1519 978 1590 την
1004 1517 1118 1596 ἡμέραν
1142 1519 1341 1597 ἐστραμμένα

148 1626 250 1696 αὐτῆς
275 1623 481 1688 λευκαίνεται.
506 1621 656 1707 Spectant
680 1621 757 1686 haec
780 1643 906 1687 versum
934 1622 990 1687 ll:
1015 1625 1078 1701 τὰρ
1101 1626 1128 1688 δ’
1152 1625 1221 1690 ι’ταν
1245 1627 1342 1691 Ὠκε-

150 1735 225 1797 αισῦ
250 1754 284 1795 τε
309 1731 378 1812 dodra
404 1730 456 1794 καί
483 1727 629 1794 Λευκάδα
655 1726 786 1806 πέτρην,
812 1728 866 1793 sed
887 1736 919 1793 et
936 1733 1079 1813 quaestio
1099 1733 1213 1796 vitiose
1225 1735 1342 1817 scripta

148 1837 255 1902 editur
287 1842 319 1902 et
350 1856 545 1921 responsum.
577 1834 668 1899 Nam
690 1833 889 1899 Graecumue
920 1848 982 1899 est:
1015 1835 1121 1909 ἡίδίς
1146 1838 1198 1903 vel
1222 1841 1256 1902 τὸ
1280 1838 1341 1916 ἔρις

148 1943 203 2010 vel
235 1945 251 2018 ἡ
282 1943 381 2023 πέτρα
413 1942 496 2006 ἐστίν
527 1942 569 2011 είς
598 1937 723 2006 “areret
752 1940 863 2026 Neque
896 1943 1002 2028 magis
1025 1941 1183 2007 Graecum
1206 1945 1341 2009 dixerim

146 2051 193 2116 cd:
218 2051 289 2129 πρὸς
312 2048 429 2129 ἡμέραν
453 2047 664 2126 ἐστραμμένα.
691 2046 715 2131 ¹)
739 2040 971 2134 Corrigendum
996 2055 1033 2112 ut
1055 2057 1239 2133 quaeratur:
1264 2053 1340 2114 dar·

149 2155 216 2222 οὐδὲ
250 2154 343 2221 ίσικεν
373 2157 415 2228 εἰς
444 2153 549 2220 ‘Ardor
581 2156 692 2230 λευκὴν
724 2161 859 2218 τεῖναι
884 2153 1016 2232 τέτραν,
1041 2170 1073 2220 et
1097 2157 1342 2240 respondeatur:

147 2264 193 2328 ταὶ
236 2263 308 2343 τρίς
343 2265 399 2336 την
434 2263 550 2341 ἡμέραν
585 2259 847 2339 τετραμμένα
884 2263 978 2335 αὐτῆς
1016 2263 1221 2327 λευκαίνεται.
1268 2264 1338 2330 Etsi

147 2372 316 2455 utriusque
347 2370 495 2434 dictionis
526 2389 622 2452 quam
653 2367 863 2453 reponendam
895 2367 1037 2432 diximus
1061 2369 1207 2454 exempla
1231 2370 1338 2437 afferre

147 2476 214 2543 iere
236 2496 504 2561 supervacaneum
529 2480 594 2550 est,
621 2512 661 2522 -
686 2473 838 2560 leguntur
861 2477 946 2538 enim
970 2475 1088 2559 ubique
1109 2474 1268 2553 locorum,
1296 2517 1336 2528 -

145 2584 314 2668 utriusque
344 2589 451 2647 tamen
475 2602 576 2647 unum
600 2579 784 2665 exemplum
809 2581 984 2646 adscribam
1010 2602 1047 2646 ex
1072 2580 1233 2649 Herodoto
1257 2586 1337 2669 peti-

146 2696 231 2755 tnm.
256 2688 391 2777 Legitur
412 2687 496 2774 apud
520 2694 642 2772 patrem
662 2686 812 2752 historiae
834 2685 976 2771 (111,5):
999 2685 1073 2767 παρ’
1094 2684 1127 2761 ἣν
1143 2690 1336 2775 (resecuta

147 2796 275 2877 λίμνην)
293 2797 328 2871 ta
343 2795 379 2860 τὸ
394 2795 507 2860 Καίσων
519 2790 598 2868 αὖραι
611 2793 701 2859 τείνει
714 2794 745 2864 ές
758 2792 932 2858 έιίλασσιιν.
957 2793 1092 2881 Legitur
1104 2795 1187 2880 apud
1200 2798 1336 2863 eundem

145 2901 193 2987 (I,
220 2900 317 2986 193):
348 2904 365 2975 η
389 2903 527 2978 μεγίστη
552 2907 610 2964 των
635 2899 785 2981 διωρύχων
814 2901 877 2964 ἐστὶ
903 2898 1133 2978 νηυσιπέρητος,
1158 2902 1230 2981 πρὸς
1254 2901 1337 2979 η’λιιν

146 3008 346 3087 τετραμμένη
359 3007 410 3072 τὸν
421 3005 603 3088 χειμερινόν.
616 3002 694 3091 (cfr.
708 3013 741 3070 et
752 3030 778 3083 μ
790 3004 858 3090 81.)
883 3004 1022 3072 Tandem
1034 3026 1096 3072 non
1108 3015 1192 3073 recte
1203 3009 1335 3075 habent:

146 3115 272 3195 ἄκαιροι
296 3116 327 3181 δέ
351 3114 405 3181 καί
431 3119 447 3190 ἡ
473 3113 649 3194 ’λχιλλέως
674 3112 726 3176 καί
752 3113 985 3190 ’λραμέμνσνσι
1011 3113 1135 3188 έμιλία·
1161 3115 1213 3179 καί
1236 3117 1337 3194 Ἀμα-

147 3221 270 3301 μίμνων
299 3224 352 3287 σύιι
376 3222 493 3300 ἀγείρει
517 3223 572 3294 την
596 3221 780 3298 στρατείαν,
805 3220 881 3282 ἀλλ’
905 3219 919 3282 d
944 3216 1081 3299 Νέστωρ.
1128 3219 1237 3286 Altera
1261 3244 1336 3307 quo-

146 3349 209 3415 qne
238 3331 350 3394 incisio
381 3328 420 3392 ad
452 3327 605 3392 athetasin
637 3328 793 3410 pertinere
825 3325 952 3391 videtur
973 3331 1007 3390 et
1030 3332 1170 3410 spectare
1190 3328 1284 3394 haec:
1308 3333 1335 3396 εί

147 3438 193 3514 μη
225 3437 298 3516 ιέιηρ
328 3434 477 3513 κατέρυκε
507 3433 633 3498 παλαιαί
665 3457 701 3497 τε
724 3432 828 3497 τιλλιί
853 3456 887 3495 τε
911 3428 1014 3505 sidric,
1040 3432 1174 3510 Νέστωρ.
1201 3437 1262 3520 (vs.
1290 3438 1331 3502 br

147 3544 247 3627 seqq.)
278 3540 491 3616 Quamobrem
525 3538 724 3624 scripserim,
752 3537 904 3603 —edita
934 3539 1020 3602 enim
1043 3559 1144 3623 neque
1167 3541 1333 3607 cohaerent.

146 3662 249 3734 neque
271 3668 348 3714 sana
372 3654 405 3712 et
429 3646 507 3711 bene
530 3644 651 3712 Graeca
673 3645 841 3727 exhibent,
855 3680 897 3692 —
912 3640 1034 3721 ἄκαιρος
1057 3644 1158 3708 δὲκαὶ
1182 3649 1198 3720 ἡ
1220 3648 1333 3728 Ἀχιν-

147 3756 223 3828 λέως
256 3754 308 3819 καί
342 3751 578 3831 ’λμαμέμνσνσς
609 3752 734 3828 ὁμιλία·
768 3751 821 3816 καὶ
848 3750 1059 3827 ’Λμιιμέμνων
1083 3753 1114 3816 σύ
1148 3753 1334 3834 κατέχων

147 3865 204 3936 την
226 3860 445 3940 στρατισίν,
469 3860 580 3923 ιὶλλιὶ
605 3858 744 3936 Νέστωρ.

195 4103 236 4154 ω,
259 4074 381 4142 2-10.
546 4074 689 4158 (Ἑρμῆς)
713 4071 769 4153 έχε
792 4073 822 4138 δὲ
848 4071 959 4152 ρἰέβδιν
982 4073 1068 4150 μετὰ
1091 4074 1197 4152 χερσίν

183 4315 210 4378 l)
227 4307 400 4374 έστρατιιμένα
414 4311 466 4367 (sic)
485 4308 553 4357 habet
573 4312 640 4356 vetus
657 4308 737 4358 editio.
