2978 4950
664 205 724 274 421
787 275 792 286 ,

90 397 127 461 έν
165 398 343 476 πλεομένοις
376 397 477 469 τόποις
509 397 644 478 κειμένῃ,
678 393 724 462 ότι
754 398 810 463 εἶσὶ
840 407 919 472 νῆσοι
947 433 997 446 -·
1024 390 1056 460 cl
1082 400 1113 462 οὐ
1139 396 1284 462 δύνανται
1386 412 1392 421 '

89 503 351 586 περιπλέεσθαι.
377 506 391 569 ό
415 505 446 571 δέ
469 508 673 586 Ἀρίσταρχος
698 514 900 586 περιφορητῑρ·
924 504 1100 583 οἰκειότερον
1121 504 1184 582 γόρ
1205 513 1282 584 Φησι

89 613 141 689 μὴ
172 611 339 693 ἐρριζῶσθαι
353 687 357 696 ι
371 613 429 677 τῶν
459 612 578 689 ῶνέμοιν
604 621 699 687 νῆσον.
748 613 788 677 Et
812 612 865 677 hic
889 613 1037 677 audacter
1060 612 1281 698 corrigendum

90 711 133 783 ori
154 719 188 784 οὐ
211 717 355 784 δύνανται
380 717 700 802 προσπλέεσθαι,
725 727 756 783 et
778 720 822 794 uis
847 717 1014 797 ἐρριζῶσθαι
1030 717 1280 803 (πῶν)τῶν“οὶνέ-

91 849 161 900 μων
185 833 281 899 νῆσον.

81 982 83 986 a
142 931 191 995 Ex
224 931 273 996 his
296 933 444 998 omnibus
467 933 595 998 scholiis
619 933 677 998 hoc
701 944 784 999 certo
808 932 928 1018 liquido
953 939 1098 1018 apparet,
1124 932 1202 998 duas
1226 955 1281 999 au-

91 1039 233 1122 tiqnitus
253 1040 393 1127 viguisse
415 1039 640 1107 vocabulorum
662 1043 769 1116 πλωτὴ
790 1049 876 1114 νῆσος
893 1027 1185 1124 interpretationes,
1204 1040 1282 1105 alte·

91 1163 164 1208 ram
188 1149 226 1208 nt
249 1148 291 1210 sit
313 1145 417 1212 insula
441 1147 480 1211 ad
504 1168 599 1232 quam
624 1146 727 1212 facilis
752 1152 799 1211 est
823 1167 980 1219 accessus.
1007 1147 1279 1233 (προσπλειμένη),

92 1248 249 1327 alteram,
275 1258 311 1317 nt
334 1251 532 1341 significetur
555 1251 660 1317 insula
683 1256 765 1317 mari
788 1254 934 1318 innatans
957 1252 1182 1339 (ἐπιπλέουσα).
1223 1256 1284 1320 His

93 1359 286 1423 recentiores
322 1363 449 1424 tertiam
482 1360 686 1443 addiderunt,
711 1360 782 1426 aliis
805 1361 859 1433 rhu
883 1360 1108 1440 περιρρεομένην
1131 1383 1286 1447 exponen·

94 1463 185 1527 tibus
205 1465 276 1532 aliis
295 1468 349 1538 rhu
369 1467 599 1544 προοορρισπιὶν.
626 1467 686 1532 Sed
706 1468 762 1531 has
775 1467 903 1552 qnidam
919 1471 1031 1532 missas
1044 1470 1144 1534 facere
1158 1455 1282 1546 licebit;

94 1572 213 1639 collato
237 1585 344 1638 autem
367 1571 531 1657 Apollonii
553 1572 668 1638 Lexico
687 1573 709 1636 i.
727 1596 756 1637 v.
781 1576 944 1659 utriusque
963 1578 1079 1639 veteris
1101 1578 1286 1660 interpreta-

94 1681 195 1746 tionis
215 1687 374 1746 auctorem
387 1681 621 1767 cognosoimus,
636 1701 748 1764 nempe
761 1680 890 1745 alterius
903 1682 1141 1765 Aristarchum,
1155 1681 1286 1748 alterius

94 1785 270 1852 Cratelem.
318 1795 457 1865 Πλοισῇ
485 1785 574 1862 λέγει
604 1787 661 1863 μέν
693 1786 742 1849 ἐπὶ
776 1792 830 1860 τῆς
864 1785 974 1852 Αἰόλου
1007 1790 1110 1860 νήσου,
1146 1789 1285 1864 όμέντοι

95 1891 222 1972 Κρότιρς
247 1890 348 1957 οὶιιοόει
374 1891 537 1971 πλεομένρ,
563 1894 577 1958 ό
601 1893 632 1956 δέ
657 1892 860 1972 ’Λρόσταρχοο
886 1892 1040 1973 κινουμένῃ
1065 1894 1117 1957 καὶ
1141 1894 1286 1975 πλεοόσρ.

95 1999 265 2079 Quomodo
287 1999 490 2064 Aristarchus
510 2020 599 2064 suam
621 2001 911 2084 interpretationem
935 2001 1131 2084 probaverit,
1152 2001 1288 2066 brevitor

96 2129 139 2171 ex
163 2104 370 2171 Ambrosiani
393 2104 512 2170 Scholii
534 2107 622 2169 exitu
646 2104 803 2190 vidimus3
829 2105 926 2170 fuisse
950 2120 1056 2171 tamen
1081 2108 1132 2191 qui
1153 2103 1290 2172 Cratetis

95 2213 289 2278 sententiam
325 2214 480 2297 potiorem
515 2212 691 2276 iudicarent
726 2233 787 2276 uon
823 2218 870 2276 est
906 2211 1099 2277 mirandum.
1146 2212 1289 2293 Quorum

95 2340 182 2384 unus
213 2321 318 2383 nescio
349 2321 419 2402 quis
453 2320 497 2402 (in
528 2315 715 2403 HMQTV):
748 2316 871 2392 ἄμεινον
901 2319 931 2384 δέ
953 2320 987 2385 τό
1011 2318 1150 2398 πρότερον
1176 2321 1224 2404 (ut
1248 2321 1289 2385 sir

95 2424 362 2507 προσπλεομένρ)·
386 2425 419 2488 εἰ
445 2424 520 2502 γόιρ
545 2423 721 2487 ἐπέπλει
746 2434 791 2506 τῇ
821 2425 1025 2507 θοιλοέσσρ,
1049 2426 1112 2489 οὐκ
1136 2424 1178 2489 όιν
1202 2425 1289 2490 οὐδὲ

95 2540 141 2598 ἐκ
164 2529 354 2610 δευτέρου
379 2531 505 2602 αὐτὴν
528 2525 638 2610 εὗρεν
663 2530 676 2593 ό
703 2530 931 2603 Ὀδυσσεύς.

145 2766 182 2826 ιι,
208 2741 238 2805 4.
285 2741 335 2806 Ad
366 2745 473 2804 araim
505 2739 538 2804 δέ
561 2739 597 2804 τέ
620 2765 673 2817 μιν
696 2739 761 2820 πέρι
785 2748 891 2821 τεῖχος
914 2743 929 2817 ll
947 2742 1102 2822 χάλκεον,
1126 2741 1288 2821 ἄρρηκτον,

96 2851 191 2922 λισσὴ
224 2846 250 2910 δ’
282 2847 467 2924 ἀναδέδρομε
498 2847 590 2925 πέτρη
623 2849 801 2930 quaeritur:
835 2855 897 2919 πῶς
931 2847 1089 2927 herema}
1121 2845 1167 2914 ότι
1191 2849 1288 2925 Ιπέτρα

96 2955 271 3034 περιτρέχει
303 2957 358 3027 τὴν
390 2953 479 3017 πόλιν
511 2953 734 3032 περιβολῆς
764 2951 852 3028 ποθξιν
884 2955 1052 3034 ἐπέχουσα.
1079 2954 1159 3041 (BQ)
1207 2955 1289 3020 (lum

96 3060 254 3127 lemmate
277 3062 368 3135 λισσὴ
392 3061 422 3123 δέ
447 3060 540 3138 πέτρν
565 3060 682 3125 ultima
705 3060 803 3123 etiam
828 3061 861 3125 in
881 3061 907 3125 Τ
927 3060 1096 3149 leguntur:
1117 3061 1289 3141 περιτρέχει

98 3172 155 3243 τὴν
187 3167 276 3231 πόλιν
307 3167 529 3246 περιβόλου
560 3166 644 3238 δόιινν
676 3165 852 3245 ἐπέχουσα,
885 3168 968 3233 unde
993 3171 1089 3234 etiarn
1114 3172 1148 3232 in
1171 3168 1291 3234 scholio

98 3275 196 3362 paulo
226 3274 367 3362 longiore
396 3273 560 3352 περιβόλου
584 3272 754 3338 adsciscam
783 3294 838 3357 pro
863 3273 1049 3356 περιβολῆς,
1074 3274 1157 3359 quod
1183 3295 1289 3340 vereor

99 3391 138 3448 nt
161 3402 218 3467 pro
242 3404 323 3445 muro
346 3388 524 3465 usurpetur.

146 3619 184 3676 κ,
211 3593 241 3656 5.
288 3589 335 3657 De
364 3591 454 3657 Aeoli
479 3590 553 3656 filiis
576 3590 763 3675 filiabusque
787 3593 989 3655 matrimonio
1012 3593 1095 3656 inter
1118 3614 1151 3658 se
1174 3595 1289 3658 iunctis

97 3707 147 3768 ita
177 3700 320 3764 indicant
350 3696 552 3764 scholiastae:
578 3698 629 3763 rori
655 3703 743 3762 τοῦτο
768 3700 810 3768 εἷς
834 3699 1045 3775 εὐδαιμονίαν,
1070 3695 1144 3763 όταν
1169 3699 1291 3763 πόντων

96 3810 283 3877 ἀπολαύωσι
307 3813 364 3870 τῶν
389 3808 508 3871 τέκνων.
532 3807 686 3882 εὐδαίμων
711 3805 774 3885 γόιρ
798 3806 839 3883 τῷ
864 3804 908 3878 μθ
933 3805 991 3867 ὑπὸ
1012 3807 1134 3868 πολλῶν
1153 3804 1291 3880 ἐξουσίαν

95 3921 204 3984 δοῦναι
235 3915 293 3983 σόος
323 3911 511 3992 θυγατέρας,
543 3909 556 3976 ό
590 3914 640 3991 καὶ
674 3914 739 3986 περὶ
766 3913 819 3984 τὴν
843 3907 981 3987 Πριάμου
1006 3910 1119 3983 οἵιιιρσιν
1142 3911 1285 3990 έωρῶροεν.

95 4024 160 4090 ὑπὸ
189 4023 386 4105 φιλοτεκνίαν
412 4021 474 4098 γόιρ
499 4023 572 4097 παρ’
595 4019 693 4099 έοιυσῷ
719 4015 856 4093 ἀνέλαβε
880 4015 950 4084 τοὺς
974 4013 1085 4092 ἄνδρας
1110 4023 1169 4080 πῶν
1193 4020 1289 4096 θυγα·

93 4133 201 4214 πέραν,
230 4127 281 4214 (Q)
330 4126 401 4192 Non
424 4126 517 4192 facile
540 4128 611 4212 quis
630 4126 762 4199 dixerit,
784 4145 839 4188 cur
857 4120 975 4187 Aeolus
995 4121 1072 4187 felix
1092 4125 1290 4208 praedicetur

92 4241 140 4320 τῷ
166 4236 210 4312 μὴ
237 4233 293 4298 ὑπὸ
324 4240 474 4296 πολλῶν
500 4231 637 4306 ἐξουσίαν
661 4233 760 4296 δοῦναι
786 4230 844 4298 πόις
867 4227 1058 4306 θυγατέρας,
1082 4251 1138 4295 nec
1161 4235 1288 4296 omnino

94 4347 183 4412 filius
211 4362 283 4407 silas
308 4339 363 4404 tart
388 4339 509 4403 πολλῶν
534 4337 671 4414 ἐξουσίαν
695 4337 803 4401 διδόναι
829 4334 904 4419 quid
927 4335 977 4398 sit.
1027 4333 1127 4399 Paulo
1154 4340 1290 4422 apertior
