<?xml version="1.0" encoding="UTF-8"?>
<!DOCTYPE html PUBLIC "-//W3C//DTD XHTML 1.0 Transitional//EN"
    "http://www.w3.org/TR/xhtml1/DTD/xhtml1-transitional.dtd">
<html xmlns="http://www.w3.org/1999/xhtml" xml:lang="en" lang="en">
 <head>
  <title>
</title>
<meta http-equiv="Content-Type" content="text/html;charset=utf-8" />
  <meta name='ocr-system' content='tesseract 3.04.00' />
  <meta name='ocr-capabilities' content='ocr_page ocr_carea ocr_par ocr_line ocrx_word'/>
</head>
<body>
  <div class='ocr_page' id='page_1' title='image "./adodysseameiusq00polagoog_0146.png"; bbox 0 0 2978 4950; ppageno 0'>
   <div class='ocr_carea' id='block_1_1' title="bbox 712 254 778 329">
    <p class='ocr_par' dir='ltr' id='par_1_1' title="bbox 712 254 778 329">
     <span class='ocr_line' id='line_1_1' title="bbox 712 254 778 329; baseline 0.015 -1"><span class='ocrx_word' id='word_1_1' title='bbox 712 254 778 329; x_wconf 88' lang='grc'>118</span> 
     </span>
    </p>
   </div>
   <div class='ocr_carea' id='block_1_2' title="bbox 144 446 1345 2025">
    <p class='ocr_par' dir='ltr' id='par_1_2' title="bbox 144 446 1345 2025">
     <span class='ocr_line' id='line_1_2' title="bbox 145 446 1340 531; baseline 0 -15"><span class='ocrx_word' id='word_1_2' title='bbox 145 446 196 516; x_wconf 74' lang='lat' dir='ltr'>ee</span> <span class='ocrx_word' id='word_1_3' title='bbox 218 449 274 524; x_wconf 76' lang='grc' dir='ltr'><em>τθιν</em></span> <span class='ocrx_word' id='word_1_4' title='bbox 291 450 419 531; x_wconf 72' lang='grc' dir='ltr'><em>ψυχήν,</em></span> <span class='ocrx_word' id='word_1_5' title='bbox 440 449 483 516; x_wconf 78' lang='grc' dir='ltr'>τέ</span> <span class='ocrx_word' id='word_1_6' title='bbox 504 449 545 517; x_wconf 73' lang='grc' dir='ltr'>δέ</span> <span class='ocrx_word' id='word_1_7' title='bbox 564 448 615 517; x_wconf 68' lang='grc' dir='ltr'>διὸ</span> <span class='ocrx_word' id='word_1_8' title='bbox 632 451 669 516; x_wconf 81' lang='grc' dir='ltr'>πθ</span> <span class='ocrx_word' id='word_1_9' title='bbox 689 459 792 529; x_wconf 79' lang='grc' dir='ltr'><em>σῶμα.</em></span> <span class='ocrx_word' id='word_1_10' title='bbox 825 451 932 518; x_wconf 88' lang='lat' dir='ltr'>Pauca</span> <span class='ocrx_word' id='word_1_11' title='bbox 954 451 1034 518; x_wconf 87' lang='lat' dir='ltr'>haec</span> <span class='ocrx_word' id='word_1_12' title='bbox 1059 448 1157 517; x_wconf 85' lang='lat' dir='ltr'>verba</span> <span class='ocrx_word' id='word_1_13' title='bbox 1179 468 1244 517; x_wconf 87' lang='lat' dir='ltr'>non</span> <span class='ocrx_word' id='word_1_14' title='bbox 1268 467 1340 516; x_wconf 78' lang='lat' dir='ltr'>aene</span> 
     </span>
     <span class='ocr_line' id='line_1_3' title="bbox 144 554 1342 644; baseline 0.001 -24"><span class='ocrx_word' id='word_1_15' title='bbox 144 554 300 622; x_wconf 88' lang='lat' dir='ltr'>molestiis</span> <span class='ocrx_word' id='word_1_16' title='bbox 323 562 448 636; x_wconf 77' lang='lat' dir='ltr'>carent,</span> <span class='ocrx_word' id='word_1_17' title='bbox 473 560 592 624; x_wconf 89' lang='lat' dir='ltr'>etenim</span> <span class='ocrx_word' id='word_1_18' title='bbox 615 558 698 624; x_wconf 89' lang='lat' dir='ltr'>mihi</span> <span class='ocrx_word' id='word_1_19' title='bbox 724 557 837 624; x_wconf 90' lang='lat' dir='ltr'>saltem</span> <span class='ocrx_word' id='word_1_20' title='bbox 861 579 924 624; x_wconf 91' lang='lat' dir='ltr'>non</span> <span class='ocrx_word' id='word_1_21' title='bbox 947 559 1189 644; x_wconf 89' lang='lat' dir='ltr'>apertissimum</span> <span class='ocrx_word' id='word_1_22' title='bbox 1212 561 1286 631; x_wconf 84' lang='lat' dir='ltr'>est.</span> <span class='ocrx_word' id='word_1_23' title='bbox 1305 562 1342 621; x_wconf 89' lang='lat' dir='ltr'>ut</span> 
     </span>
     <span class='ocr_line' id='line_1_4' title="bbox 145 661 1343 752; baseline -0.002 -24"><span class='ocrx_word' id='word_1_24' title='bbox 145 667 269 728; x_wconf 90' lang='lat' dir='ltr'>taceam</span> <span class='ocrx_word' id='word_1_25' title='bbox 299 662 338 729; x_wconf 89' lang='lat' dir='ltr'>de</span> <span class='ocrx_word' id='word_1_26' title='bbox 367 668 519 742; x_wconf 88' lang='lat' dir='ltr'>caeteris,</span> <span class='ocrx_word' id='word_1_27' title='bbox 550 685 689 752; x_wconf 87' lang='lat' dir='ltr'>quonam</span> <span class='ocrx_word' id='word_1_28' title='bbox 712 663 805 730; x_wconf 92' lang='lat' dir='ltr'>modo</span> <span class='ocrx_word' id='word_1_29' title='bbox 829 665 931 746; x_wconf 76' lang='grc' dir='ltr'><em>βροτοὶ</em></span> <span class='ocrx_word' id='word_1_30' title='bbox 957 663 1105 730; x_wconf 69' lang='lat' dir='ltr'>atavam</span> <span class='ocrx_word' id='word_1_31' title='bbox 1130 661 1343 751; x_wconf 80' lang='lat' dir='ltr'>intellegendi</span> 
     </span>
     <span class='ocr_line' id='line_1_5' title="bbox 148 766 1345 856; baseline 0.001 -23"><span class='ocrx_word' id='word_1_32' title='bbox 148 770 223 833; x_wconf 85' lang='lat' dir='ltr'>sint.</span> <span class='ocrx_word' id='word_1_33' title='bbox 270 767 387 835; x_wconf 91' lang='lat' dir='ltr'>Omnia</span> <span class='ocrx_word' id='word_1_34' title='bbox 418 777 527 837; x_wconf 89' lang='lat' dir='ltr'>sutem</span> <span class='ocrx_word' id='word_1_35' title='bbox 558 770 653 856; x_wconf 88' lang='lat' dir='ltr'>plana</span> <span class='ocrx_word' id='word_1_36' title='bbox 684 777 777 836; x_wconf 85' lang='lat' dir='ltr'>amnt</span> <span class='ocrx_word' id='word_1_37' title='bbox 808 773 908 838; x_wconf 84' lang='lat' dir='ltr'>eiecto</span> <span class='ocrx_word' id='word_1_38' title='bbox 931 770 1071 850; x_wconf 78' lang='grc' dir='ltr'><em>βροτοῖο,</em></span> <span class='ocrx_word' id='word_1_39' title='bbox 1096 790 1178 855; x_wconf 87' lang='lat' dir='ltr'>qnae</span> <span class='ocrx_word' id='word_1_40' title='bbox 1201 766 1345 856; x_wconf 80' lang='lat' dir='ltr'>glossula</span> 
     </span>
     <span class='ocr_line' id='line_1_6' title="bbox 147 873 1345 956; baseline -0.002 -15"><span class='ocrx_word' id='word_1_41' title='bbox 147 879 195 941; x_wconf 89' lang='lat' dir='ltr'>aet</span> <span class='ocrx_word' id='word_1_42' title='bbox 217 873 257 941; x_wconf 92' lang='lat' dir='ltr'>ad</span> <span class='ocrx_word' id='word_1_43' title='bbox 280 876 432 956; x_wconf 79' lang='grc' dir='ltr'><em>βροτοῖσιν</em></span> <span class='ocrx_word' id='word_1_44' title='bbox 454 876 489 942; x_wconf 91' lang='lat' dir='ltr'>in</span> <span class='ocrx_word' id='word_1_45' title='bbox 510 876 665 944; x_wconf 87' lang='lat' dir='ltr'>lemmate</span> <span class='ocrx_word' id='word_1_46' title='bbox 688 877 891 954; x_wconf 72' lang='lat' dir='ltr'>antecedens,</span> <span class='ocrx_word' id='word_1_47' title='bbox 916 879 1047 943; x_wconf 87' lang='lat' dir='ltr'>caeteris</span> <span class='ocrx_word' id='word_1_48' title='bbox 1071 879 1118 942; x_wconf 91' lang='lat' dir='ltr'>ita</span> <span class='ocrx_word' id='word_1_49' title='bbox 1136 875 1255 941; x_wconf 84' lang='lat' dir='ltr'>leviter</span> <span class='ocrx_word' id='word_1_50' title='bbox 1274 894 1345 939; x_wconf 91' lang='lat' dir='ltr'>mu·</span> 
     </span>
     <span class='ocr_line' id='line_1_7' title="bbox 147 982 1343 1063; baseline -0.002 -16"><span class='ocrx_word' id='word_1_51' title='bbox 147 983 243 1047; x_wconf 87' lang='lat' dir='ltr'>tatis:</span> <span class='ocrx_word' id='word_1_52' title='bbox 267 982 494 1056; x_wconf 80' lang='grc' dir='ltr'><em>ιἰθανιέτοις</em></span> <span class='ocrx_word' id='word_1_53' title='bbox 517 985 568 1048; x_wconf 74' lang='grc' dir='ltr'>καὶ</span> <span class='ocrx_word' id='word_1_54' title='bbox 593 983 731 1060; x_wconf 80' lang='grc' dir='ltr'><em>θνητοῖς,</em></span> <span class='ocrx_word' id='word_1_55' title='bbox 755 991 839 1055; x_wconf 80' lang='grc' dir='ltr'><em>τοῖς</em></span> <span class='ocrx_word' id='word_1_56' title='bbox 862 983 933 1060; x_wconf 81' lang='grc' dir='ltr'>μέν</span> <span class='ocrx_word' id='word_1_57' title='bbox 957 982 1009 1048; x_wconf 76' lang='grc' dir='ltr'>διὰ</span> <span class='ocrx_word' id='word_1_58' title='bbox 1033 986 1089 1055; x_wconf 75' lang='grc' dir='ltr'>την</span> <span class='ocrx_word' id='word_1_59' title='bbox 1111 984 1242 1063; x_wconf 75' lang='grc' dir='ltr'><em>ψυχήν,</em></span> <span class='ocrx_word' id='word_1_60' title='bbox 1266 988 1343 1053; x_wconf 83' lang='grc' dir='ltr'><em>τοῖς</em></span> 
     </span>
     <span class='ocr_line' id='line_1_8' title="bbox 148 1087 1343 1176; baseline -0.001 -22"><span class='ocrx_word' id='word_1_61' title='bbox 148 1087 180 1154; x_wconf 73' lang='grc' dir='ltr'>δὲ</span> <span class='ocrx_word' id='word_1_62' title='bbox 214 1087 267 1154; x_wconf 69' lang='grc' dir='ltr'>διὰ</span> <span class='ocrx_word' id='word_1_63' title='bbox 291 1087 327 1152; x_wconf 83' lang='grc' dir='ltr'>τθ</span> <span class='ocrx_word' id='word_1_64' title='bbox 350 1090 451 1165; x_wconf 74' lang='grc' dir='ltr'><em>σῶμα.</em></span> <span class='ocrx_word' id='word_1_65' title='bbox 476 1089 596 1156; x_wconf 68' lang='lat' dir='ltr'>Mem</span> <span class='ocrx_word' id='word_1_66' title='bbox 619 1110 669 1155; x_wconf 92' lang='lat' dir='ltr'>res</span> <span class='ocrx_word' id='word_1_67' title='bbox 692 1088 897 1175; x_wconf 89' lang='lat' dir='ltr'>philosophos</span> <span class='ocrx_word' id='word_1_68' title='bbox 920 1095 1043 1155; x_wconf 90' lang='lat' dir='ltr'>nostros</span> <span class='ocrx_word' id='word_1_69' title='bbox 1066 1110 1158 1176; x_wconf 92' lang='lat' dir='ltr'>seepe</span> <span class='ocrx_word' id='word_1_70' title='bbox 1182 1089 1343 1165; x_wconf 83' lang='lat' dir='ltr'>exercuit,</span> 
     </span>
     <span class='ocr_line' id='line_1_9' title="bbox 147 1193 1345 1281; baseline 0.001 -23"><span class='ocrx_word' id='word_1_71' title='bbox 147 1214 207 1259; x_wconf 92' lang='lat' dir='ltr'>cur</span> <span class='ocrx_word' id='word_1_72' title='bbox 229 1193 354 1261; x_wconf 78' lang='lat' dir='ltr'>Aurora</span> <span class='ocrx_word' id='word_1_73' title='bbox 378 1195 439 1260; x_wconf 88' lang='lat' dir='ltr'>diis</span> <span class='ocrx_word' id='word_1_74' title='bbox 462 1216 586 1281; x_wconf 90' lang='lat' dir='ltr'>quoque</span> <span class='ocrx_word' id='word_1_75' title='bbox 608 1196 715 1261; x_wconf 89' lang='lat' dir='ltr'>lucem</span> <span class='ocrx_word' id='word_1_76' title='bbox 740 1195 848 1261; x_wconf 83' lang='lat' dir='ltr'>aderre</span> <span class='ocrx_word' id='word_1_77' title='bbox 870 1195 1001 1260; x_wconf 89' lang='lat' dir='ltr'>dicatur.</span> <span class='ocrx_word' id='word_1_78' title='bbox 1027 1195 1076 1260; x_wconf 77' lang='lat' dir='ltr'>Ex</span> <span class='ocrx_word' id='word_1_79' title='bbox 1100 1195 1212 1261; x_wconf 89' lang='lat' dir='ltr'>eodem</span> <span class='ocrx_word' id='word_1_80' title='bbox 1237 1193 1345 1261; x_wconf 86' lang='lat' dir='ltr'>codice</span> 
     </span>
     <span class='ocr_line' id='line_1_10' title="bbox 148 1298 1342 1387; baseline 0 -23"><span class='ocrx_word' id='word_1_81' title='bbox 148 1298 176 1364; x_wconf 76' lang='lat' dir='ltr'><strong>E</strong></span> <span class='ocrx_word' id='word_1_82' title='bbox 206 1305 264 1365; x_wconf 88' lang='lat' dir='ltr'>eut</span> <span class='ocrx_word' id='word_1_83' title='bbox 292 1301 380 1366; x_wconf 92' lang='lat' dir='ltr'>idem</span> <span class='ocrx_word' id='word_1_84' title='bbox 410 1307 468 1367; x_wconf 91' lang='lat' dir='ltr'>eut</span> <span class='ocrx_word' id='word_1_85' title='bbox 489 1300 573 1367; x_wconf 89' lang='lat' dir='ltr'>alius</span> <span class='ocrx_word' id='word_1_86' title='bbox 594 1321 657 1367; x_wconf 92' lang='lat' dir='ltr'>non</span> <span class='ocrx_word' id='word_1_87' title='bbox 679 1301 784 1367; x_wconf 91' lang='lat' dir='ltr'>multo</span> <span class='ocrx_word' id='word_1_88' title='bbox 807 1303 913 1367; x_wconf 90' lang='lat' dir='ltr'>sanior</span> <span class='ocrx_word' id='word_1_89' title='bbox 935 1302 1072 1386; x_wconf 88' lang='lat' dir='ltr'>prodiit,</span> <span class='ocrx_word' id='word_1_90' title='bbox 1097 1303 1152 1387; x_wconf 93' lang='lat' dir='ltr'>qui</span> <span class='ocrx_word' id='word_1_91' title='bbox 1176 1302 1212 1365; x_wconf 92' lang='lat' dir='ltr'>in</span> <span class='ocrx_word' id='word_1_92' title='bbox 1237 1301 1342 1386; x_wconf 86' lang='lat' dir='ltr'>quinti</span> 
     </span>
     <span class='ocr_line' id='line_1_11' title="bbox 146 1403 1344 1495; baseline 0.006 -25"><span class='ocrx_word' id='word_1_93' title='bbox 146 1403 222 1471; x_wconf 89' lang='lat' dir='ltr'>libri</span> <span class='ocrx_word' id='word_1_94' title='bbox 239 1406 349 1485; x_wconf 85' lang='lat' dir='ltr'>initio,</span> <span class='ocrx_word' id='word_1_95' title='bbox 370 1409 426 1473; x_wconf 91' lang='lat' dir='ltr'>ubi</span> <span class='ocrx_word' id='word_1_96' title='bbox 438 1408 549 1474; x_wconf 84' lang='lat' dir='ltr'>eadem</span> <span class='ocrx_word' id='word_1_97' title='bbox 561 1409 626 1472; x_wconf 84' lang='lat' dir='ltr'>fers</span> <span class='ocrx_word' id='word_1_98' title='bbox 638 1408 735 1472; x_wconf 80' lang='lat' dir='ltr'>verbe</span> <span class='ocrx_word' id='word_1_99' title='bbox 746 1412 933 1486; x_wconf 88' lang='lat' dir='ltr'>occurrunt,</span> <span class='ocrx_word' id='word_1_100' title='bbox 945 1410 993 1472; x_wconf 88' lang='lat' dir='ltr'>ita</span> <span class='ocrx_word' id='word_1_101' title='bbox 1004 1413 1186 1495; x_wconf 81' lang='lat' dir='ltr'>quaereret:</span> <span class='ocrx_word' id='word_1_102' title='bbox 1206 1415 1273 1478; x_wconf 73' lang='lat' dir='ltr'>reis</span> <span class='ocrx_word' id='word_1_103' title='bbox 1288 1405 1344 1483; x_wconf 75' lang='grc' dir='ltr'>μέν</span> 
     </span>
     <span class='ocr_line' id='line_1_12' title="bbox 150 1510 1344 1592; baseline 0.001 -15"><span class='ocrx_word' id='word_1_104' title='bbox 150 1510 269 1590; x_wconf 79' lang='grc' dir='ltr'><em>βροτοῖς</em></span> <span class='ocrx_word' id='word_1_105' title='bbox 293 1513 434 1587; x_wconf 73' lang='grc' dir='ltr'><em>διέντας·</em></span> <span class='ocrx_word' id='word_1_106' title='bbox 459 1522 523 1586; x_wconf 83' lang='grc' dir='ltr'><em>τοῖς</em></span> <span class='ocrx_word' id='word_1_107' title='bbox 546 1514 579 1579; x_wconf 79' lang='grc' dir='ltr'>δέ</span> <span class='ocrx_word' id='word_1_108' title='bbox 599 1514 762 1587; x_wconf 75' lang='grc' dir='ltr'><em>αθοινθτοις</em></span> <span class='ocrx_word' id='word_1_109' title='bbox 786 1515 838 1580; x_wconf 76' lang='grc' dir='ltr'>διὰ</span> <span class='ocrx_word' id='word_1_110' title='bbox 861 1514 907 1592; x_wconf 75' lang='grc' dir='ltr'>τές</span> <span class='ocrx_word' id='word_1_111' title='bbox 934 1517 979 1591; x_wconf 74' lang='grc' dir='ltr'><em>ριθη</em></span> <span class='ocrx_word' id='word_1_112' title='bbox 1003 1517 1056 1579; x_wconf 78' lang='grc' dir='ltr'>οὐκ</span> <span class='ocrx_word' id='word_1_113' title='bbox 1081 1513 1146 1580; x_wconf 86' lang='grc' dir='ltr'><em>έοτι</em></span> <span class='ocrx_word' id='word_1_114' title='bbox 1171 1522 1235 1587; x_wconf 81' lang='grc' dir='ltr'><em>τοῖς</em></span> <span class='ocrx_word' id='word_1_115' title='bbox 1267 1515 1344 1584; x_wconf 75' lang='grc' dir='ltr'><em>θεοῖς</em></span> 
     </span>
     <span class='ocr_line' id='line_1_13' title="bbox 149 1618 1345 1702; baseline 0.003 -19"><span class='ocrx_word' id='word_1_116' title='bbox 149 1623 233 1699; x_wconf 76' lang='grc' dir='ltr'>φῶςς</span> <span class='ocrx_word' id='word_1_117' title='bbox 266 1618 342 1686; x_wconf 71' lang='grc' dir='ltr'>ἀλλ’</span> <span class='ocrx_word' id='word_1_118' title='bbox 376 1621 599 1701; x_wconf 74' lang='grc' dir='ltr'><em>θντιιῡθαφῶς</em></span> <span class='ocrx_word' id='word_1_119' title='bbox 620 1620 655 1685; x_wconf 75' lang='lat' dir='ltr'>rt</span> <span class='ocrx_word' id='word_1_120' title='bbox 679 1620 804 1696; x_wconf 74' lang='grc' dir='ltr'><em>ηλιακθν</em></span> <span class='ocrx_word' id='word_1_121' title='bbox 827 1625 932 1702; x_wconf 82' lang='grc' dir='ltr'><em>Φηοιν.</em></span> <span class='ocrx_word' id='word_1_122' title='bbox 958 1623 975 1698; x_wconf 75' lang='grc' dir='ltr'><em>ἢ</em></span> <span class='ocrx_word' id='word_1_123' title='bbox 1000 1623 1172 1694; x_wconf 76' lang='grc' dir='ltr'><em>θθοινοθτοιις</em></span> <span class='ocrx_word' id='word_1_124' title='bbox 1196 1620 1240 1685; x_wconf 76' lang='grc' dir='ltr'>τὰ</span> <span class='ocrx_word' id='word_1_125' title='bbox 1264 1643 1345 1687; x_wconf 75' lang='lat' dir='ltr'>crot-</span> 
     </span>
     <span class='ocr_line' id='line_1_14' title="bbox 148 1724 1345 1814; baseline 0.003 -24"><span class='ocrx_word' id='word_1_126' title='bbox 148 1733 227 1805; x_wconf 75' lang='grc' dir='ltr'>χοῖον</span> <span class='ocrx_word' id='word_1_127' title='bbox 258 1726 463 1803; x_wconf 71' lang='grc' dir='ltr'><em>ὑποληπτέον,</em></span> <span class='ocrx_word' id='word_1_128' title='bbox 497 1724 511 1792; x_wconf 81' lang='grc' dir='ltr'><em>ὃ</em></span> <span class='ocrx_word' id='word_1_129' title='bbox 543 1728 609 1793; x_wconf 70' lang='grc' dir='ltr'>καθ’</span> <span class='ocrx_word' id='word_1_130' title='bbox 630 1736 774 1809; x_wconf 81' lang='grc' dir='ltr'><em>κρεῖττον.</em></span> <span class='ocrx_word' id='word_1_131' title='bbox 809 1731 853 1814; x_wconf 78' lang='lat' dir='ltr'>(p.</span> <span class='ocrx_word' id='word_1_132' title='bbox 879 1727 957 1806; x_wconf 77' lang='lat'>242,</span> <span class='ocrx_word' id='word_1_133' title='bbox 983 1727 1029 1812; x_wconf 85' lang='grc'>3.)</span> <span class='ocrx_word' id='word_1_134' title='bbox 1063 1728 1129 1794; x_wconf 88' lang='lat' dir='ltr'>Nos</span> <span class='ocrx_word' id='word_1_135' title='bbox 1158 1747 1252 1804; x_wconf 80' lang='lat' dir='ltr'>vero,</span> <span class='ocrx_word' id='word_1_136' title='bbox 1283 1746 1345 1813; x_wconf 85' lang='lat' dir='ltr'>que</span> 
     </span>
     <span class='ocr_line' id='line_1_15' title="bbox 149 1833 1344 1921; baseline 0.002 -24"><span class='ocrx_word' id='word_1_137' title='bbox 149 1852 261 1898; x_wconf 85' lang='lat' dir='ltr'>snmus</span> <span class='ocrx_word' id='word_1_138' title='bbox 302 1835 446 1913; x_wconf 76' lang='lat' dir='ltr'>inscitie,</span> <span class='ocrx_word' id='word_1_139' title='bbox 478 1833 555 1919; x_wconf 90' lang='lat' dir='ltr'>qnid</span> <span class='ocrx_word' id='word_1_140' title='bbox 585 1833 685 1901; x_wconf 86' lang='lat' dir='ltr'>altera</span> <span class='ocrx_word' id='word_1_141' title='bbox 716 1834 886 1921; x_wconf 87' lang='lat' dir='ltr'>explicatio</span> <span class='ocrx_word' id='word_1_142' title='bbox 917 1833 1011 1900; x_wconf 91' lang='lat' dir='ltr'>elteri</span> <span class='ocrx_word' id='word_1_143' title='bbox 1045 1839 1199 1919; x_wconf 85' lang='lat' dir='ltr'>praestet,</span> <span class='ocrx_word' id='word_1_144' title='bbox 1235 1833 1344 1900; x_wconf 80' lang='lat' dir='ltr'>videre</span> 
     </span>
     <span class='ocr_line' id='line_1_16' title="bbox 148 1958 415 2025; baseline 0.019 -23"><span class='ocrx_word' id='word_1_145' title='bbox 148 1958 211 2005; x_wconf 94' lang='lat' dir='ltr'>non</span> <span class='ocrx_word' id='word_1_146' title='bbox 235 1960 415 2025; x_wconf 77' lang='lat' dir='ltr'>possumne.</span> 
     </span>
    </p>
   </div>
   <div class='ocr_carea' id='block_1_3' title="bbox 149 2151 1346 4045">
    <p class='ocr_par' dir='ltr' id='par_1_3' title="bbox 149 2151 1346 4045">
     <span class='ocr_line' id='line_1_17' title="bbox 195 2151 1343 2233; baseline -0.001 -17"><span class='ocrx_word' id='word_1_147' title='bbox 195 2174 231 2227; x_wconf 76' lang='grc' dir='ltr'>ν,</span> <span class='ocrx_word' id='word_1_148' title='bbox 259 2152 310 2217; x_wconf 84' lang='grc'>14.</span> <span class='ocrx_word' id='word_1_149' title='bbox 333 2151 496 2218; x_wconf 79' lang='lat' dir='ltr'>Admonet</span> <span class='ocrx_word' id='word_1_150' title='bbox 518 2151 748 2218; x_wconf 75' lang='lat' dir='ltr'>Telemachum</span> <span class='ocrx_word' id='word_1_151' title='bbox 771 2152 937 2219; x_wconf 79' lang='lat' dir='ltr'>Minerm:</span> <span class='ocrx_word' id='word_1_152' title='bbox 962 2151 1151 2233; x_wconf 74' lang='grc' dir='ltr'><em>Τηλέμαχ’,</em></span> <span class='ocrx_word' id='word_1_153' title='bbox 1176 2154 1210 2217; x_wconf 83' lang='lat' dir='ltr'>cd</span> <span class='ocrx_word' id='word_1_154' title='bbox 1230 2151 1290 2229; x_wconf 80' lang='grc' dir='ltr'>μέν</span> <span class='ocrx_word' id='word_1_155' title='bbox 1308 2174 1343 2216; x_wconf 80' lang='grc' dir='ltr'>τε</span> 
     </span>
     <span class='ocr_line' id='line_1_18' title="bbox 151 2255 1344 2337; baseline 0.004 -17"><span class='ocrx_word' id='word_1_156' title='bbox 151 2259 212 2337; x_wconf 76' lang='grc' dir='ltr'>χρη</span> <span class='ocrx_word' id='word_1_157' title='bbox 244 2255 290 2321; x_wconf 80' lang='grc' dir='ltr'>ἔτ’</span> <span class='ocrx_word' id='word_1_158' title='bbox 322 2257 423 2331; x_wconf 74' lang='grc' dir='ltr'><em>αἰδοῦς</em></span> <span class='ocrx_word' id='word_1_159' title='bbox 454 2259 515 2324; x_wconf 77' lang='grc' dir='ltr'>οὐδ’</span> <span class='ocrx_word' id='word_1_160' title='bbox 540 2259 661 2337; x_wconf 65' lang='lat' dir='ltr'>aeaeae.</span> <span class='ocrx_word' id='word_1_161' title='bbox 709 2258 752 2323; x_wconf 77' lang='lat' dir='ltr'>Et</span> <span class='ocrx_word' id='word_1_162' title='bbox 775 2280 843 2324; x_wconf 90' lang='lat' dir='ltr'>eam</span> <span class='ocrx_word' id='word_1_163' title='bbox 867 2266 952 2325; x_wconf 86' lang='lat' dir='ltr'>recte</span> <span class='ocrx_word' id='word_1_164' title='bbox 974 2259 1176 2325; x_wconf 68' lang='lat' dir='ltr'>admonuisse</span> <span class='ocrx_word' id='word_1_165' title='bbox 1198 2266 1233 2325; x_wconf 79' lang='lat' dir='ltr'>et</span> <span class='ocrx_word' id='word_1_166' title='bbox 1255 2257 1344 2326; x_wconf 73' lang='lat' dir='ltr'>Tele-</span> 
     </span>
     <span class='ocr_line' id='line_1_19' title="bbox 151 2364 1344 2450; baseline 0.003 -22"><span class='ocrx_word' id='word_1_167' title='bbox 151 2364 304 2429; x_wconf 90' lang='lat' dir='ltr'>machum</span> <span class='ocrx_word' id='word_1_168' title='bbox 327 2364 473 2430; x_wconf 90' lang='lat' dir='ltr'>decenter</span> <span class='ocrx_word' id='word_1_169' title='bbox 494 2366 690 2450; x_wconf 88' lang='lat' dir='ltr'>respondisse</span> <span class='ocrx_word' id='word_1_170' title='bbox 713 2364 908 2432; x_wconf 70' lang='lat' dir='ltr'>scholiastae</span> <span class='ocrx_word' id='word_1_171' title='bbox 932 2371 1107 2432; x_wconf 89' lang='lat' dir='ltr'>testentur:</span> <span class='ocrx_word' id='word_1_172' title='bbox 1132 2367 1292 2444; x_wconf 77' lang='grc' dir='ltr'><em>εὐπρεπῶς</em></span> <span class='ocrx_word' id='word_1_173' title='bbox 1311 2364 1344 2431; x_wconf 72' lang='lat' dir='ltr'>a</span> 
     </span>
     <span class='ocr_line' id='line_1_20' title="bbox 152 2469 1345 2548; baseline 0.005 -16"><span class='ocrx_word' id='word_1_174' title='bbox 152 2469 170 2542; x_wconf 75' lang='grc' dir='ltr'><em>ἡ</em></span> <span class='ocrx_word' id='word_1_175' title='bbox 201 2469 258 2546; x_wconf 79' lang='grc' dir='ltr'>μέν</span> <span class='ocrx_word' id='word_1_176' title='bbox 288 2472 327 2541; x_wconf 71' lang='grc' dir='ltr'>ὡς</span> <span class='ocrx_word' id='word_1_177' title='bbox 358 2469 561 2548; x_wconf 70' lang='grc' dir='ltr'><em>ἀδαήμονι</em></span> <span class='ocrx_word' id='word_1_178' title='bbox 587 2471 770 2548; x_wconf 74' lang='grc' dir='ltr'><em>διαλέγεται</em></span> <span class='ocrx_word' id='word_1_179' title='bbox 795 2471 928 2548; x_wconf 73' lang='grc' dir='ltr'><em>ἀξιοῦσα</em></span> <span class='ocrx_word' id='word_1_180' title='bbox 952 2476 1003 2535; x_wconf 79' lang='grc' dir='ltr'>νῦν</span> <span class='ocrx_word' id='word_1_181' title='bbox 1026 2473 1192 2536; x_wconf 71' lang='grc' dir='ltr'><em>ἀποθέσθαι</em></span> <span class='ocrx_word' id='word_1_182' title='bbox 1217 2471 1270 2538; x_wconf 70' lang='grc' dir='ltr'>διὰ</span> <span class='ocrx_word' id='word_1_183' title='bbox 1295 2475 1345 2538; x_wconf 72' lang='grc' dir='ltr'>τὸν</span> 
     </span>
     <span class='ocr_line' id='line_1_21' title="bbox 152 2573 1342 2656; baseline 0.003 -16"><span class='ocrx_word' id='word_1_184' title='bbox 152 2578 253 2653; x_wconf 79' lang='grc' dir='ltr'><em>καιρὸν</em></span> <span class='ocrx_word' id='word_1_185' title='bbox 276 2579 311 2641; x_wconf 83' lang='grc' dir='ltr'>τὸ</span> <span class='ocrx_word' id='word_1_186' title='bbox 336 2582 468 2641; x_wconf 84' lang='grc' dir='ltr'><em>τοιοῦτον</em></span> <span class='ocrx_word' id='word_1_187' title='bbox 493 2573 574 2654; x_wconf 75' lang='grc' dir='ltr'><em>ἦθος,</em></span> <span class='ocrx_word' id='word_1_188' title='bbox 601 2577 615 2640; x_wconf 89' lang='grc' dir='ltr'><em>θ</em></span> <span class='ocrx_word' id='word_1_189' title='bbox 639 2579 671 2644; x_wconf 79' lang='grc' dir='ltr'>δὲ</span> <span class='ocrx_word' id='word_1_190' title='bbox 694 2580 748 2642; x_wconf 82' lang='grc' dir='ltr'>οὐκ</span> <span class='ocrx_word' id='word_1_191' title='bbox 774 2579 888 2656; x_wconf 76' lang='grc' dir='ltr'><em>έπθγει</em></span> <span class='ocrx_word' id='word_1_192' title='bbox 912 2575 957 2642; x_wconf 82' lang='grc' dir='ltr'>θτι</span> <span class='ocrx_word' id='word_1_193' title='bbox 981 2578 1178 2655; x_wconf 72' lang='grc' dir='ltr'><em>ἀδαήμων</em></span> <span class='ocrx_word' id='word_1_194' title='bbox 1201 2580 1284 2656; x_wconf 71' lang='lat' dir='ltr'>siud·</span> <span class='ocrx_word' id='word_1_195' title='bbox 1309 2581 1342 2644; x_wconf 79' lang='lat' dir='ltr'>ot</span> 
     </span>
     <span class='ocr_line' id='line_1_22' title="bbox 151 2682 1343 2767; baseline 0.003 -21"><span class='ocrx_word' id='word_1_196' title='bbox 151 2684 215 2762; x_wconf 72' lang='grc' dir='ltr'>γὰρ</span> <span class='ocrx_word' id='word_1_197' title='bbox 240 2684 389 2761; x_wconf 79' lang='grc' dir='ltr'><em>εὐπρεπὲς</em></span> <span class='ocrx_word' id='word_1_198' title='bbox 413 2682 479 2762; x_wconf 80' lang='grc' dir='ltr'>περὶ</span> <span class='ocrx_word' id='word_1_199' title='bbox 504 2683 599 2748; x_wconf 81' lang='grc' dir='ltr'><em>αὑτοῦ</em></span> <span class='ocrx_word' id='word_1_200' title='bbox 623 2689 756 2749; x_wconf 78' lang='grc' dir='ltr'><em>τοιαῦτα</em></span> <span class='ocrx_word' id='word_1_201' title='bbox 780 2684 934 2764; x_wconf 74' lang='grc' dir='ltr'><em>ἐκφέρειν·</em></span> <span class='ocrx_word' id='word_1_202' title='bbox 960 2685 1049 2750; x_wconf 69' lang='grc' dir='ltr'>ἀλλὰ</span> <span class='ocrx_word' id='word_1_203' title='bbox 1073 2688 1204 2758; x_wconf 71' lang='grc' dir='ltr'><em>τάληθές</em></span> <span class='ocrx_word' id='word_1_204' title='bbox 1230 2693 1343 2767; x_wconf 85' lang='grc' dir='ltr'><em>Φητιν,</em></span> 
     </span>
     <span class='ocr_line' id='line_1_23' title="bbox 151 2787 1342 2878; baseline 0.005 -26"><span class='ocrx_word' id='word_1_205' title='bbox 151 2787 219 2852; x_wconf 73' lang='grc' dir='ltr'><em>οὐδέ</em></span> <span class='ocrx_word' id='word_1_206' title='bbox 247 2789 280 2852; x_wconf 87' lang='grc' dir='ltr'>τέ</span> <span class='ocrx_word' id='word_1_207' title='bbox 311 2813 357 2853; x_wconf 78' lang='grc' dir='ltr'>πον</span> <span class='ocrx_word' id='word_1_208' title='bbox 388 2788 506 2865; x_wconf 81' lang='grc' dir='ltr'><em>μύθοισι</em></span> <span class='ocrx_word' id='word_1_209' title='bbox 537 2795 737 2867; x_wconf 80' lang='grc' dir='ltr'><em>πεπείρημαι.</em></span> <span class='ocrx_word' id='word_1_210' title='bbox 764 2788 929 2876; x_wconf 78' lang='lat' dir='ltr'>(EHMQ.)</span> <span class='ocrx_word' id='word_1_211' title='bbox 962 2791 1006 2854; x_wconf 80' lang='lat' dir='ltr'>At</span> <span class='ocrx_word' id='word_1_212' title='bbox 1029 2791 1089 2855; x_wconf 89' lang='lat' dir='ltr'>hoc</span> <span class='ocrx_word' id='word_1_213' title='bbox 1112 2812 1170 2857; x_wconf 86' lang='lat' dir='ltr'>nec</span> <span class='ocrx_word' id='word_1_214' title='bbox 1191 2795 1342 2878; x_wconf 84' lang='lat' dir='ltr'>cuiquam</span> 
     </span>
     <span class='ocr_line' id='line_1_24' title="bbox 149 2893 1343 2984; baseline 0.003 -24"><span class='ocrx_word' id='word_1_215' title='bbox 149 2893 239 2961; x_wconf 87' lang='lat' dir='ltr'>laudi</span> <span class='ocrx_word' id='word_1_216' title='bbox 269 2895 380 2969; x_wconf 86' lang='lat' dir='ltr'>detur,</span> <span class='ocrx_word' id='word_1_217' title='bbox 412 2899 439 2960; x_wconf 91' lang='lat' dir='ltr'>si</span> <span class='ocrx_word' id='word_1_218' title='bbox 463 2894 612 2973; x_wconf 77' lang='grc' dir='ltr'><em>θδαημον</em></span> <span class='ocrx_word' id='word_1_219' title='bbox 636 2898 831 2982; x_wconf 82' lang='lat' dir='ltr'>(imperitus)</span> <span class='ocrx_word' id='word_1_220' title='bbox 856 2896 967 2972; x_wconf 87' lang='lat' dir='ltr'>audit,</span> <span class='ocrx_word' id='word_1_221' title='bbox 992 2917 1049 2962; x_wconf 89' lang='lat' dir='ltr'>nec</span> <span class='ocrx_word' id='word_1_222' title='bbox 1073 2900 1243 2983; x_wconf 91' lang='lat' dir='ltr'>quisquam</span> <span class='ocrx_word' id='word_1_223' title='bbox 1269 2919 1343 2984; x_wconf 86' lang='lat' dir='ltr'>praa</span> 
     </span>
     <span class='ocr_line' id='line_1_25' title="bbox 150 3001 1346 3091; baseline 0.004 -26"><span class='ocrx_word' id='word_1_224' title='bbox 150 3001 270 3087; x_wconf 89' lang='lat' dir='ltr'>pudore</span> <span class='ocrx_word' id='word_1_225' title='bbox 292 3002 326 3066; x_wconf 93' lang='lat' dir='ltr'>id</span> <span class='ocrx_word' id='word_1_226' title='bbox 350 3001 389 3066; x_wconf 94' lang='lat' dir='ltr'>de</span> <span class='ocrx_word' id='word_1_227' title='bbox 406 3023 440 3068; x_wconf 90' lang='lat' dir='ltr'>se</span> <span class='ocrx_word' id='word_1_228' title='bbox 461 3005 530 3088; x_wconf 89' lang='lat' dir='ltr'>ipso</span> <span class='ocrx_word' id='word_1_229' title='bbox 549 3003 728 3089; x_wconf 82' lang='lat' dir='ltr'>praedicere</span> <span class='ocrx_word' id='word_1_230' title='bbox 746 3001 831 3069; x_wconf 88' lang='lat' dir='ltr'>nolle</span> <span class='ocrx_word' id='word_1_231' title='bbox 848 3012 932 3067; x_wconf 89' lang='lat' dir='ltr'>recte</span> <span class='ocrx_word' id='word_1_232' title='bbox 943 3003 1008 3068; x_wconf 91' lang='lat' dir='ltr'>diei</span> <span class='ocrx_word' id='word_1_233' title='bbox 1020 3009 1140 3089; x_wconf 90' lang='lat' dir='ltr'>potest,</span> <span class='ocrx_word' id='word_1_234' title='bbox 1153 3025 1210 3070; x_wconf 91' lang='lat' dir='ltr'>nec</span> <span class='ocrx_word' id='word_1_235' title='bbox 1222 3004 1346 3091; x_wconf 89' lang='lat' dir='ltr'>aliquid</span> 
     </span>
     <span class='ocr_line' id='line_1_26' title="bbox 151 3106 1343 3198; baseline 0.006 -28"><span class='ocrx_word' id='word_1_236' title='bbox 151 3106 247 3172; x_wconf 90' lang='lat' dir='ltr'>hebet</span> <span class='ocrx_word' id='word_1_237' title='bbox 270 3127 343 3171; x_wconf 89' lang='lat' dir='ltr'>eum</span> <span class='ocrx_word' id='word_1_238' title='bbox 367 3106 539 3173; x_wconf 87' lang='lat' dir='ltr'>Homerico</span> <span class='ocrx_word' id='word_1_239' title='bbox 563 3129 656 3175; x_wconf 86' lang='lat' dir='ltr'>versu</span> <span class='ocrx_word' id='word_1_240' title='bbox 680 3129 859 3174; x_wconf 87' lang='lat' dir='ltr'>commune.</span> <span class='ocrx_word' id='word_1_241' title='bbox 905 3109 1062 3194; x_wconf 84' lang='lat' dir='ltr'>Apertum</span> <span class='ocrx_word' id='word_1_242' title='bbox 1086 3117 1134 3175; x_wconf 91' lang='lat' dir='ltr'>est</span> <span class='ocrx_word' id='word_1_243' title='bbox 1169 3112 1185 3184; x_wconf 79' lang='grc' dir='ltr'><em>η</em></span> <span class='ocrx_word' id='word_1_244' title='bbox 1218 3113 1277 3188; x_wconf 75' lang='grc' dir='ltr'>μὲν</span> <span class='ocrx_word' id='word_1_245' title='bbox 1298 3114 1343 3198; x_wconf 67' lang='grc' dir='ltr'>Ιοὓς</span> 
     </span>
     <span class='ocr_line' id='line_1_27' title="bbox 152 3212 1345 3294; baseline 0.003 -16"><span class='ocrx_word' id='word_1_246' title='bbox 152 3212 343 3289; x_wconf 65' lang='lat' dir='ltr'>citrium</span> <span class='ocrx_word' id='word_1_247' title='bbox 376 3213 579 3293; x_wconf 72' lang='grc' dir='ltr'><em>διαλέγεται,</em></span> <span class='ocrx_word' id='word_1_248' title='bbox 612 3222 644 3280; x_wconf 88' lang='lat' dir='ltr'>et</span> <span class='ocrx_word' id='word_1_249' title='bbox 675 3215 689 3278; x_wconf 86' lang='grc' dir='ltr'><em>θ</em></span> <span class='ocrx_word' id='word_1_250' title='bbox 721 3214 753 3280; x_wconf 78' lang='grc' dir='ltr'>δὲ</span> <span class='ocrx_word' id='word_1_251' title='bbox 782 3218 835 3280; x_wconf 75' lang='grc' dir='ltr'>οὐκ</span> <span class='ocrx_word' id='word_1_252' title='bbox 860 3215 974 3290; x_wconf 63' lang='lat' dir='ltr'>iratres</span> <span class='ocrx_word' id='word_1_253' title='bbox 998 3213 1044 3279; x_wconf 78' lang='grc' dir='ltr'>ὅτι</span> <span class='ocrx_word' id='word_1_254' title='bbox 1069 3217 1255 3294; x_wconf 77' lang='grc' dir='ltr'><em>αι’δημοον</em></span> <span class='ocrx_word' id='word_1_255' title='bbox 1279 3217 1345 3294; x_wconf 70' lang='lat' dir='ltr'>riui</span> 
     </span>
     <span class='ocr_line' id='line_1_28' title="bbox 150 3321 1343 3408; baseline 0.002 -22"><span class='ocrx_word' id='word_1_256' title='bbox 150 3321 349 3386; x_wconf 87' lang='lat' dir='ltr'>scribendum</span> <span class='ocrx_word' id='word_1_257' title='bbox 383 3341 468 3405; x_wconf 84' lang='lat' dir='ltr'>esse,</span> <span class='ocrx_word' id='word_1_258' title='bbox 503 3328 539 3386; x_wconf 94' lang='lat' dir='ltr'>ut</span> <span class='ocrx_word' id='word_1_259' title='bbox 574 3342 630 3408; x_wconf 91' lang='lat' dir='ltr'>pro</span> <span class='ocrx_word' id='word_1_260' title='bbox 673 3323 808 3404; x_wconf 76' lang='grc' dir='ltr'><em>ιὀιοροοίθο</em></span> <span class='ocrx_word' id='word_1_261' title='bbox 849 3323 964 3386; x_wconf 88' lang='lat' dir='ltr'>iuvene</span> <span class='ocrx_word' id='word_1_262' title='bbox 998 3324 1179 3387; x_wconf 80' lang='grc' dir='ltr'><em>οονοονιιιθνιο</em></span> <span class='ocrx_word' id='word_1_263' title='bbox 1216 3327 1343 3390; x_wconf 68' lang='lat' dir='ltr'>emetat</span> 
     </span>
     <span class='ocr_line' id='line_1_29' title="bbox 150 3427 1344 3514; baseline 0.003 -22"><span class='ocrx_word' id='word_1_264' title='bbox 150 3427 259 3493; x_wconf 89' lang='lat' dir='ltr'>Priore</span> <span class='ocrx_word' id='word_1_265' title='bbox 287 3427 356 3492; x_wconf 91' lang='lat' dir='ltr'>loco</span> <span class='ocrx_word' id='word_1_266' title='bbox 384 3427 464 3492; x_wconf 86' lang='lat' dir='ltr'>feisa</span> <span class='ocrx_word' id='word_1_267' title='bbox 496 3431 652 3514; x_wconf 86' lang='lat' dir='ltr'>scriptura</span> <span class='ocrx_word' id='word_1_268' title='bbox 682 3431 717 3491; x_wconf 92' lang='lat' dir='ltr'>in</span> <span class='ocrx_word' id='word_1_269' title='bbox 749 3428 898 3494; x_wconf 90' lang='lat' dir='ltr'>omuibus</span> <span class='ocrx_word' id='word_1_270' title='bbox 921 3429 1084 3494; x_wconf 77' lang='lat' dir='ltr'>codicibus</span> <span class='ocrx_word' id='word_1_271' title='bbox 1106 3450 1173 3494; x_wconf 90' lang='lat' dir='ltr'>esse</span> <span class='ocrx_word' id='word_1_272' title='bbox 1196 3430 1344 3507; x_wconf 63' lang='lat' dir='ltr'>videtum</span> 
     </span>
     <span class='ocr_line' id='line_1_30' title="bbox 150 3533 1344 3621; baseline 0.002 -23"><span class='ocrx_word' id='word_1_273' title='bbox 150 3533 287 3613; x_wconf 70' lang='grc' dir='ltr'><em>αἰδήμων</em></span> <span class='ocrx_word' id='word_1_274' title='bbox 318 3542 426 3598; x_wconf 88' lang='lat' dir='ltr'>eutem</span> <span class='ocrx_word' id='word_1_275' title='bbox 460 3534 593 3599; x_wconf 86' lang='lat' dir='ltr'>totidem</span> <span class='ocrx_word' id='word_1_276' title='bbox 624 3533 725 3599; x_wconf 87' lang='lat' dir='ltr'>literis</span> <span class='ocrx_word' id='word_1_277' title='bbox 749 3533 869 3621; x_wconf 81' lang='lat' dir='ltr'>legitur</span> <span class='ocrx_word' id='word_1_278' title='bbox 891 3537 924 3597; x_wconf 92' lang='lat' dir='ltr'>in</span> <span class='ocrx_word' id='word_1_279' title='bbox 947 3533 1137 3612; x_wconf 88' lang='lat' dir='ltr'>Harleieno‚</span> <span class='ocrx_word' id='word_1_280' title='bbox 1162 3534 1247 3620; x_wconf 93' lang='lat' dir='ltr'>quod</span> <span class='ocrx_word' id='word_1_281' title='bbox 1270 3556 1344 3602; x_wconf 89' lang='lat' dir='ltr'>cnm</span> 
     </span>
     <span class='ocr_line' id='line_1_31' title="bbox 150 3638 1341 3727; baseline 0.002 -21"><span class='ocrx_word' id='word_1_282' title='bbox 150 3638 332 3706; x_wconf 89' lang='lat' dir='ltr'>Dindortius</span> <span class='ocrx_word' id='word_1_283' title='bbox 362 3642 430 3725; x_wconf 88' lang='lat' dir='ltr'>ipse</span> <span class='ocrx_word' id='word_1_284' title='bbox 459 3643 493 3704; x_wconf 93' lang='lat' dir='ltr'>in</span> <span class='ocrx_word' id='word_1_285' title='bbox 517 3640 714 3706; x_wconf 84' lang='lat' dir='ltr'>Praefationa</span> <span class='ocrx_word' id='word_1_286' title='bbox 738 3642 951 3707; x_wconf 87' lang='lat' dir='ltr'>adnotavisset</span> <span class='ocrx_word' id='word_1_287' title='bbox 973 3641 1018 3726; x_wconf 88' lang='lat' dir='ltr'>(p.</span> <span class='ocrx_word' id='word_1_288' title='bbox 1043 3645 1341 3727; x_wconf 82' lang='lat' dir='ltr'>xnvu1)optimam</span> 
     </span>
     <span class='ocr_line' id='line_1_32' title="bbox 149 3744 1343 3832; baseline 0.003 -22"><span class='ocrx_word' id='word_1_289' title='bbox 149 3745 319 3813; x_wconf 90' lang='lat' dir='ltr'>lectionem</span> <span class='ocrx_word' id='word_1_290' title='bbox 342 3745 521 3812; x_wconf 88' lang='lat' dir='ltr'>inconsulto</span> <span class='ocrx_word' id='word_1_291' title='bbox 543 3747 674 3824; x_wconf 85' lang='lat' dir='ltr'>abiecit,</span> <span class='ocrx_word' id='word_1_292' title='bbox 698 3750 870 3832; x_wconf 88' lang='lat' dir='ltr'>pessimam</span> <span class='ocrx_word' id='word_1_293' title='bbox 895 3744 977 3823; x_wconf 77' lang='grc' dir='ltr'><em>ἔθος,</em></span> <span class='ocrx_word' id='word_1_294' title='bbox 1005 3784 1046 3796; x_wconf 91' lang='grc'>-</span> <span class='ocrx_word' id='word_1_295' title='bbox 1070 3748 1155 3832; x_wconf 92' lang='lat' dir='ltr'>quod</span> <span class='ocrx_word' id='word_1_296' title='bbox 1178 3769 1237 3813; x_wconf 91' lang='lat' dir='ltr'>nec</span> <span class='ocrx_word' id='word_1_297' title='bbox 1267 3768 1343 3814; x_wconf 90' lang='lat' dir='ltr'>cum</span> 
     </span>
     <span class='ocr_line' id='line_1_33' title="bbox 150 3849 1344 3940; baseline -0.001 -20"><span class='ocrx_word' id='word_1_298' title='bbox 150 3873 226 3920; x_wconf 82' lang='lat' dir='ltr'>voce</span> <span class='ocrx_word' id='word_1_299' title='bbox 258 3853 395 3930; x_wconf 70' lang='grc' dir='ltr'><em>αἰδήμων</em></span> <span class='ocrx_word' id='word_1_300' title='bbox 423 3874 480 3919; x_wconf 89' lang='lat' dir='ltr'>nec</span> <span class='ocrx_word' id='word_1_301' title='bbox 504 3874 577 3917; x_wconf 87' lang='lat' dir='ltr'>cum</span> <span class='ocrx_word' id='word_1_302' title='bbox 602 3853 750 3930; x_wconf 75' lang='grc' dir='ltr'><em>οἰδαημων</em></span> <span class='ocrx_word' id='word_1_303' title='bbox 775 3855 927 3940; x_wconf 89' lang='lat' dir='ltr'>quadrat,</span> <span class='ocrx_word' id='word_1_304' title='bbox 955 3891 995 3901; x_wconf 88' lang='lat'>—</span> <span class='ocrx_word' id='word_1_305' title='bbox 1020 3874 1076 3939; x_wconf 91' lang='lat' dir='ltr'>pro</span> <span class='ocrx_word' id='word_1_306' title='bbox 1101 3849 1165 3927; x_wconf 78' lang='grc' dir='ltr'><em>ἦθος</em></span> <span class='ocrx_word' id='word_1_307' title='bbox 1189 3858 1272 3921; x_wconf 89' lang='lat' dir='ltr'>miro</span> <span class='ocrx_word' id='word_1_308' title='bbox 1296 3857 1344 3920; x_wconf 90' lang='lat' dir='ltr'>iu·</span> 
     </span>
     <span class='ocr_line' id='line_1_34' title="bbox 152 3958 415 4045; baseline -0.008 -21"><span class='ocrx_word' id='word_1_309' title='bbox 152 3958 235 4025; x_wconf 89' lang='lat' dir='ltr'>dicio</span> <span class='ocrx_word' id='word_1_310' title='bbox 258 3959 415 4045; x_wconf 82' lang='lat' dir='ltr'>probarit.</span> 
     </span>
    </p>
   </div>
   <div class='ocr_carea' id='block_1_4' title="bbox 150 4167 1341 4473">
    <p class='ocr_par' dir='ltr' id='par_1_4' title="bbox 150 4167 1341 4473">
     <span class='ocr_line' id='line_1_35' title="bbox 194 4167 1341 4248; baseline 0.001 -13"><span class='ocrx_word' id='word_1_311' title='bbox 194 4193 235 4248; x_wconf 73' lang='lat' dir='ltr'>y,</span> <span class='ocrx_word' id='word_1_312' title='bbox 260 4167 313 4235; x_wconf 83' lang='grc'>38.</span> <span class='ocrx_word' id='word_1_313' title='bbox 346 4168 475 4235; x_wconf 74' lang='grc' dir='ltr'><em>Κιθεοινε</em></span> <span class='ocrx_word' id='word_1_314' title='bbox 507 4171 570 4236; x_wconf 70' lang='grc' dir='ltr'>ἀπὸ</span> <span class='ocrx_word' id='word_1_315' title='bbox 600 4175 654 4235; x_wconf 85' lang='grc' dir='ltr'>τοῦ</span> <span class='ocrx_word' id='word_1_316' title='bbox 686 4177 757 4242; x_wconf 66' lang='lat' dir='ltr'>»eoa</span> <span class='ocrx_word' id='word_1_317' title='bbox 792 4170 1027 4248; x_wconf 64' lang='lat' dir='ltr'>assuescendo</span> <span class='ocrx_word' id='word_1_318' title='bbox 1065 4172 1130 4236; x_wconf 79' lang='grc' dir='ltr'><em>ἐστι</em></span> <span class='ocrx_word' id='word_1_319' title='bbox 1156 4176 1210 4236; x_wconf 84' lang='grc' dir='ltr'>τοῦ</span> <span class='ocrx_word' id='word_1_320' title='bbox 1235 4171 1341 4238; x_wconf 70' lang='lat' dir='ltr'>adeor.</span> 
     </span>
     <span class='ocr_line' id='line_1_36' title="bbox 150 4269 1341 4362; baseline 0.004 -22"><span class='ocrx_word' id='word_1_321' title='bbox 150 4275 256 4362; x_wconf 81' lang='grc' dir='ltr'><strong>(ΗΜ).</strong></span> <span class='ocrx_word' id='word_1_322' title='bbox 280 4277 343 4342; x_wconf 84' lang='lat' dir='ltr'>Pro</span> <span class='ocrx_word' id='word_1_323' title='bbox 366 4278 461 4342; x_wconf 77' lang='grc' dir='ltr'><em>κιθατι</em></span> <span class='ocrx_word' id='word_1_324' title='bbox 488 4284 599 4359; x_wconf 61' lang='lat' dir='ltr'>,resq</span> <span class='ocrx_word' id='word_1_325' title='bbox 625 4269 638 4341; x_wconf 82' lang='grc' dir='ltr'><em>θ</em></span> <span class='ocrx_word' id='word_1_326' title='bbox 663 4277 806 4354; x_wconf 83' lang='grc' dir='ltr'><em>οηροοιένει</em></span> <span class='ocrx_word' id='word_1_327' title='bbox 832 4277 866 4341; x_wconf 76' lang='grc' dir='ltr'>τὸ</span> <span class='ocrx_word' id='word_1_328' title='bbox 890 4278 987 4357; x_wconf 74' lang='grc' dir='ltr'><em>δέρμα</em></span> <span class='ocrx_word' id='word_1_329' title='bbox 1008 4277 1042 4342; x_wconf 89' lang='grc' dir='ltr'>Η</span> <span class='ocrx_word' id='word_1_330' title='bbox 1061 4278 1172 4344; x_wconf 75' lang='lat' dir='ltr'>recte.”</span> <span class='ocrx_word' id='word_1_331' title='bbox 1196 4278 1341 4345; x_wconf 78' lang='lat' dir='ltr'>Neriene</span> 
     </span>
     <span class='ocr_line' id='line_1_37' title="bbox 150 4383 1340 4473; baseline 0.003 -23"><span class='ocrx_word' id='word_1_332' title='bbox 150 4383 282 4473; x_wconf 89' lang='lat' dir='ltr'>quidem</span> <span class='ocrx_word' id='word_1_333' title='bbox 306 4385 370 4448; x_wconf 90' lang='lat' dir='ltr'>nisi</span> <span class='ocrx_word' id='word_1_334' title='bbox 389 4384 520 4451; x_wconf 89' lang='lat' dir='ltr'>obscure</span> <span class='ocrx_word' id='word_1_335' title='bbox 543 4384 666 4450; x_wconf 84' lang='lat' dir='ltr'>dictum</span> <span class='ocrx_word' id='word_1_336' title='bbox 690 4391 748 4450; x_wconf 88' lang='lat' dir='ltr'>est.</span> <span class='ocrx_word' id='word_1_337' title='bbox 771 4384 945 4469; x_wconf 79' lang='lat' dir='ltr'>Aliquanto</span> <span class='ocrx_word' id='word_1_338' title='bbox 968 4388 1087 4451; x_wconf 90' lang='lat' dir='ltr'>rectius</span> <span class='ocrx_word' id='word_1_339' title='bbox 1110 4386 1243 4452; x_wconf 85' lang='lat' dir='ltr'>tortasse</span> <span class='ocrx_word' id='word_1_340' title='bbox 1262 4388 1340 4453; x_wconf 72' lang='lat' dir='ltr'>erite</span> 
     </span>
    </p>
   </div>
   <div class='ocr_carea' id='block_1_5' title="bbox 0 0 1497 4950">
    <p class='ocr_par' dir='ltr' id='par_1_5' title="bbox 0 0 1497 4950">
     <span class='ocr_line' id='line_1_38' title="bbox 0 0 1497 4950; baseline 0 0"><span class='ocrx_word' id='word_1_341' title='bbox 0 0 1497 4950; x_wconf 95' lang='lat' dir='ltr'> </span> 
     </span>
    </p>
   </div>
  </div>
 </body>
</html>
