2978 4950
725 204 767 280 85

143 402 251 472 dubie
279 402 456 467 Aristarchi
485 403 776 489 interpretationem
800 409 941 479 secutus,
967 410 1003 468 ut
1026 403 1256 470 Aristonieeam
1283 426 1336 470 no·

145 523 227 579 tum
247 511 415 574 conferenti
433 511 574 593 patebit,
594 509 738 575 confudit
753 513 790 575 de
810 531 897 575 more
918 508 1098 596 Hesychius
1112 518 1149 590 (s.
1163 532 1194 576 v.
1209 510 1334 598 κλητός)

145 616 361 685 recentiorum
389 618 648 700 pronunciatione
671 617 703 680 in
726 636 863 682 errorem
887 616 1045 681 inductus.
1073 611 1097 700 ¹)
1123 654 1165 664 -
1189 643 1229 693 μ,
1257 616 1333 684 279.

149 731 212 813 (ex
229 720 292 808 BQ)
316 722 478 801 σχέτλττςε
506 723 690 802 καρτερικός,
715 723 878 794 erectore.
904 726 970 788 xci
995 724 1024 787 ἐν
1043 723 1152 788 Ἰλιάδι
1167 723 1334 804 »σχέτλιός

152 835 239 904 ἔστι,
267 829 392 908 γεραιέ,
424 828 462 894 σὺ
494 829 551 904 μὲν
582 829 671 894 τόνου
702 832 811 895 οὔποτε
844 830 981 908 λήρεις.”
1004 838 1060 909 (Κ,
1092 828 1181 911 164.)
1209 867 1250 878 -
1276 829 1335 894 Est

153 947 259 1005 tamen
281 935 333 1000 vel
356 936 389 1000 in
414 934 464 1001 his
491 935 570 1002 locis
593 957 675 1000 unus
699 943 730 1001 et
754 936 851 1014 alter,
876 938 932 1001 nbi
955 940 993 1008 ὠς
1014 958 1108 1023 aegre
1132 938 1239 1001 abesse
1263 956 1334 1001 sen·

156 1046 253 1108 timus
292 1050 324 1106 et
360 1040 515 1108 Codicum
551 1043 709 1108 dissensus
744 1046 966 1108 auctoritatem
1002 1064 1112 1108 eorum
1147 1043 1334 1116 labefactet,

159 1147 241 1233 quod
259 1154 289 1212 et
313 1151 348 1213 in
371 1168 408 1213 eo
433 1152 621 1233 usuvenit,
647 1171 740 1234 quem
765 1153 906 1235 primurn
931 1150 1153 1223 exhibuimus,
1179 1161 1211 1213 et
1231 1151 1336 1236 magis

162 1257 251 1317 etiam
279 1256 312 1317 in
341 1275 396 1333 ec,
429 1255 468 1320 de
500 1277 562 1340 quo
593 1278 676 1320 nunc
704 1277 814 1320 sumus
839 1258 948 1320 acturi.
997 1256 1049 1321 Ad
1074 1259 1107 1340 t,
1133 1254 1216 1332 692,
1241 1254 1335 1319 ἄλλον

165 1361 190 1422 τ’
223 1358 368 1440 ἕχθτιίρρττ
400 1362 527 1440 βροτῶν,
561 1360 656 1427 ἄλλον
688 1386 721 1425 κε
745 1364 850 1439 <praesb
875 1374 922 1426 est
945 1364 978 1424 in
1001 1362 1128 1441 BEPQ:
1153 1361 1277 1439 βέλτιον
1301 1363 1336 1425 τὸ

168 1465 217 1538 ,ἐν
235 1466 328 1546 iiiuc?
354 1468 450 1553 (quod
470 1469 668 1553 praecedenti
689 1489 781 1534 versu
801 1468 934 1556 legitur)
951 1476 1013 1540 τοῖς
1034 1467 1094 1531 ἄνω
1116 1468 1335 1548 τροτδίδοσθτιι.

167 1572 198 1633 τὸ
228 1572 253 1636 δὲ
282 1574 493 1654 ,,ἕχθριίρ·ρσιν”
525 1577 560 1661 (-
579 1578 657 1657 ppos)
692 1576 758 1638 cieri
783 1583 836 1639 τοῦ
862 1576 1050 1656 ἐχθαίρῃ,
1077 1576 1142 1639 real
1167 1576 1201 1639 τὸ
1227 1574 1336 1653 „tector

168 1670 195 1744 ἷς
224 1703 252 1741 κε
280 1679 425 1760 Φάγρτι”
455 1683 506 1765 (Φ,
534 1680 622 1768 127),
656 1682 724 1745 ἀντὶ
761 1686 813 1744 τοῦ
838 1681 965 1762 Quippe.
1012 1682 1160 1746 Primum
1183 1703 1257 1746 cum
1282 1701 1338 1765 pro

168 1782 228 1844 rat
259 1787 289 1849 τὸ
324 1786 379 1850 ΒΡ
411 1789 580 1872 praebeant
612 1787 703 1867 πρὸς
737 1790 791 1865 τὸ,
824 1788 907 1872 quod
938 1779 1074 1853 hicnon
1099 1791 1203 1874 magis
1226 1795 1339 1872 aptum

104 1930 106 1978 5
168 1894 224 1964 est,
255 1895 285 1957 in
307 1894 423 1958 horum
447 1880 592 1959 bmnium
617 1895 788 1981 archetypo
812 1893 896 1981 sigla
919 1894 1015 1959 fuisse
1041 1902 1188 1981 apparet,
1212 1916 1251 1959 ex
1274 1915 1336 1978 qua

104 2082 106 2091 Ι
167 2010 234 2058 turn
261 2020 320 2064 non
349 2002 514 2066 commode
545 2002 611 2089 legi
643 2008 765 2087 poterat
796 2021 867 2085 pars
898 2001 1072 2065 scribarum
1103 2001 1153 2064 zet
1179 2000 1335 2078 fecerunt,

166 2113 231 2177 Pars
252 2109 361 2189 τρὸς,
384 2127 459 2184 nos,
484 2114 589 2173 nostro
613 2108 681 2172 iure
705 2106 852 2192 copulam
877 2111 960 2172 certe
983 2108 1215 2191 improbantes,
1245 2090 1339 2171 unice

164 2215 365 2277 necessarum
388 2216 433 2284 ὡς
454 2235 609 2278 eruemus.
636 2213 702 2279 Our
721 2219 827 2279 autem
848 2216 939 2278 unice
962 2210 1194 2279 necessarium?
1215 2212 1338 2277 Dicam.

164 2303 249 2380 Prior
278 2317 398 2383 Scholii
423 2341 504 2403 pars
541 2319 677 2404 (βέλτιον
818 2320 1039 2404 τρτσδίδοσθαι)
1073 2319 1238 2384 Nicanoris
1273 2340 1340 2383 esse

164 2415 262 2495 Palam
292 2432 348 2490 cst.
397 2425 483 2505 Quae
514 2432 706 2512 sequuntur:
737 2429 772 2491 τὸ
804 2429 836 2491 δὲ
868 2427 1045 2506 ,,ε’χθτιίρρσι
1076 2440 1143 2490 κτλ.
1170 2426 1341 2491 Aristonici

164 2532 230 2590 sunt
265 2537 468 2617 spectantque
504 2532 611 2618 diplen
646 2533 835 2597 Aristarchi.
882 2532 973 2598 Unde
1007 2534 1065 2598 hoc
1108 2535 1181 2597 sciri
1223 2535 1339 2616 possit,

163 2630 267 2700 stetim
302 2639 476 2722 apparebit.
512 2638 572 2705 Sed
608 2642 696 2724 prius
729 2661 863 2724 quaero,
897 2661 954 2704 eur
981 2641 1109 2704 tandem
1133 2642 1159 2703 si
1184 2639 1339 2718 ἐχθαίρῃσι

164 2732 262 2807 valeat
295 2745 421 2825 ἐχθαίρῃ
457 2746 661 2810 Aristarchus
696 2767 763 2810 rem
806 2745 1121 2833 pervulgatissimum
1154 2744 1341 2829 explicuerit
1433 2816 1434 2819 Ἴ

163 2836 293 2934 a‘leoque
316 2850 463 2936 exemplo
487 2849 730 2917 confirmaverit.
779 2852 907 2917 Poterat
928 2858 1073 2916 sexcenta
1097 2850 1173 2915 talia
1193 2851 1339 2915 excitare.

162 2936 212 3011 Sed
249 2959 372 3043 scripsit
400 2957 600 3023 Aristonicus
630 2960 712 3042 quod
737 2960 938 3024 Aristarchus
961 2960 1123 3023 voluerat:
1150 2958 1183 3020 τὸ
1202 2957 1238 3020 ’δὲ
1266 2958 1339 3036 „ix-

159 3161 198 3219 oi
230 3169 380 3250 φάγοι,
406 3173 439 3235 in
463 3172 670 3256 quibuscum
695 3170 860 3236 Palatinus
883 3171 1030 3255 praebeat
1053 3170 1198 3253 ἑχόκίροι,
1219 3191 1341 3236 omnes-

158 3278 207 3343 l¹¹0
239 3282 277 3339 ut
299 3277 426 3342 videtur
449 3275 568 3354 Φάγοι,
589 3277 821 3354 Buttmannus‚
843 3280 902 3341 etei
921 3277 1111 3352 dubitanter,
1130 3275 1212 3361 quod
1227 3297 1339 3340 verum

157 3378 193 3431 til
240 3384 385 3460 retinuit,
423 3381 604 3447 Dindcrfius
636 3387 669 3447 in
700 3386 790 3468 peius
808 3385 971 3448 'mutavit
1019 3384 1222 3447 Aristarchus
1254 3385 1340 3446 enim

156 3475 345 3553 quibusdam
381 3491 415 3552 in
449 3488 527 3553 locis
561 3489 766 3555 Homericam
801 3490 946 3576 linguam
977 3513 1009 3551 κε
1039 3510 1113 3552 cum
1137 3489 1339 3553 coniunctivo

155 3573 271 3658 habere
303 3595 358 3661 ubi
393 3597 547 3660 recentior
588 3595 699 3683 lingua
738 3599 917 3681 optativum
958 3617 1029 3659 curn
1069 3593 1106 3658 civ
1150 3595 1340 3658 desideraret

154 3698 332 3786 mutescit,
369 3723 406 3766 eo
440 3703 625 3786 praesertim
660 3702 790 3778 consiliu
826 3708 862 3767 ut
892 3701 965 3766 hinc
996 3700 1153 3766 stabiliret
1185 3721 1275 3764 suain
1301 3699 1338 3764 dc

154 3866 324 3898 *N-

179 3996 205 4054 Ῑ)
233 4010 341 4066 Plotius:
361 4012 481 4071 κλῦτος
495 4016 553 4077 (sict
569 4011 640 4075 δτξττ,
655 4016 684 4065 sd
698 4031 757 4080 quae
768 4014 889 4064 Nebcrus:
907 4015 1002 4064 „Glossa
1012 4015 1108 4064 mutila:
1122 4015 1179 4064 latet
1189 4010 1340 4080 κλυτοτόξῳ,

152 4076 182 4124 ”l
207 4091 293 4145 sinite
310 4098 393 4162 qnid''.
430 4099 484 4147 h'uit
500 4115 554 4148 cum
572 4100 740 4162 huncquoque
757 4098 857 4162 glossam
875 4099 904 4145 ad
921 4115 948 4146 ce
968 4098 1101 4154 traherem,
1120 4099 1147 4146 de
1166 4099 1252 4162 quibus
1269 4116 1340 4164 supra

153 4164 298 4236 thennim
335 4189 356 4236 N
361 4205 405 4237 nnc
427 4189 595 4254 simpliciorem
612 4191 752 4239 medicinam
770 4190 888 4255 praefero:
907 4186 1043 4243 κλυτός·
1064 4184 1208 4248 ἔνδοξος,
1227 4197 1252 4238 ut
1270 4207 1339 4254 erpo·

155 4254 222 4308 ”illst
250 4274 271 4323 in
296 4277 477 4342 Etymologicis,
503 4283 639 4343 spectatque
666 4280 721 4328 baec
747 4281 824 4343 glossa
852 4279 978 4327 Homerica
1001 4280 1051 4327 illu:
1072 4279 1160 4335 κλυτὸς
1180 4277 1340 4340 Ἱπποδάμεια

158 4341 190 4400 (Βι
213 4351 278 4427 Ὴὲὶ)
295 4369 318 4413 et
335 4367 424 4422 κλυτὸς
445 4362 595 4430 Ἀμφιτρίτη
617 4367 656 4430 (ε,
673 4369 739 4427 422),
759 4368 797 4416 ubi
816 4367 916 4415 videnda
933 4367 1034 4416 Scholia.
