2978 4950
659 219 701 291 91

84 410 118 480 ἐν
141 415 318 495 ίανμασμῷ
338 413 541 496 ἀνεφώνησεν,
561 415 617 496 (ὡς
644 413 721 499 καὶ)
743 409 800 488 ,ἀς
821 415 848 476 κ’
870 413 925 489 ἐμὲ
945 413 996 477 τὸν
1017 412 1175 488 δύσσηνον”
1191 429 1272 489 κτον,

77 543 165 608 quae
200 543 257 587 our
288 521 460 586 exciderint
489 519 595 605 palam
628 533 685 584 est.
717 518 810 584 Nunc
839 519 879 584 ed
901 517 976 584 libri
1000 519 1129 584 secundi
1154 518 1274 584 scholia

72 628 186 696 redeo.

129 854 171 932 β,
200 854 253 920 15.
278 864 355 920 σοῖσι
381 854 409 919 δ’
435 855 528 919 ἔπειθ’
553 853 624 932 ἥρως
650 854 821 931 Αἰγύπτιος
847 848 917 934 ἦρχ’
941 855 1107 932 ἀγορεύειν.
1146 855 1193 920 De
1216 854 1274 920 hoo

67 959 216 1027 Scholia
250 965 285 1026 in
318 961 463 1041 EHMQ:
500 963 621 1030 εἰκότως
652 963 827 1040 δημηγορεῖ.
863 959 939 1024 δέδιε
967 962 1029 1041 γάρ
1060 959 1185 1042 ἀμφω
1217 963 1275 1024 σῶν

69 1066 221 1142 παίδων,
258 1074 325 1132 τοῦ
360 1069 432 1145 μέν
466 1077 505 1148 τῇ
537 1068 690 1151 ἀπονοίρι,
722 1072 788 1131 τοῦ
821 1067 860 1130 δὲ
891 1076 929 1148 τῇ
966 1066 1094 1150 ἀταξίρι.
1141 1069 1183 1133 At
1216 1068 1276 1131 hoo

65 1174 263 1240 absurdum
293 1181 357 1252 est3
391 1175 508 1239 metuit
538 1173 720 1261 Aegyptius
743 1194 805 1238 non
829 1174 953 1250 liberor,
978 1174 1032 1239 sed
1055 1175 1175 1238 liberie:
1199 1175 1275 1238 δέδιε

63 1285 150 1363 γὰρ
183 1284 300 1367 (περὶ)
326 1283 482 1361 ἀμφοῖν
506 1287 591 1344 σοῖν
615 1279 781 1344 παίδοιν
805 1278 885 1362 (vel,
910 1282 938 1342 si
962 1280 1022 1345 hoc
1045 1282 1143 1343 nimis
1168 1279 1276 1343 Attice

69 1389 212 1455 «lictum
237 1386 381 1463 videtur,
408 1382 497 1464 περὶ
523 1386 758 1464 ἀμφοτέραν
777 1390 836 1448 σῶν
858 1387 996 1470 παίδων),
1014 1385 1068 1450 sed
1087 1387 1277 1469 praepositio

63 1495 195 1561 abesse
225 1496 356 1579 nequit,
389 1514 464 1558 nam
495 1494 540 1556 sic
572 1491 703 1556 demum
736 1497 767 1555 et
798 1493 954 1556 sententia
984 1493 1061 1556 bene
1094 1491 1223 1556 habebit
1247 1497 1278 1557 et
1338 1540 1343 1553 .

61 1608 253 1688 sequentes
275 1602 419 1688 genetivi
441 1604 495 1664 σοῦ
519 1599 576 1674 μέν
602 1637 641 1645 -
668 1603 720 1662 σοῦ
744 1597 786 1664 δέ.

135 1815 170 1894 β.
203 1812 258 1880 20.
294 1815 346 1879 τὸν
381 1813 406 1877 δ’
443 1812 654 1898 (Antiphum‚
691 1815 845 1900 Aegyptii
880 1812 996 1899 filium)
1029 1812 1133 1894 ἀνριος
1168 1812 1278 1879 ἔκτανε

71 1924 229 2000 ’Κύκλωψ
270 1933 287 2004 Η
322 1922 352 1984 ἕν
386 1928 461 1994 σπῆι
496 1921 664 2001 γλαφυρῷ,
702 1923 846 1996 πύματον
881 1924 908 1986 δ’
944 1923 1123 1986 ὡπλίσσατο
1161 1921 1275 1998 δόρπον.

72 2030 176 2096 licio
209 2035 258 2094 est
290 2027 329 2092 ad
361 2023 505 2101 πύματον
535 2027 569 2089 in
600 2024 714 2105 HMQ:
748 2024 808 2090 ίσι
834 2026 926 2108 σάχοι
951 2029 1117 2107 ἐτιμωρήθη
1142 2027 1276 2092 ἀπὸτοῦ

69 2134 264 2208 Ὀδυσσέως
296 2134 348 2197 καί
380 2132 478 2197 οὐκέτι
509 2129 659 2209 ἀνίρωπον
688 2131 822 2213 ἔφαγεν.
848 2135 864 2209 ἢ
889 2138 939 2198 σὸν
965 2133 994 2197 ἕν
1017 2132 1105 2209 πάξει
1130 2132 1275 2214 ἔσχατον.

81 2247 114 2320 ³¹7
136 2245 295 2324 έπιφοινῶν
319 2245 408 2306 τοῦτο
426 2241 519 2319 (έπιφ
531 2247 629 2303 ανῶν
652 2246 771 2305 σοῦσον
791 2240 817 2320 Q
838 2241 996 2306 tralaticio
1015 2242 1142 2326 mendo)
1155 2241 1278 2321 εἴρηκεν.
1398 2273 1399 2276 “

77 2348 194 2416 Panlo
207 2348 270 2414 elio
283 2355 314 2414 et
326 2347 456 2413 meliore
468 2347 575 2412 ordine
587 2347 696 2411 eedem
709 2346 862 2434 leguntur
872 2350 905 2412 in
917 2347 1053 2413 Scholiie
1065 2348 1226 2436 Vulgatis,
1241 2370 1279 2413 ex

81 2455 281 2530 {huetathim
311 2461 350 2519 ut
380 2451 543 2518 Dindorfio
574 2450 693 2537 placet.
716 2452 935 2539 interpolatis,
960 2455 1043 2520 unde
1067 2461 1174 2520 tamen
1199 2456 1279 2520 nihil

84 2563 231 2648 :impedit
249 2563 418 2646 quominus
433 2555 562 2625 anteiri
576 2562 609 2623 in
620 2562 712 2625 initio
724 2563 823 2624 nostri
836 2563 1012 2626 inseramus
1024 2562 1099 2645 ἤτοι,
1113 2565 1170 2646 (ita
1183 2569 1214 2628 et
1227 2562 1280 2649 B),

89 2668 178 2753 quod
197 2688 272 2733 enm
293 2670 379 2752 optio
396 2669 480 2730 inter
497 2672 560 2731 trce
571 2668 846 2751 interpretationes
858 2667 950 2732 detur
961 2689 1058 2752 paene
1071 2673 1281 2734 necessarium

98 2780 159 2852 eet,
183 2774 260 2853 (ἤτοι
286 2811 327 2821 -
353 2773 370 2848 ἤ
397 2810 437 2822 -
463 2774 494 2857 ἢ)
518 2777 550 2837 et
573 2777 647 2837 ante
669 2769 713 2836 ίσι
734 2773 827 2838 facile
846 2793 864 2838 a
883 2773 1012 2839 librario
1030 2776 1136 2839 omitti
1148 2781 1282 2861 poteret.

96 2879 144 2946 De
165 2877 397 2968 significatione
420 2878 509 2944 verbi
530 2881 710 2959 ἐπιφωνεῖν,4
724 2879 806 2963 quod
825 2879 878 2945 hio
898 2880 982 2944 κασά
1003 2879 1156 2961 πρόληψιν
1178 2882 1282 2959 λέγειν

100 2987 249 3052 eivalere
268 2985 404 3068 videtur,
425 2984 641 3050 Buttmannns
658 2984 777 3048 confert
795 2984 934 3050 similem
955 3007 1049 3050 usum
1076 2994 1282 3074 cognatorum

101 3094 266 3159 verborum
290 3095 462 3170 ἀναφωνεῖν
486 3096 518 3155 et
541 3099 769 3169 προαναφωνεῖν
794 3091 833 3156 od
856 3115 893 3168 α,
924 3092 1001 3169 154;
1029 3093 1065 3170 β,
1092 3093 1174 3171 127;
1198 3093 1281 3173 367;

103 3198 175 3283 284,
199 3198 282 3283 qnod
306 3197 454 3263 Scholion
477 3218 515 3260 ex
539 3195 565 3260 V
589 3200 693 3262 nescio
713 3219 774 3282 qus
792 3198 830 3262 de
850 3219 944 3264 censa
963 3202 1072 3264 omisit
1086 3198 1283 3277 Dindorfins3

102 3332 138 3384 η,
159 3304 235 3372 270.
261 3304 419 3391 Equidem
443 3305 559 3385 ἐπέχω.

145 3519 178 3597 β.
204 3517 258 3582 40.
282 3515 491 3582 Telemachus
514 3517 691 3602 Aegyptio:
710 3513 764 3580 τΩ
789 3516 892 3595 γέρον,
919 3519 979 3599 οὐχ
1003 3518 1075 3589 iader
1101 3516 1185 3592 οὗτος
1210 3522 1283 3601 ἀνηρ

106 3661 141 3673 -
164 3623 258 3702 σάχιο
291 3620 319 3686 δ’
351 3623 447 3686 είσεοιι
478 3622 570 3693 αὖτίς
595 3659 637 3670 -
673 3630 690 3702 Ι)
725 3615 755 3695 ἀς
787 3626 863 3688 λοιδν
896 3623 1015 3704 ἤγειρα.
1063 3624 1211 3691 Scholion
1244 3628 1284 3693 ad

105 3729 192 3796 heco:
217 3730 280 3794 ἀπὸ
306 3733 358 3793 τοῦ
383 3733 484 3808 καιροῦ
509 3729 675 3802 πεποίησαι
698 3730 753 3801 rio
778 3778 878 3793 .....
902 3734 940 3801 ὡς
966 3732 1133 3804 Ὀδυσσεὺς
1155 3734 1184 3797 ἕν
1205 3743 1243 3815 τῇ
1266 3758 1286 3798 π

108 3835 154 3921 (ll.
179 3845 220 3920 T,
245 3835 325 3921 215)
348 3836 400 3900 καὶ
426 3835 581 3911 Διομήδης
605 3837 636 3900 ε’ν
658 3846 696 3916 τῇ
721 3834 749 3911 ξ.
775 3836 827 3915 (Il.
854 3847 892 3913 Ξ,
916 3837 1004 3919 110.)
1027 3837 1154 3904 Lacuna
1176 3843 1209 3905 in
1228 3839 1285 3906 HS

108 3942 303 4008 dissimulata
336 3945 368 4006 in
405 3942 441 4007 M
468 3942 607 4007 indicate
636 3948 703 4019 est,
737 3945 782 4007 sic
814 3942 983 4028 explenda:
1017 3945 1080 4008 ἀπὸ
1105 3951 1158 4009 τοῦ
1183 3952 1285 4027 καιροῦ

109 4051 268 4125 πεποίηται
292 4051 347 4123 την
372 4047 455 4132 (apd
463 4073 477 4129 ρ
486 4050 610 4134 ρησιν)
635 4050 672 4121 ὠς
699 4049 867 4123 Ὀδυσσεύς
895 4067 965 4115 κτλ.
991 4048 1017 4135 1)
1040 4052 1190 4137 Inprimis
1215 4061 1287 4140 apte

118 4205 256 4216 ——n——n

140 4298 164 4364 l)
182 4300 257 4350 Ponlc
278 4300 349 4349 aliter
371 4300 472 4350 (lobeton
495 4299 625 4368 (Mnemoa.
645 4303 676 4352 N.
695 4303 718 4349 S.
739 4301 792 4350 Vol.
810 4301 869 4361 VII,
892 4302 956 4354 leto
976 4304 1287 4372 ρ.426),ηιι1σι)νπαρ-

114 4387 186 4444 ρησίαν
201 4389 301 4439 meruit.
