2978 4950
710 194 774 282 ιοθ

144 411 220 468 nam
238 406 294 468 aut
311 401 369 469 hoc
393 403 526 469 verbum
551 425 590 468 ex
613 409 759 488 corrupto
779 402 940 484 λογίζεται
961 383 1214 488 exsculpendum
1223 397 1298 476 esi,-

144 513 229 575 rccte
251 511 406 595 scriptum
430 512 464 575 in
487 509 662 576 Aristonici
684 517 759 576 nota
783 510 823 575 ad
849 519 895 585 Ο,
921 509 1004 575 161:
1031 505 1076 573 ότι
1105 510 1164 588 αφ’
1187 507 1298 572 ἑαυτοῦ

147 615 465 688 Ζεὺςτθρνθόλασσαν
486 617 575 683 δῖαν
599 617 883 697 εἴρηκεν-κου
901 616 1167 696 εἷκονθζεται.
1191 612 1231 677 In
1250 633 1298 699 prr

145 724 300 807 positione
318 724 370 788 rie
388 725 486 789 maris
506 723 668 809 epitheton
686 724 738 789 δῖα
749 722 847 788 latere
860 725 982 789 nemini
995 722 1131 787 dubium
1142 741 1214 795 esse¹
1223 727 1298 805 pote

191 933 236 1014 β,
261 933 339 1002 270.

281 1040 468 1128 Τηλέμαχ’,
491 1042 553 1108 οὐδ’
576 1040 677 1109 όπιθεν
700 1043 794 1116 κακός
820 1042 924 1109 ἔσσεαι
949 1041 1011 1109 οὐδ’
1036 1043 1195 1120 ἀνοήμων,

282 1150 308 1213 sl
332 1149 368 1224 δή
392 1173 436 1215 τοι
460 1155 513 1214 σοῦ
541 1149 656 1229 πατρὸς
682 1148 866 1216 ἐνέστακται
892 1150 980 1228 μένος
1006 1149 1067 1226 ἠΰ,
1093 1164 1161 1214 κτλ.

147 1253 250 1321 Verba
279 1255 357 1321 haec
382 1259 540 1324 Minervae
564 1256 603 1322 ad
626 1256 855 1322 Telemachum
878 1263 1059 1343 precantem
1083 1259 1131 1320 ita
1153 1253 1298 1340 paraphr

146 1360 339 1426 redduntur:
364 1370 608 1442 προτρεπτικῶς,
633 1366 672 1436 ὡς
697 1364 765 1444 περὶ
789 1367 844 1437 τὴν
864 1363 1031 1437 ἐκκλησίαν
1055 1362 1214 1442 ἐμφρόνως
1235 1362 1298 1426 διαι

147 1465 299 1544 θειμθνον·
332 1466 397 1533 οὐδὲ
429 1467 549 1549 ὕστερον
579 1469 673 1541 κακός
704 1469 774 1551 inp,
805 1471 829 1534 ri
862 1469 1032 1541 Ὀδυσσθως
1066 1476 1141 1539 παῖς
1165 1467 1298 1546 τυγχιθν

148 1573 200 1638 καὶ
223 1582 278 1648 τῆς
303 1572 448 1657 πατρῴας
472 1579 587 1655 σπορᾶς
612 1576 696 1655 ἔχεις
721 1599 751 1639 τι
774 1576 944 1654 σύμβολον.
969 1575 1021 1642 sic
1045 1579 1129 1640 recte
1147 1573 1214 1654 QV.
1239 1572 1298 1638 Par

147 1681 253 1765 peiore
276 1681 384 1746 ordine
406 1681 517 1747 cadem
541 1682 658 1748 habent
682 1681 705 1747 S
728 1681 768 1767 (Τ
793 1719 834 1731 -
855 1682 939 1768 App.
964 1703 996 1768 p.
1022 1679 1087 1748 742
1111 1684 1207 1744 -et
1230 1677 1287 1757 H,

147 1787 304 1872 videtur),
331 1791 508 1874 corruptius
532 1808 656 1874 quoqne
679 1791 809 1874 scripta,
831 1809 910 1874 qnae
929 1788 1060 1854 fortasse
1086 1806 1182 1851 causa
1203 1784 1270 1850 fuit
1289 1804 1298 1850 ι

147 1892 188 1961 ed
218 1894 317 1973 imam
342 1896 494 1982 paginam
519 1894 777 1960 detruderentur:
800 1895 866 1959 οὐδὲ
892 1893 1013 1974 ὕστερον
1037 1893 1131 1964 κακός
1156 1890 1227 1969 ἔστι·
1254 1892 1298 1956 οὒ

147 1997 246 2079 όμοιος
270 2002 312 2080 τῷ
335 2000 428 2079 πατρὶ
453 2009 528 2074 παῖς
553 2000 774 2081 τυγχάνων
799 2003 850 2066 καὶ
873 2012 927 2076 τῆς
949 1997 1095 2081 πατρῴας
1116 2002 1235 2078 σπορῖις
1256 1995 1298 2080 lx

148 2130 177 2173 τι
203 2106 378 2185 σύμβολον·
402 2107 437 2171 τό
460 2109 526 2174 οὐδὲ
548 2107 646 2172 όπιθεν
671 2115 913 2189 προτρεπτικῶς,
939 2111 976 2178 ὡς
1001 2107 1068 2186 περὶ
1093 2107 1148 2179 τὴν
1170 2105 1298 2179 ἐκκλκσ.

148 2213 307 2294 ἐμφρόνως
340 2212 639 2290 διατιθεμένου.
671 2214 774 2280 Verba
810 2220 884 2279 eunt
916 2235 1042 2299 prorsus
1079 2212 1191 2278 eadem
1225 2232 1264 2277 ac

147 2325 270 2409 guntur
299 2321 333 2384 in
357 2320 426 2400 QV,
451 2323 560 2406 itaque
582 2323 756 2407 scripturae
780 2324 861 2388 vitia
885 2324 953 2386 sine
977 2319 1044 2386 ullo
1068 2321 1198 2407 negotio
1224 2316 1298 2384 colli

147 2440 212 2492 tur.
243 2426 315 2492 Non
344 2427 464 2493 fuerat:
494 2429 581 2494 οὐδὲ
614 2425 712 2504 όμοιος
736 2453 766 2493 τ.
790 2451 824 2492 τ.
849 2437 925 2498 παῖς
948 2426 1182 2506 τυγχάνων,
1212 2427 1298 2510 opha

148 2532 203 2598 sed
226 2533 258 2597 εἰ
284 2531 326 2606 δὴ
351 2528 450 2610 ὅμοιος
474 2559 505 2599 τ.
531 2558 565 2598 π.
589 2543 664 2607 παῖς
689 2533 940 2614 τυγχάνεις,
964 2554 1067 2618 neque
1091 2533 1186 2612 ε’μφρ.
1213 2531 1298 2596 διατι

148 2638 256 2718 μόνου,
288 2639 342 2705 sed
376 2639 530 2722 ἐμφρόνως
560 2641 881 2716 διατεθειμένον.
928 2640 1087 2724 Descripsi
1111 2643 1221 2704 autem
1247 2625 1298 2703 hec

147 2766 210 2812 non
233 2746 317 2832 quod
341 2745 418 2812 talia
440 2748 596 2835 corrigere
620 2754 675 2814 aut
699 2751 809 2836 magni
833 2746 988 2812 momenti
1012 2752 1067 2810 aut
1091 2746 1204 2832 magni
1227 2744 1298 2811 labt

149 2852 240 2930 duco,
261 2852 314 2918 sed
334 2853 417 2938 quod
436 2861 468 2919 et
489 2855 676 2921 mendorum
697 2857 787 2942 origo
808 2860 875 2919 tam
898 2855 1064 2939 perspicua
1088 2858 1135 2917 est
1159 2873 1261 2937 quam
1287 2852 1298 2917 l

148 2962 234 3044 tiva,
267 2965 299 3024 et
327 2961 377 3024 his
401 2982 523 3046 quoque
546 2963 697 3046 probetur
720 2960 802 3046 quod
826 2961 951 3043 saepius
973 2962 1039 3024 iam
1064 2959 1276 3037 adseverari,

149 3065 235 3131 dices
257 3067 418 3132 Parisinus
442 3068 470 3133 D
494 3074 526 3133 et
549 3068 571 3133 S
594 3090 633 3134 er
657 3069 827 3154 archetypo
850 3066 950 3131 codici
974 3063 1147 3130 Harleieno
1172 3066 1296 3133 similli

148 3169 286 3238 fluxisse.
334 3173 417 3239 Nam
448 3176 531 3239 unde
560 3176 688 3241 tandem
721 3175 787 3240 οὐδὲ
819 3192 874 3258 pro
906 3175 931 3236 ri
964 3174 999 3246 et
1031 3177 1144 3235 natum
1168 3179 1298 3257 putemr

148 3276 264 3343 Dicent
292 3277 484 3346 Harleianue
504 3287 536 3349 et
554 3280 828 3368 Hamburgensis,
853 3281 907 3364 qui
931 3285 1002 3363 post
1025 3277 1119 3348 κακὸς
1145 3276 1199 3360 ἔσχ
1224 3281 1298 3348 addi

148 3384 215 3450 οὐδὲ
238 3383 356 3466 ἄφρων,
380 3391 514 3472 optime;
540 3395 588 3453 eet
607 3391 693 3453 enim
713 3388 791 3452 haec
811 3406 935 3472 quoqne
952 3384 1153 3470 paraphrasis
1169 3387 1298 3454 verberi

147 3489 301 3557 Homeri:
326 3492 387 3557 οὐδ’
411 3490 461 3556 όπ.
488 3497 611 3566 κακὸς
636 3493 739 3558 ἔσσεαι
765 3492 825 3556 οὐδ’
849 3492 1045 3567 ἀνοήμων.
1071 3490 1108 3555 In
1131 3490 1153 3556 S
1177 3500 1254 3577 post
1283 3519 1297 3560 ο

147 3595 262 3663 lacuna
289 3603 354 3670 est,
387 3619 482 3683 quam
516 3599 683 3665 Cremerae
714 3601 808 3665 sarsit
831 3598 935 3664 verbis
960 3592 1058 3674 όμοισς
1082 3599 1124 3677 τῷ
1149 3600 1247 3680 πατρὶ
1275 3623 1298 3666 τι

147 3702 279 3788 plendo,
312 3710 397 3770 recte
433 3706 561 3790 quidem
597 3707 636 3771 ad
672 3728 815 3782 sensum,
849 3713 882 3769 at
914 3703 1011 3768 simul
1044 3725 1080 3767 ea
1102 3711 1231 3788 recepta
1254 3726 1297 3792 op

148 3810 237 3874 tebet
256 3830 335 3894 quae
353 3811 386 3875 H
407 3813 606 3898 suppeditat,
628 3818 664 3877 ut
683 3815 764 3878 ratio
785 3809 959 3896 particulae
981 3809 1047 3873 etet
1067 3816 1233 3893 perspecta
1254 3813 1298 3878 for

147 3915 320 3982 Pulchrius
351 3922 449 3984 etiem
480 3920 685 4004 perticipium
717 3918 885 3996 τυγχάνων
915 3922 1027 3981 natum
1060 3921 1127 3993 est,
1163 3938 1283 4004 nempe

149 4020 292 4088 Orameri
316 4026 441 4090 cerebro
462 4027 694 4110 apertissimam
716 4025 906 4089 sententiam
927 4043 1090 4106 perperam
1111 4023 1298 4111 intellegent

149 4130 300 4216 Etenim,
332 4137 480 4196 monente
504 4128 667 4196 Dindorfio
690 4132 723 4194 in
748 4128 947 4193 Praefatione
973 4133 1016 4213 (p.
1040 4137 1134 4215 m),
1160 4132 1298 4214 „pertici

149 4235 317 4315 τυγχόνων
352 4237 464 4302 literae
498 4260 575 4301 ανων
606 4237 761 4300 abscissae
794 4234 895 4308 sunt',
926 4241 958 4298 et
989 4234 1132 4298 multum
1168 4257 1281 4301 vereor

150 4363 291 4433 unquam
314 4343 557 4431 comparuerint.
583 4342 776 4422 Τυγχόνεις,
800 4347 837 4404 ut
861 4340 1017 4418 diximus,
1044 4343 1135 4406 unice
1158 4342 1298 4427 requirit
