2978 4950
670 315 736 382 243

147 504 180 581 δ,
207 503 284 570 309.
336 505 428 570 Parvi
453 509 604 571 momenti
629 527 676 569 res
696 505 890 572 observanda
910 509 1008 574 estin
1028 508 1134 596 glossa
1151 510 1189 576 ad
1207 511 1291 578 hunc

114 632 246 696 orsum,
269 633 326 677 nec
346 621 453 677 tamen
473 633 600 698 prorsus
622 609 829 698 neglegenda.
853 613 903 677 Ad
924 613 1014 680 τοσσὶ
1028 615 1054 679 δ’
1067 614 1124 680 ὑπὸ
1137 625 1291 698 λιπαροῖσι

114 717 143 784 i:
176 727 329 797 στερεοῖς,
358 719 562 798 τοχυτοὶτοιι.
609 718 672 783 Pro
697 717 812 783 ultimo
835 720 991 786 vocabulo
1014 721 1175 798 Nabaros,
1197 745 1228 788 ν.
1249 724 1289 791 cl.

114 829 240 910 oposuit
271 826 355 910 quod
378 846 489 891 verum
514 831 577 889 est:
603 824 835 909 τοιχυτοίτοιο,
862 826 1031 911 (Mnemos.
1055 827 1096 893 N.
1122 828 1154 894 S.
1180 829 1230 895 IV
1258 852 1287 916 p.

114 931 199 1018 .64);
225 941 356 1011 στερεοῖς
381 931 460 996 Maii
480 937 527 996 est
549 951 604 1016 pro
624 930 741 995 codicis
761 929 896 997 lectione
916 942 1042 1012 στεροῖς.
1088 934 1160 1000 Νοιι
1182 941 1287 1002 tamen

114 1039 183 1124 [uod
207 1037 315 1104 Maius
334 1038 461 1103 volebat
480 1037 554 1101 hinc
575 1035 773 1102 efficiendum
795 1043 877 1114 erat,
897 1039 950 1104 sed
964 1043 1069 1126 potius
1088 1050 1289 1121 στερροῖς,

114 1165 196 1230 ,uam
220 1145 356 1209 formam
383 1145 498 1208 Atticis
523 1143 754 1228 frequentatam
779 1164 818 1208 ne
842 1148 957 1210 nostris
980 1147 1108 1231 quidam
1130 1150 1289 1234 scriptori·

114 1271 160 1316 rus
183 1254 326 1339 ignotam
351 1270 417 1316 ease
441 1252 549 1336 arguit
572 1271 604 1314 v.
629 1269 653 1313 c.
681 1248 822 1314 scholion
847 1250 886 1315 ad
910 1253 926 1316 δ
951 1252 1015 1317 535
1042 1258 1085 1339 (p.
1120 1252 1204 1339 219,
1232 1254 1289 1338 25)

114 1358 275 1443 neodem
299 1357 327 1422 E
350 1358 497 1442 petitum.

143 1569 178 1645 δ,
212 1566 288 1632 320.
335 1567 422 1639 Maia*
452 1567 541 1630 οὶδινοὶ
573 1565 738 1646 σφάζουσι.
772 1565 904 1642 Iterum,
925 1571 958 1632 in
993 1569 1036 1634 E:
1070 1570 1193 1650 λεπτοὶ,
1218 1574 1289 1650 πρὸς

114 1674 259 1753 ’ύνκρισιν
288 1680 345 1738 τῶν
369 1672 458 1748 βοῶν.
486 1673 503 1745 ή
528 1671 596 1735 cieri
621 1675 673 1735 τοῦ
699 1678 826 1744 πυκνῶς.
874 1673 923 1737 Ad
948 1675 1057 1741 eadem
1081 1679 1177 1744 verbo
1200 1703 1220 1742 ιι
1246 1678 1289 1744 92

114 1783 220 1867 egitur
252 1783 285 1844 in
313 1778 411 1859 EQV:
448 1778 511 1853 ήτοι
543 1778 647 1840 λεπτοὶ
679 1778 750 1857 πρὸς
783 1779 941 1856 σύγκρισιν
972 1787 1030 1844 τῶν
1056 1783 1151 1859 βοῶν,
1178 1784 1194 1857 ή
1219 1787 1288 1849 cirri

114 1893 153 1951 ὀῦ
185 1888 310 1962 οὶδινῶσ,
333 1885 381 1949 ἴνοι
407 1882 423 1963 ή
448 1892 563 1955 πυκνῶς
589 1885 640 1947 xci
666 1891 811 1964 συνεχῶς.
859 1885 916 1950 Est
940 1908 1065 1970 prorsus
1089 1889 1173 1954 idem
1197 1892 1288 1957 scho-

114 1995 164 2058 ion
195 1993 309 2057 iisdem
340 1993 444 2057 verbis
474 1997 671 2076 conceptum.
720 1990 933 2070 Quamobrem
965 1994 1016 2058 hic
1049 2015 1171 2080 quoque
1200 2001 1290 2062 resti·

114 2099 254 2164 nendum
277 2099 425 2163 arbitror:
454 2102 470 2171 ἢ
496 2098 564 2161 cirri
590 2101 642 2161 τοῦ
669 2097 841 2185 (ἁδινῶς,
866 2095 881 2161 ἵ
885 2099 910 2159 ν’
936 2095 965 2186 ᾖ)
992 2109 1120 2173 roccae.

144 2314 176 2386 δ,
212 2312 288 2379 339.
335 2315 543 2380 Pervenimus
573 2313 612 2378 ad
642 2312 750 2378 locum
781 2312 884 2397 primo
914 2313 1029 2378 obtutu
1064 2314 1285 2382 difficiliorem.

114 2420 264 2487 denelaus
299 2423 407 2486 omnia
439 2420 523 2485 mala
551 2420 653 2504 procis
687 2420 923 2503 imprecaturus.
952 2421 1056 2485 utitur
1093 2421 1194 2487 nobili
1231 2421 1287 2489 illa

116 2528 350 2614 omparat-ione:
1211 2530 1213 2534 ’

257 2637 294 2704 ὥς
320 2633 347 2697 δ’
372 2630 457 2697 ὁπότ’
483 2632 513 2695 ἐν
536 2629 660 2710 ξυλόχῳ
684 2629 803 2709 ἓλοιφοο
829 2638 980 2710 κρατεροῖο
1004 2631 1121 2705 λέοντος

259 2739 381 2817 νεβροὺς
407 2740 583 2814 κοιμήσασα
609 2736 772 2814 νεηγενέας
797 2737 992 2813 γοιλοοήηνσύς

258 2845 386 2920 κνημοὺς
412 2845 540 2924 ἔξερέησι
565 2843 617 2906 sai
642 2840 747 2919 ἄρκτοι
772 2842 916 2916 ποιήεντα

251 2951 440 3035 βοσκομένη,
466 2952 479 3014 ὁ
503 2952 529 3014 δ’
552 2949 663 3014 ἔσειτοι
687 2949 736 3022 ἑήν
760 2950 916 3022 εἰσήλυθεν
943 2950 1048 3024 εὐνήν,

253 3058 454 3136 ἀμφοτέροισι
478 3056 508 3120 δὲ
532 3065 626 3120 τοῖσιν
651 3054 757 3119 οὶεικέσο
782 3054 898 3131 πότμον
922 3056 1054 3134 ἐφῆκεν,

257 3160 293 3234 ὣς
319 3165 465 3233 Ὀδυσεὺς
492 3162 627 3227 κείνοισιν
651 3160 759 3224 σὶεικέοο
783 3159 899 3237 πότμον
924 3162 1079 3240 ἐφήσει.

114 3293 132 3334 u
157 3269 290 3335 Homeri
314 3272 415 3354 ipsius
439 3267 506 3333 loco
530 3267 677 3332 audacior
699 3268 829 3332 fortasse
853 3267 983 3332 videbor
1006 3271 1032 3332 si
1058 3269 1183 3347 dixero,
1204 3293 1285 3338 sem·

114 3397 151 3442 er
182 3398 236 3441 me
258 3376 395 3440 haesisse
419 3377 451 3438 iu
477 3373 593 3439 ultimo
618 3374 743 3449 futuro,
768 3379 800 3438 et
825 3376 1071 3459 quotiescunque
1094 3376 1151 3441 hos
1175 3398 1284 3444 versus

114 3481 221 3571 elego,
246 3494 371 3565 semper
394 3501 426 3545 se
451 3479 531 3543 mihi
554 3485 665 3563 sponte
688 3479 797 3544 offerre
820 3482 1000 3562 optativum
1026 3482 1176 3573 ε’φήσοι.
1211 3483 1284 3549 Νοιι

114 3590 181 3652 nim
213 3588 266 3651 hic
289 3588 481 3651 vaticinatur
505 3584 688 3667 Menelaus,
713 3591 750 3648 ut
773 3584 920 3651 Minerua
943 3585 1018 3650 iecit
1042 3612 1063 3649 οι
1087 3587 1283 3674 202-205,

114 3694 150 3760 ed
171 3692 352 3778 ·proiitetur
384 3692 461 3776 quid
496 3691 563 3756 fieri
597 3693 813 3756 cummaxime
848 3694 965 3777 cupiat.
1014 3691 1076 3758 Sed
1109 3715 1193 3759 nuno
1226 3715 1285 3761 no·

114 3802 146 3865 is
176 3803 284 3886 potius
314 3820 387 3864 oum
420 3797 539 3863 scholio
563 3818 611 3862 res
635 3803 692 3862 ost.
739 3795 946 3881 Splendidam
969 3797 1076 3863 locum
1100 3800 1283 3886 Aristopha-

114 3927 150 3972 es
192 3907 419 3989 intempestiva
453 3905 627 3968 eruditione
660 3906 799 3968 vexavit.
846 3903 895 3968 Ad
929 3902 1050 3969 lemma
1083 3905 1285 3986 σὶμφοτέροισι

114 4014 126 4078 i
157 4022 237 4078 τοῖσι
268 4010 406 4098 legimus
437 4013 470 4073 in
502 4005 722 4094 EHQTin):
755 4008 980 4089 Ἀριστοφάνης
1012 4011 1046 4073 τὸ
1083 4012 1283 4091 ἀμφοτέροισι

114 4120 144 4183 τὶ
171 4127 226 4194 τῆς
253 4121 372 4198 ε’λοέφιυ
399 4116 450 4180 usi
484 4123 555 4179 τῶν
588 4116 739 4194 νεβρῶν
771 4115 943 4192 λκροβοὶνει.
976 4117 989 4182 ὁ
1021 4119 1084 4197 γὰρ
1115 4120 1286 4198 Ἀριστοτέ-

115 4253 149 4303 ης
188 4223 218 4290 ἕν
254 4232 332 4306 φησι
367 4225 479 4288 τίκτειν
512 4226 565 4298 τήν
597 4219 725 4303 ἔλαφον,
758 4223 891 4294 σσσινίιος
918 4222 949 4287 δὲ
970 4222 1032 4289 δύο.
1059 4224 1223 4296 εἰκότως
1247 4227 1286 4293 δὲ

114 4345 268 4411 Ομηρος
295 4331 417 4410 τούτῳ
442 4339 697 4411 συγχρήτσιι,
723 4328 772 4393 ἵννι
795 4329 846 4392 xxi
870 4328 955 4393 xcrdc
975 4330 1026 4395 τὸν
1044 4330 1167 4409 οἱριθριὸν
1186 4333 1285 4416 ἐριφε-

114 4437 193 4521 ἒς“ᾖ
226 4441 261 4503 τὸ
294 4448 347 4512 ris
372 4438 491 4509 edelwe-
518 4437 555 4506 ὥς
578 4436 640 4516 γὰρ
665 4437 689 4500 οἱ
714 4443 883 4516 μνηστῆρες
908 4444 1098 4502 τλεῑστοι
1122 4437 1194 4518 πρὸς
1220 4436 1285 4520 ἕνον,
