2978 4950
719 246 759 317 61

160 439 288 517 deberat,
301 441 385 526 quod
398 441 533 506 correxit
544 438 743 516 Dindorfius,
757 437 957 505 confirmavit
969 445 1076 526 postea
1089 440 1253 508 Parisinus
1264 440 1331 527 (D),

157 546 268 625 deinde,
291 569 330 613 ne
344 547 564 614 omninonihil
577 547 705 623 diceret,
722 546 817 611 rerba
831 568 849 611 a
861 567 913 612 ma
924 549 1024 612 eiecta
1037 549 1161 613 intersit
1174 549 1212 614 de
1224 570 1281 615 suo
1294 545 1331 634 ¹).

190 653 274 721 Satis
310 663 358 719 est
391 654 450 719 hoo
480 653 759 738 interpolatIonum
790 655 822 718 in
853 674 916 718 una
947 653 1180 738 disputatione,
1212 657 1333 740 opinor.

152 760 255 847 Itaque
279 761 317 826 ad
342 760 405 825 alia
424 781 480 826 nos
499 768 738 843 convertamus,
759 762 897 846 vestigia
915 766 1023 824 nostra
1042 760 1225 829 recolentes.
1247 762 1332 826 Nam

150 867 448 955 inpraeaedentibus
468 869 529 931 tria
548 867 689 932 nondum
710 865 901 931 sustulimus
923 867 1054 951 menda,
1075 888 1209 953 quorum
1231 890 1331 934 unum

147 972 372 1061 gravissimum
392 957 615 1037 esse‘videtur.
638 971 698 1036 Τήν
721 996 754 1035 τε
775 971 842 1051 περὶ
864 982 919 1046 ric
937 973 1048 1050 μητρὸς
1068 973 1168 1052 Φόβον
1189 974 1241 1039 κιο)
1255 972 1331 1049 ὅλως

148 1087 199 1144 τῶν
225 1080 259 1164 (l.
286 1079 366 1165 τὸν)
391 1081 458 1158 περι
483 1085 535 1143 τοῦ
560 1077 638 1142 οῖκοιι
662 1081 696 1142 τὸ
721 1077 777 1153 μέν
802 1102 830 1142 τι
856 1080 872 1152 ή
895 1079 1057 1153 Πηνελόπη
1078 1079 1219 1156 ἐξέλυσεν
1242 1083 1331 1156 ῖιιοινή

146 1181 215 1250 οὖσιν
240 1187 453 1264 περιγενέσθαι
471 1187 511 1264 τῷ
536 1187 712 1264 Φρονήμοιτι
736 1193 790 1258 τῆς
814 1187 872 1248 τῶν
892 1188 1070 1263 μνηστήρων
1094 1187 1213 1264 ducias,
1241 1189 1275 1251 τὸ
1300 1189 1331 1252 δέ

146 1317 171 1357 τι
202 1294 256 1358 aa}
291 1296 308 1368 ή
341 1294 455 1368 'Aiaci
487 1295 702 1374 ἠσφαλίσατο,
733 1292 784 1356 τὸν
815 1292 1222 1378 δήμοιεότωνοιστήνοιι
1254 1320 1332 1372 συμ-

146 1399 343 1476 βουλεύσωσιν
367 1402 453 1465 κατὰ
477 1403 535 1463 τῶν
558 1401 732 1477 μνηστήρων
757 1401 807 1463 διὰ
832 1407 886 1472 ric
914 1401 998 1488 κοινοῖ
1023 1403 1076 1473 τήν
1103 1403 1272 1475 ἐκκλησῖοιν
1295 1399 1332 1467 ὧν

146 1507 244 1588 δρῶσιν
282 1508 324 1578 εἰς
360 1510 414 1580 τήν
448 1506 544 1570 οῖκῖοιν
581 1509 754 1582 μηνύσεως,
902 1504 1002 1570 ὥστε
1034 1514 1111 1579 τοῖς
1143 1506 1273 1584 iaaac
1297 1507 1332 1571 cd

145 1618 271 1694 μέγεθος
296 1623 350 1687 τήι
375 1616 433 1678 τῶν
456 1614 633 1690 μνηστήρων
657 1612 778 1681 alderice
803 1610 855 1675 κοιι
882 1611 1151 1689 δημηγορήσαντος
1182 1613 1332 1691 Τηλεμοὶ·
1374 1668 1377 1674 .

144 1748 198 1806 χιιι
231 1722 368 1794 τοσοιήτη
401 1722 571 1796 ἐπιστροφή
602 1720 723 1796 γίνεται
753 1715 830 1782 ὥστε
862 1721 998 1782 ἐπειπεῖν
1023 1721 1061 1789 ὥς
1087 1715 1205 1796 „alteror
1230 1722 1255 1784 δ’
1279 1718 1332 1787 ἕλε

144 1832 214 1894 λαὸν
250 1826 415 1895 Errare&
464 1827 510 1892 Ne
546 1828 698 1891 vitiosum
736 1825 945 1897 ἕποινοιστήιοιι
971 1847 1237 1904 commemorem,
1267 1830 1334 1893 ruit

144 1938 297 2002 sententia
320 1939 353 1999 in
376 1935 444 1998 his:
468 1931 545 1997 ὥστε
570 1939 644 2001 πῶς
672 1930 789 2007 ἔλαβε,
814 1953 888 1995 nam
913 1934 984 2016 quis
1007 1932 1061 1996 hio
1084 1935 1332 2020 interrogativae

144 2042 315 2128 particulae
347 2038 455 2106 loeus?
490 2039 600 2124 ltaque
635 2037 817 2102 Dindorfius
855 2040 971 2113 „verba
1005 2058 1064 2103 non
1098 2039 1239 2127 iutegra’'
1268 2041 1330 2105 sibi

144 2149 241 2214 rideri
265 2146 470 2236 significavit.
519 2148 561 2210 At
585 2147 750 2210 dissentire
773 2144 893 2209 licebit.
940 2143 975 2209 Si
999 2145 1075 2230 quid
1099 2146 1214 2211 horum
1234 2146 1329 2211 intel·

143 2255 218 2344 ligo,
245 2254 328 2320 nihil
353 2255 440 2319 dedat
463 2262 495 2318 et
519 2256 691 2339 perexigua
715 2257 840 2316 tantum
865 2253 1003 2316 mutatio
1022 2250 1092 2317 loco
1113 2255 1332 2340 integritatem

144 2385 230 2428 auam
263 2371 295 2426 et
324 2361 583 2447 perspicuitatem
614 2361 771 2424 restituet.
819 2357 1017 2445 Porphyrius
1048 2359 1146 2423 dixit:
1179 2363 1214 2425 τὸ
1246 2362 1277 2425 δέ
1302 2385 1331 2425 τι

144 2473 190 2535 acl
229 2471 245 2542 ή
280 2471 393 2540 Ἀθηνοῖ
431 2467 651 2548 ήσφοιλίοοοτο,
687 2464 737 2528 τὸν
771 2467 865 2540 δῆμον
907 2465 1159 2536 ἐτοινοιστήσοιι
1194 2467 1332 2544 συμβου-

144 2577 283 2641 radam
313 2575 397 2638 κοιτῖο
418 2580 475 2638 τῶν
508 2574 685 2649 μνηστήρων
718 2571 769 2634 dccl
801 2580 853 2646 τήο
888 2573 974 2635 κοντοὶ
1002 2575 1056 2646 τήν
1082 2573 1247 2645 ἐκκλησιόιν
1275 2610 1329 2623 --

145 2685 316 2758 μηνύσεως.
344 2718 363 2730 -
378 2716 430 2730 --
455 2676 532 2742 ὥστε
559 2682 637 2749 τοῖς
661 2677 760 2754 ἔλοιβε
785 2678 819 2741 τὸ
844 2679 973 2755 μέγεθος
999 2688 1052 2751 τῆς
1079 2687 1136 2744 τῶν
1154 2681 1333 2760 μνηστήρων

145 2789 261 2859 atteias
286 2803 356 2852 scra.
381 2787 443 2866 Qui
468 2786 507 2850 ad
532 2785 566 2861 d,
590 2784 654 2848 841
681 2786 747 2847 axo·
775 2775 807 2855 ήν
832 2782 906 2865 ripa
931 2785 1085 2850 dederunt
1109 2807 1181 2871 pro:
1207 2788 1275 2850 καθ’
1300 2778 1333 2859 ήν

144 2893 235 2977 ὥριον
260 2895 382 2959 scribae
405 2895 473 2976 (cfr.
498 2891 601 2956 Praei.
626 2892 753 2976 palii),
780 2891 903 2956 eosdem
928 2891 980 2955 hle
1006 2895 1068 2961 τοῖς
1093 2892 1278 2976 depravasse
1301 2896 1335 2958 in

145 3009 200 3074 τῶι
223 3022 288 3066 non
312 2998 465 3084 estquod
491 3000 652 3061 miremur.
702 2997 792 3076 Quod
820 2995 997 3072 οιιμβοιιειν
1017 2997 1164 3062 adhibuit
1189 2998 1335 3086 Porphy-

147 3111 205 3173 rius
227 3124 303 3192 pro:
323 3105 506 3188 perspicere,
532 3114 625 3168 mento
651 3109 809 3185 οοιιοῖριονο,
837 3108 1010 3186 capitatione
1029 3106 1179 3187 conplecti,
1210 3104 1249 3169 da
1273 3127 1335 3191 quo

148 3233 295 3280 nonnemo
343 3211 489 3275 dubitare
536 3212 652 3294 possit,
701 3211 905 3274 sanissimum
951 3214 1008 3272 est.
1057 3208 1335 3287 Quemadmodum

149 3318 321 3408 Aeschylus
346 3319 468 3404 tragica
487 3315 761 3402 magniloquentia
785 3314 867 3379 dixit
891 3314 1067 3399 (Prometh.
1094 3337 1140 3380 vs.
1166 3314 1265 3398 887):

235 3421 254 3498 ή
278 3423 375 3504 σοφὸς
400 3417 418 3496 ή
440 3424 533 3501 σοφὸς
560 3419 591 3492 ὃς

231 3538 348 3611 πρῶτος
380 3532 417 3594 ἓν
450 3531 589 3611 padua
620 3528 699 3593 τόδ’
724 3525 940 3605 ἕβοήστοισε
969 3528 1022 3591 κιο)
1047 3530 1180 3613 γλώσσᾳ
1204 3529 1337 3606 διεμυθο-

1174 3634 1337 3722 [adranam

153 3747 191 3809 sio
208 3747 325 3811 caeteri
349 3744 431 3822 θυμῷ
456 3743 569 3817 λαβεῖν
593 3765 621 3804 τι
647 3742 809 3808 dixerunt.
836 3747 873 3805 ut
897 3741 1055 3805 Pindarus
1077 3740 1220 3828 (Olymp.
1246 3741 1337 3827 VIII,

155 3846 199 3935 ll),
221 3852 275 3929 νόῳ
299 3849 352 3915 vel
375 3850 459 3929 Φρενι
485 3847 616 3930 λαβεῖν,
643 3855 677 3912 ut
700 3845 881 3912 Herodotus
906 3847 981 3931 (ΙΙΙ,
1008 3846 1061 3931 41,
1088 3847 1148 3925 51;
1174 3848 1237 3933 lx,
1264 3848 1338 3935 lt),

156 3958 354 4042 similiterque
378 3955 545 4041 aliquoties
568 3953 763 4038 Xenophon,
786 3954 1040 4038 frequentissima
1064 3957 1209 4019 omnium
1233 3955 1336 4022 Plato.

161 4143 294 4156 ——n

176 4234 208 4299 ·l)
233 4237 312 4287 Verba
332 4253 363 4286 τι
387 4235 428 4285 scal
452 4233 582 4293 ἰτοινήλήιν
604 4235 688 4285 absunt
711 4236 836 4299 quidemr
858 4238 889 4292 I),
913 4234 1016 4300 optime,
1034 4237 1155 4287 sedidem
1172 4254 1226 4287 mox
1245 4240 1338 4289 omittit

159 4321 196 4379 ’ἢν
208 4328 302 4389 mipace,
318 4326 368 4376 sina
386 4342 433 4390 quo
450 4324 563 4375 vocabulo
581 4323 697 4372 sententia
713 4327 776 4372 stare
794 4322 883 4386 nequit,
902 4322 1021 4371 incertum
1035 4337 1065 4370 an
1080 4337 1135 4371 carn
1145 4325 1182 4374 vel
1190 4327 1253 4389 quod
1262 4327 1339 4377 scriba

160 4410 255 4476 laricini,
269 4422 294 4466 at
306 4417 344 4466 hic
359 4418 517 4465 correctorem
531 4429 615 4479 agam,
631 4413 688 4463 haee
697 4412 784 4471 omisit,
795 4415 821 4460 nt
832 4411 893 4460 ratio
903 4409 977 4460 dativi
988 4407 1094 4474 παρόντι
1113 4414 1232 4461 comtarat
1240 4410 1340 4464 seilicet.
