2978 4950
711 150 780 218 458
826 142 827 146 ’

149 340 256 405 iocum
288 344 419 407 moveat
441 339 581 406 Mehleri
604 346 696 406 note:
722 365 814 420 ,μονα
837 343 939 422 μανία,
964 364 1064 431 quam
1086 344 1212 412 Schow.
1233 367 1251 412 e
1270 342 1327 415 lle.

149 445 246 534 Angl.
270 453 469 532 reposuerat,
495 450 594 512 etiam
617 451 652 513 in
674 446 706 512 A
729 456 761 513 et
785 470 832 534 ap.
858 448 964 516 Sohol
988 451 1151 537 apparet'’

195 552 305 639 Neque
337 552 453 618 molius
482 574 533 618 rea
562 555 592 619 ei
621 557 716 620 ceeeit
736 557 771 619 in
791 556 832 621 iia
855 577 936 641 quae
959 561 1072 623 atatim
1095 559 1327 644 sequunturzir

149 659 181 725 δὲ
212 659 330 729 τούτοις
361 668 423 730 τοῖς
456 659 544 724 ἔτεσι
576 658 611 724 τὸ
643 666 701 726 τῶν
733 660 928 727 ἱκετευόντων
951 673 1067 744 σχῆμα
1091 663 1327 732 imitemur.

150 769 242 831 τοῖσα
264 766 326 845 γὰρ
350 764 398 832 οὖν
423 767 590 840 συνείδησις
615 766 808 845 ἁμαρτόντος
832 769 985 850 ιὶνίριίτου
1004 771 1161 856 βραδεῖα,
1182 771 1234 837 καί
1254 772 1326 850 adire

150 874 176 938 οί
198 873 330 950 δεόμενοι
350 882 413 946 τοῖς
434 873 654 950 ίκετευομίνοις
673 875 894 955 προσέρχονται
915 879 1120 963 (quantocius
1131 877 1328 964 repoumduu

151 979 352 1047 Scholiomm
393 981 614 1059 προσίασιν
658 983 880 1067 compendiose
915 986 1106 1070 scripturn),
1143 987 1216 1059 τὴν
1248 986 1328 1051 atto

88 1128 92 1137 ·
151 1088 257 1152 κατὰ
289 1090 396 1168 ῥῆμα
418 1092 678 1166 μετροῦντες.
725 1088 829 1155 Nemo
852 1091 1023 1156 mirabitur
1046 1091 1168 1159 ultima
1192 1090 1329 1159 vocubult

150 1195 264 1261 editori
300 1194 529 1272 „subobscura”
563 1196 633 1260 visa
667 1215 744 1260 erae.
791 1195 903 1281 Neque
937 1200 1044 1286 magia
1079 1202 1230 1284 apertum
1260 1198 1329 1264 mili

151 1308 216 1379 eat,
241 1322 298 1367 cur
321 1321 358 1365 ea
383 1321 513 1378 „versus
536 1302 675 1385 speciem
697 1321 771 1386 prae
796 1322 829 1366 se
853 1300 951 1368 ierre”
974 1307 1167 1389 auspicetur.
1202 1303 1262 1370 Sed
1281 1304 1328 1370 hoc

149 1411 217 1473 iam
250 1407 400 1472 miraculi
431 1410 532 1472 instar
563 1414 624 1491 eat,
658 1408 741 1492 quod
773 1410 972 1475 verissimam
1005 1431 1023 1475 a
1053 1409 1231 1477 Weteteuio
1263 1409 1328 1477 oiim

150 1519 308 1600 repertam
343 1513 596 1579 emendationem
631 1513 828 1598 repudiavit,
865 1519 983 1601 quippe
1015 1519 1132 1593 „cuiue
1164 1519 1233 1584 vim
1258 1515 1329 1582 haud

149 1641 277 1707 prorsus
307 1619 502 1706 perspicere”
535 1616 689 1685 fateatur!
723 1619 847 1706 Nempe
871 1620 1067 1688 Wetateniua
1089 1623 1144 1709 (ad
1169 1623 1249 1690 Luc.
1268 1620 1327 1702 XV,

150 1727 209 1814 20)
232 1735 426 1794 correxerat:
457 1729 527 1800 τὴν
563 1726 659 1791 αίδῶ
691 1727 796 1791 κατὰ
831 1728 950 1806 βῆμα
985 1735 1256 1815 μετροῦντες,
1286 1727 1328 1796 vel

150 1856 190 1901 ex
212 1833 380 1899 Phornnto
404 1834 441 1917 (a.
467 1830 560 1900 Corn.
584 1854 612 1899 o.
638 1832 693 1919 12)
714 1834 923 1918 probandum.
969 1833 1020 1901 Ita
1043 1838 1130 1902 enim
1160 1835 1328 1903 Heraclitm

150 1941 319 2006 ambitiose
349 1941 432 2005 dixit
461 1960 533 2024 pro:
559 1938 672 2020 βραδεῖ
693 1941 734 2020 τῷ
758 1939 883 2018 βήματι
907 1942 958 2007 διδ
981 1943 1037 2016 τίνι
1059 1943 1135 2008 αίδῶ
1161 1941 1325 2023 τροσιίιτει.

148 2047 240 2116 Nihil
270 2048 405 2114 verbum
433 2047 544 2132 (ῥῆμα)
574 2046 627 2110 hic
656 2047 752 2112 habet
785 2049 868 2132 qnod
892 2047 997 2113 saciat.
1042 2046 1171 2135 Nempe
1194 2050 1255 2116 tria
1272 2048 1327 2117 Ηυ-

148 2178 255 2223 merne
290 2156 329 2221 de
363 2153 493 2219 Deabua
527 2152 732 2239 supplicibus
767 2155 946 2240 praedicat:
981 2156 1090 2236 χωλαί
1121 2179 1157 2220 τε
1189 2155 1275 2236 ῥυσαί
1298 2177 1327 2220 τι

149 2261 364 2344 παραβλῶπές
398 2263 427 2324 τ’
464 2259 632 2342 ὀφίαλμιίε
669 2263 731 2324 tria
766 2261 877 2327 cadem
909 2261 1065 2327 rhetorice
1096 2260 1276 2345 τεροφρὶζιι
1301 2265 1327 2326 et

149 2371 264 2437 dilatat
293 2366 487 2434 Heraclitus.
534 2365 694 2431 lnceaaum
721 2367 855 2454 (χωλαί)
877 2374 984 2446 notet,
1009 2389 1149 2454 eumque
1173 2372 1215 2436 iia
1238 2369 1326 2435 verbio

149 2499 229 2563 quae
253 2477 494 2562 proposuimus,
520 2472 684 2539 oculorum
708 2477 810 2539 aciem
836 2475 1076 2561 (areapolitem)
1103 2479 1168 2541 ita:
1193 2477 1260 2542 οὔτε
1277 2476 1325 2553 air

148 2586 281 2663 οὶτρεμὲς
311 2582 501 2660 δεδίρκασιν,
538 2581 613 2645 ἀλλ’
642 2582 736 2646 ίτίοω
767 2583 825 2652 τὰς
858 2589 915 2646 τῶν
948 2583 1099 2659 ν’μμοίτωυ
1127 2585 1231 2662 βολὰς
1263 2587 1325 2648 ιίτο·

148 2695 329 2772 στρέφουσι,
363 2689 499 2754 colorem
531 2688 682 2773 denique:
717 2688 768 2751 καί
792 2689 853 2764 μὴν
876 2688 906 2753 ἔν
930 2713 969 2767 γε
993 2699 1055 2761 τοῖς
1080 2689 1250 2770 προσαίταις
1272 2696 1325 2774 (op

147 2804 227 2865 time
258 2802 303 2862 uic
335 2795 499 2882 Heynius‚
535 2795 623 2860 codd.
648 2802 773 2874 τρώτοις
797 2798 863 2859 eine
886 2798 992 2880 aenan)
1017 2797 1099 2860 οὐδὲν
1125 2800 1258 2875 γεγηθὸς
1278 2803 1325 2861 τῶν

148 2906 341 2972 ἱκετευόντων
364 2907 380 2979 ἡ
395 2903 510 2967 διοίνοια
524 2903 706 2981 τεριτίίνσιν
719 2899 758 2985 (ί)
771 2901 901 2981 ἔρευθος,
915 2901 990 2967 ἀλλ’
1002 2903 1093 2982 ὠχροὶ
1107 2905 1160 2967 καί
1176 2912 1324 2985 κατηφεῖς.

146 3013 215 3080 lem
238 3012 386 3078 uidemus
409 3029 666 3094 unamquamque
689 3012 878 3073 seutentiam
899 3009 1022 3074 duobus
1043 3010 1096 3075 vel
1114 3012 1220 3077 tribue
1238 3030 1323 3076 mem·

148 3122 211 3187 bris
247 3119 410 3185 contineri.
458 3116 642 3180 Notandum
678 3115 775 3181 simul
810 3115 1011 3181 Heraclitum
1044 3118 1133 3195 ρὐσαὶ
1154 3119 1207 3182 ‘de
1237 3116 1323 3183 colore

145 3227 332 3314 intellegere
356 3225 478 3306 videri,
503 3244 576 3288 cum
601 3225 733 3288 caeteris
756 3224 799 3287 ait
822 3222 943 3303 ῥυτίδας
969 3222 1110 3302 ἔχουσαι.
1137 3223 1300 3309 (Photiua).

193 3438 230 3504 G.
265 3435 415 3502 XXXIX
444 3443 487 3519 (p.
520 3432 595 3519 80):
627 3434 752 3514 Δίνδρον
782 3431 871 3499 ὅταν
902 3442 1000 3518 κομᾷ,
1033 3436 1085 3499 καί
1116 3433 1208 3515 ίριῖιν
1231 3435 1322 3511 iaciat

145 3547 209 3613 οίτδ
240 3553 298 3609 τῶν
330 3543 451 3606 κλοίδων
482 3543 667 3618 οὶταρτῖιται
692 3540 735 3605 τοὶ
758 3543 881 3621 Φυλλα.
929 3540 1076 3625 Oportet:
1103 3541 1196 3621 ίριξίν
1219 3540 1322 3620 ίμιισ

145 3656 207 3720 απὸ
232 3657 290 3716 τῶν
315 3648 435 3715 κλσίδων
459 3650 642 3728 σίταρτῖιται
666 3648 708 3711 τίο
732 3651 854 3728 φύλλα.

191 3861 225 3931 O.
261 3863 412 3929 XXXIX
444 3867 485 3949 (p.
519 3862 594 3942 81):
627 3864 1007 3945 Προοετισφραγιζίμευος
1038 3865 1070 3931 δὲ
1096 3871 1187 3934 τοῦτο
1212 3869 1322 3954 (nempe

146 3969 233 4034 lovie
258 3991 330 4034 cum
358 3971 475 4036 lunone
502 3970 669 4055 amplexus
695 3973 946 4056 interpretandos
970 3993 1037 4038 eaeo
1060 3979 1168 4039 adrem
1192 3975 1230 4041 ad
1252 3976 1321 4040 veria

146 4078 371 4142 amoenitatem
403 4076 544 4141 solutum
575 4086 607 4141 et
637 4076 844 4163 tepefactum)
867 4081 919 4142 τὸν
941 4079 1038 4143 λωτὸν
1061 4077 1148 4145 εἶπεν
1172 4083 1319 4160 ἑρσήεντα,

147 4186 213 4267 [τὸν
244 4183 410 4267 δροσερίν,]
443 4193 497 4256 τῆς
529 4183 645 4261 ἐαρινῆς
668 4183 894 4256 κατυστοίσεως
919 4186 1150 4269 ἐμφανέστερον
1173 4191 1260 4253 τριῶν
1278 4186 1319 4250 τὸν

146 4290 256 4368 καιρόν.
302 4290 556 4375 Expungendum
581 4313 654 4355 cum
679 4290 824 4356 Sohowio
848 4298 1089 4376 apertissimum
1113 4296 1275 4362 emblema
