2978 4950
722 195 765 275 lo

150 394 228 479 ρίζαν
250 395 308 473 πὴν
332 397 459 481 ψνχὴν,
484 398 537 463 καί
563 397 781 476 ἕνίνριοὴριενος
805 396 872 476 περί
900 401 955 468 πὴς
987 387 1130 472 ἕσοριίνης
1162 386 1339 465 ἕκκλησίας.

150 505 194 571 lix
216 505 269 571 his
292 503 349 583 EQ
371 504 506 569 habent:
532 506 598 569 καί
625 507 680 576 είς
705 505 812 568 πολλοὶ
836 502 911 582 μέρη
937 517 1007 566 κτλ.
1055 500 1165 584 Itaque
1190 500 1269 562 fuit:
1291 501 1338 569 ὡς

151 613 204 684 είς
230 612 339 676 πολλοὶ
362 609 437 691 μέρη
463 611 592 693 μερίζων
616 613 670 685 πὴν
694 611 803 692 ψνχὴν
826 624 896 674 κτλ.

194 847 235 899 α,
260 820 337 886 428.
375 821 459 886 Klio·
484 821 581 887 είδνῒα
605 823 723 887 dicitur
744 840 828 887 essa:
854 830 1024 901 προσφιλῆ,
1042 820 1155 884 σννεποὶ
1176 824 1339 899 Φρονοῦσα.

147 927 284 993 Malim:
309 934 464 1010 προσφιλῆ
487 930 531 1014 (ἡ)
558 929 671 993 σννοπδ
699 934 860 1009 Φρονοῦσα.

195 1167 240 1216 α,
266 1137 342 1204 438.
367 1140 417 1205 Ad
439 1141 549 1219 γραίης
574 1140 758 1216 πυκιμηδέος
782 1147 830 1205 esi
853 1143 886 1204 in
910 1140 952 1203 P:
975 1139 1136 1203 καὶτοῦτο
1161 1153 1342 1201 πεπλασ·

145 1246 271 1323 μένον
296 1294 438 1311 .......
463 1257 552 1322 πὴς,
577 1249 669 1324 ἡγονν
693 1256 748 1320 πὴς
773 1246 875 1310 πυκνοὶ
900 1246 950 1309 καί
975 1246 1088 1310 συνετοὶ
1112 1245 1213 1321 μὴδεα
1238 1245 1252 1306 ε’
1259 1242 1344 1322 zod-

144 1378 231 1427 σης.
280 1352 330 1417 De
360 1353 411 1417 his
440 1351 674 1418 Buttmannns:
709 1373 810 1437 „quae
841 1355 968 1436 punctis
1000 1353 1109 1416 notavi
1140 1349 1246 1436 legere
1280 1369 1344 1415 non

145 1462 262 1545 potui:
286 1459 341 1523 sed
364 1459 491 1523 videtur
514 1480 581 1524 esse
605 1461 705 1536 ἐστίν,
729 1467 766 1524 ut
790 1479 852 1524 vox
875 1465 929 1531 τῆς
954 1462 997 1523 sii
1020 1457 1181 1522 delenda.'’
1228 1456 1346 1521 Melius

143 1563 355 1631 Dindorfias:
390 1566 483 1642 „fora
515 1565 670 1643 σννεπὴς”,
701 1568 764 1630 nisi
787 1566 870 1650 quod
894 1572 925 1630 ei
949 1564 1038 1630 aliud
1062 1566 1195 1629 verbum
1221 1571 1268 1629 est
1292 1563 1348 1628 ad·

146 1672 306 1738 (lendum.
331 1670 452 1735 Verum
473 1673 550 1736 erit:
569 1672 621 1735 καί
643 1677 731 1736 τοῦτο
753 1674 1047 1747 πεπλασμένον
1070 1670 1207 1751 (ὄνομα
1227 1669 1347 1756 σννε·)

147 1784 226 1852 τῆς
259 1777 529 1862 quemadmodum
560 1801 591 1842 ν.
605 1801 630 1843 c.
664 1779 748 1843 idem
777 1778 943 1844 Palatinus
975 1777 1013 1840 ad
1039 1775 1213 1859 Εὐρύκλει’,
1233 1772 1344 1845 Ὦπος

148 1884 294 1962 θνγοίπηρ
327 1884 539 1963 Πεισηνορίδαο
574 1891 633 1968 (vs.
667 1884 745 1970 429)
781 1884 961 1968 adscripsit:
989 1882 1262 1959 πεπλασμένα
1288 1881 1344 1946 είσί

150 1993 199 2056 τοὶ
223 1990 363 2070 παρόντα
389 1991 586 2068 ὀνόματα,
611 1998 644 2055 et
668 1991 706 2057 ad
731 1992 859 2070 Φρονίοιο
883 1994 1028 2066 Νοὴριονα
1054 1988 1102 2075 (β.
1129 1988 1208 2074 386)
1232 1989 1349 2054 Parisi-

150 2121 216 2165 nus
254 2097 295 2163 S:
339 2098 504 2171 πεποίηκεν
543 2100 684 2183 (videtur
713 2099 810 2162 foisse
842 2098 1145 2174 ιἰνοριαποπεποίηκεν
1177 2095 1281 2160 Praef.
1317 2117 1347 2180 p.

153 2207 262 2289 nvn)
296 2206 467 2270 πλαστὰ
503 2207 706 2281 ὀνόματα,
739 2225 778 2269 ne
809 2204 901 2288 plura
933 2202 1088 2268 adducam
1113 2205 1146 2266 in
1171 2223 1204 2267 re
1229 2206 1348 2287 aperta.

146 2316 301 2389 *ονομα
334 2281 354 2379 d
388 2314 638 2391 παχνηραφικῶς
676 2313 845 2394 scriptum,
878 2310 945 2395 (cir.
977 2309 1063 2374 Bast.
1097 2331 1129 2394 p.
1162 2306 1238 2393 790,
1270 2307 1351 2395 827)

155 2420 200 2490 ab
233 2420 350 2483 ultima
385 2415 510 2503 syllaba
543 2417 758 2502 praecedentis
793 2415 939 2481 vocabuli
978 2415 1247 2500 (πεπλασμένον)
1284 2435 1351 2479 esse

155 2527 344 2609 absorptum
375 2515 486 2607 sponte
515 2532 604 2610 patet
634 2530 744 2608 estque
776 2544 813 2588 ea
844 2544 893 2588 ree
922 2525 1100 2588 notissima.
1138 2522 1249 2608 ltaque
1272 2524 1350 2588 satis

156 2631 299 2714 habebo,
336 2633 364 2694 si
398 2651 437 2695 ex
471 2630 641 2715 permultis
680 2630 758 2695 locis
800 2629 900 2694 simili
942 2630 1038 2694 modo
1079 2630 1225 2694 sanandis
1268 2649 1353 2693 nnnc

157 2758 261 2805 anum
286 2738 483 2819 excitavero,
508 2735 665 2801 Heracliti
689 2737 838 2819 inquam,
866 2738 964 2800 etiam
989 2757 1008 2800 a
1031 2735 1163 2801 Lehrsio
1187 2737 1282 2820 (App.
1313 2734 1352 2799 ad

160 2843 281 2910 Herod
313 2841 444 2927 Scripta.
476 2835 547 2908 ίοίο
567 2844 689 2909 emend.
720 2864 751 2927 p.
775 2841 855 2927 458)
879 2842 982 2907 obiter
1005 2846 1187 2908 tractatum.
1235 2841 1354 2906 Scribit

160 2955 269 3014 auiam
311 2947 511 3031 Heraclitus,
552 2956 589 3013 ut
632 2949 827 3015 demonsiret
871 2946 951 3022 ἡλιος
987 2947 1167 3026 Ἀπόλλων,
1202 2949 1215 3011 ὁ
1252 2946 1284 3011 δέ
1319 2948 1353 3024 γ’

166 3054 329 3123 Ἀκίλλιον
364 3055 465 3136 ἡλιος,
499 3058 562 3119 ita:
600 3056 710 3132 Φοῖβον
747 3052 812 3139 οὖν,
850 3055 913 3118 aial
949 3058 1008 3120 τῶν
1041 3055 1171 3119 οίκτίνων
1203 3057 1354 3134 λαμπρῶν

161 3159 273 3245 (codd.
306 3160 464 3247 λαμπρόν)
496 3161 589 3225 αὐτὸν
618 3161 772 3242 ὀνομάζει,
800 3161 834 3224 πδ
859 3162 946 3238 μόνον
972 3161 1045 3241 ἡλίῳ
1070 3169 1217 3240 προσῆκον
1240 3158 1354 3245 (Codd.

164 3270 261 3332 eiiam
286 3267 484 3332 scholiorum
510 3267 548 3331 ad
573 3266 663 3331 lliad.
690 3279 726 3332 Λ.
747 3266 791 3332 43
811 3273 843 3332 et
864 3268 905 3333 72
924 3266 1043 3353 προσόν)
1065 3266 1099 3342 ἐξ
1122 3265 1185 3330 ίσον
1209 3267 1353 3339 κοινώσας

165 3373 338 3439 Ἀπόλλωνι
362 3377 401 3453 (c.
414 3371 484 3456 Vll,
504 3375 593 3459 p.12
613 3373 740 3459 Mehl.).
765 3372 920 3439 Codicum
941 3373 1108 3439 lectionem
1130 3371 1274 3451 λαμπρόν
1293 3393 1355 3439 non

167 3480 397 3547 sollicitandam
428 3479 543 3557 fnisse,
574 3478 735 3546 Mehlerus
765 3480 831 3565 ipse
861 3485 970 3564 postea
1000 3479 1100 3556 vidit,
1126 3480 1229 3556 Praei.
1254 3502 1284 3564 p.
1309 3484 1354 3565 xj.

168 3587 227 3654 Sed
262 3588 322 3652 hoc
352 3606 414 3652 non
446 3589 524 3653 eatis
554 3593 611 3651 est.
659 3587 707 3651 Ne
737 3587 825 3652 locus
848 3588 941 3679 hiet„
960 3589 1006 3651 ita
1028 3593 1076 3651 esi
1097 3587 1353 3652 constituendus:

170 3695 275 3772 Φοῖβον
307 3688 355 3757 οὖν
388 3695 461 3777 (ὡς)
492 3692 553 3755 οίπδ
586 3699 643 3756 τῶν
676 3694 804 3757 οίκπίνιον
835 3692 981 3771 λαμπρὸν
1013 3694 1107 3757 αὐτὸν
1130 3691 1292 3772 σ’νοριοίζει,
1318 3692 1354 3756 ci

169 3801 254 3878 αίνον
288 3802 363 3879 ἡλίῳ
394 3805 560 3878 προσὴκον
594 3797 760 3884 (ὄνομα)
792 3797 826 3874 ἐξ
857 3798 921 3863 ίσον
950 3802 1093 3872 κοινώσας
1118 3800 1290 3864 ’Λπίλλανι
1330 3801 1355 3883 ¹)

172 3975 338 3986 -———-—·

202 4089 223 4146 I)
245 4090 287 4137 Bis
309 4087 367 4136 haec
390 4085 527 4134 Heraclilaa
548 4084 572 4133 in
594 4083 695 4133 Scholiis
717 4083 746 4130 ad
765 4081 833 4130 Iliad.
853 4087 945 4131 servata
963 4087 1030 4140 sunt,
1048 4085 1076 4132 ad
1095 4090 1131 4141 A,
1149 4085 1193 4132 43:
1214 4079 1299 4144 Φοῖβον
1319 4079 1358 4132 νίν

172 4175 241 4226 asna
266 4171 374 4236 ὀνομάζοι
400 4173 448 4222 ἀπὸ
467 4179 518 4222 τῶν
534 4172 635 4221 ιἰκπίνιιν
654 4170 764 4233 λαμπρδν
782 4165 862 4217 ’ὄντα
878 4172 950 4230 (unde
967 4171 1015 4220 iam
1032 4171 1150 4222 insariam
1167 4190 1181 4222 a
1198 4190 1236 4223 me
1253 4173 1283 4230 ὥς
1301 4175 1358 4223 satis

174 4269 310 4328 stabilitur),
334 4266 365 4314 τδ
389 4266 458 4325 μόνον
476 4263 535 4328 ἡλίῳ
554 4263 641 4326 προσὸν
660 4258 686 4322 i}
702 4259 757 4310 ’ίσον
777 4259 889 4316 κοινιίσοις
911 4260 1046 4312 Ἀπόλλοινι
1065 4261 1106 4309 καί
1125 4261 1226 4328 Μούσῃ,
1243 4270 1268 4314 et
1285 4266 1357 4314 diser-

174 4359 216 4409 tin
238 4360 266 4427 ad
290 4364 326 4416 A,
346 4357 388 4408 722
413 4351 498 4416 Φοῖβον
517 4350 556 4403 σίν
573 4352 648 4402 anicio
666 4352 715 4401 οίπό
732 4358 780 4401 τῶν
798 4351 899 4400 ιἰκπίνιιν
918 4347 1026 4413 ὀνομάζει
1046 4352 1082 4409 ὥς
1103 4355 1221 4417 λαμπρόν,
1240 4355 1270 4402 τὸ
1290 4350 1359 4418 μόνον
