2978 4950
691 232 757 298 433

127 431 215 492 esset
256 426 445 512 explicatius
483 429 682 509 exponerent.
738 423 852 508 Iteque
889 423 1160 508 quemadmodum
1194 422 1252 489 illa
1287 426 1320 489 in

126 535 236 619 priore
271 533 357 597 λύσει
389 532 427 596 de
457 534 490 596 vi
522 533 610 596 verbi
643 530 764 607 θέλγειν
792 530 957 595 observate
988 529 1116 595 aliunde
1139 530 1323 596 uroessendn

126 639 315 715 oensebem‚
339 642 385 704 its
406 659 490 703 nune
509 641 543 702 in
562 637 661 702 ultera
681 656 804 721 quoque
824 644 912 720 perte
929 639 975 701 sio
995 636 1156 729 egendum
1176 636 1321 714 arbitror,

126 748 168 809 nt
206 765 261 821 ee,
297 765 377 829 ques
413 745 451 809 de
481 745 642 808 sohemate
673 746 736 807 άπὸ
768 741 876 821 μέρους
906 743 941 805 πὸ
972 740 1040 806 ὅλον
1069 743 1121 807 hio
1146 742 1323 808 adhibendo

126 848 330 937 Porphyrius
364 850 451 916 haud
486 851 581 915 dubie
617 850 781 924 disseruit,
818 855 925 913 mente
955 848 1070 914 saltem
1100 869 1156 914 sno
1185 848 1254 914 looo
1276 871 1324 916 re-

126 964 301 1043 ponuntur.
348 956 438 1023 Haeo
469 964 578 1023 entem
611 963 643 1021 et
667 977 705 1020 ex
731 957 883 1020 extremis
904 956 1011 1020 verbis
1035 958 1174 1042 excerpti
1198 977 1237 1021 ex
1260 955 1323 1037 HQ

126 1062 170 1129 sd
203 1084 253 1128 νε.
292 1060 357 1128 329
393 1062 549 1128 elioiende
584 1067 616 1126 et
646 1082 685 1127 ex
715 1063 774 1143 iis,
807 1081 888 1146 quae
919 1060 1014 1146 penio
1044 1062 1174 1126 uberius
1202 1065 1236 1127 in
1260 1064 1323 1131 alio

127 1174 279 1254 exesrpto
311 1169 483 1234 eorundem
507 1169 654 1233 oodioum
679 1165 800 1252 (HQV)
827 1167 866 1231 ed
889 1188 936 1231 vs.
962 1166 1029 1231 240
1053 1166 1214 1252 disputate
1237 1179 1320 1234 sunt.

127 1275 280 1361 quue
311 1277 357 1340 ibi
391 1276 431 1340 nd
462 1274 584 1340 lemme
605 1275 705 1353 αάπάρ
728 1278 794 1344 νοῦς
820 1269 852 1345 ἦν
877 1273 1025 1351 έμπεδοςε
1051 1276 1111 1353 οὐχ
1134 1276 1148 1338 d
1172 1277 1320 1354 σύμπας,

126 1383 205 1447 άλλ’
237 1383 252 1446 δ
276 1383 362 1447 καπά
386 1385 420 1446 πδ
445 1382 657 1463 φιλάνθρωπον
683 1380 782 1457 μόνον.
809 1379 852 1444 διδ
878 1380 929 1444 καὶ
955 1380 1108 1445 σαίνουσιν
1131 1378 1230 1463 ὥσπερ
1256 1383 1322 1449 δελ-

126 1494 229 1570 (disse.
264 1488 437 1569 „missisque
462 1488 489 1553 δ’
514 1490 567 1553 οὐκ
591 1485 695 1551 ἔλιπον
719 1487 829 1564 βιοτάν
838 1487 868 1564 ,”
892 1488 975 1552 καπά
999 1490 1050 1552 πδν
1073 1488 1227 1568 Πίνδαρον.
1275 1491 1324 1555 ita

126 1594 262 1662 demum
297 1616 377 1681 ques
411 1599 444 1660 in
480 1597 699 1660 observatione
731 1600 768 1658 ut
799 1615 883 1658 nuno
907 1599 971 1659 stet
994 1594 1193 1681 Porphyrius
1216 1604 1324 1662 eontra

126 1722 251 1768 morem
275 1723 371 1767 suum
395 1705 501 1787 posuit
525 1707 671 1785 tentum,
695 1701 733 1766 de
756 1721 845 1765 more
868 1702 966 1765 etiem
989 1701 1135 1785 probasse
1154 1724 1324 1790 argumen-

126 1809 226 1874 tando
247 1809 422 1893 apparebit.
457 1808 564 1873 Simul
583 1807 732 1873 videmus
753 1815 785 1873 et
804 1807 895 1883 hino,
918 1826 1014 1890 quam
1027 1807 1159 1874 disiecta
1170 1812 1322 1896 principis

126 1914 318 2002 hytioorum
342 1916 486 1980 membra
508 1915 599 1979 nohis
622 1899 790 1998 supersint.

170 2020 286 2106 Neque
310 2029 418 2086 temen
442 2021 494 2087 vel
517 2042 601 2086 nuno
625 2031 682 2084 eut
710 2019 958 2106 Hemburgense
981 2018 1131 2085 Scholion
1154 2018 1250 2087 finem
1273 2045 1323 2089 re-

126 2130 209 2214 oipit
244 2134 300 2193 ent
334 2130 404 2194 eius
425 2128 567 2196 mendo.
614 2127 693 2192 Post
727 2128 743 2200 ἡ
776 2127 887 2205 ῥάβδος
923 2129 939 2201 ἧ
971 2131 1219 2205 μεταμορφῶσαι
1245 2129 1321 2195 haee

126 2233 283 2300 eduntur:
317 2235 367 2298 ε’πδ
404 2239 478 2312 γοῦν
513 2238 567 2298 ποῦ
599 2233 772 2305 Ὀδυσσέας
802 2235 841 2297 οὐ
870 2233 958 2310 λέγει
989 2233 1092 2314 ῥάβδῳ
1117 2245 1321 2320 πεπληγυῖα,

126 2341 203 2405 ἀλλ’
233 2338 332 2418 ἕτερόν
362 2341 426 2404 ε’σσι
462 2340 498 2404 πδ
534 2340 711 2418 λεγόμενον.
747 2343 779 2404 οὐ
814 2342 877 2417 γάρ
911 2338 956 2404 ὅτι
992 2342 1045 2404 οὐκ
1075 2339 1197 2414 έάελξον
1227 2344 1320 2407 αὐτὸν

126 2451 179 2512 τοῦ
220 2447 390 2526 Φαμμάκου
425 2448 476 2512 διά
511 2452 545 2511 πὸ
583 2447 718 2525 φάσκειν
758 2457 797 2529 πη
836 2446 940 2528 ῥάβδῳ
971 2450 1120 2519 πλάσσειν
1151 2450 1190 2521 cde
1222 2474 1320 2526 μεσα-

126 2557 264 2632 μογφοῦν
292 2555 381 2632 ἱκανῇ
414 2555 464 2618 καὶ
498 2555 659 2636 άλλοιοῦν,
693 2555 746 2618 καὶ
770 2554 820 2618 ε’πδ
845 2560 902 2617 πῶν
928 2553 1052 2629 έπαέρων
1078 2553 1240 2634 εἰληφέναι
1263 2556 1320 2632 μέν

126 2661 178 2724 πδν
203 2667 339 2724 κυκεῶνα
363 2684 415 2723 και
441 2662 634 2737 πεπωκέναι,
641 2685 714 2832 ὸπην
738 2659 769 2723 δὲ
794 2659 928 2736 οιομένην
953 2660 1119 2740 πεάέλχάαι
1141 2661 1233 2725 αὐτὸν
1254 2664 1319 2728 έπι-

126 2767 236 2848 φέρει
248 2791 303 2841 την
337 2767 449 2847 ῥάβδον
480 2763 524 2831 δτι
559 2769 638 2831 οὔτ
620 2768 778 2843 τδσῶμα
809 2764 893 2839 ivr
873 2765 1167 2843 πδμεπαβάλλον,
1199 2771 1275 2832 ἀλλ’
1301 2774 1317 2844 ἡ

126 2874 229 2953 dvxi·
278 2873 320 2937 Et
354 2873 431 2938 haee
463 2893 576 2957 oorrup
578 2875 703 2937 tissime
736 2873 985 2948 sunt,tsedt1tn
1009 2879 1156 2957 corrupta
1179 2881 1233 2950 ut,
1257 2879 1320 2940 nisi

126 2995 180 3046 me
214 2982 321 3045 omniu
353 2979 487 3062 feliunt,
520 2985 607 3043 certis
631 2981 820 3044 coniecturis
843 2982 947 3063 iisque
968 2978 1142 3044 lenissimis
1166 2985 1322 3046 sententis

126 3087 244 3152 horum
268 3085 371 3151 veluti
395 3107 433 3151 ex
457 3084 538 3151 Orco
561 3086 593 3149 in
617 3084 723 3150 luoem
748 3087 888 3150 revocari
908 3087 1017 3169 possit.
1055 3084 1204 3169 Inprimis
1222 3087 1323 3154 faceta

126 3207 203 3260 sunt
227 3192 311 3278 quod
335 3193 372 3257 de
391 3191 488 3257 Ulixe
508 3196 541 3257 οὐ
562 3192 649 3269 λέγει
670 3190 773 3271 ῥάβδῳ
795 3198 988 3268 πεπληγυῖα.
1015 3193 1115 3274 Atqui
1136 3193 1170 3255 in
1183 3191 1323 3259 Homero
1442 3181 1445 3189 ¹

126 3320 180 3365 me
205 3298 312 3386 legere
335 3300 491 3363 memini:

267 3404 368 3483 αὐπαρ
393 3405 458 3468 ἐπεὶ
484 3404 575 3469 δῶκέν
599 3394 632 3467 πε
659 3405 712 3467 καὶ
738 3401 839 3467 ἔκπιον
863 3402 977 3479 ουδέμ
980 3400 1147 3480 ’έ,άελξεν

266 3510 398 3591 ῥάβδῳ
422 3510 822 3587 πεπληγυιαέποςπ’
848 3506 981 3588 έ’έφαπ
982 3508 1049 3571 κε’
1074 3508 1232 3591 δνάμαζεν.

126 3619 326 3684 Putemusne
360 3616 576 3703 Porphyrium
614 3619 647 3680 in
682 3616 824 3681 Homero
860 3635 917 3680 sno
951 3614 1045 3679 aliter
1080 3614 1218 3700 legisse?
1252 3617 1324 3682 Non

126 3725 258 3812 opinor,
283 3725 411 3810 negetis
435 3727 520 3788 enim
545 3745 606 3788 non
631 3723 727 3786 huius
751 3733 799 3787 est
822 3722 876 3786 sed
899 3721 1044 3786 Prelleri.
1064 3721 1160 3807 (App.
1180 3744 1211 3808 p.
1234 3723 1324 3811 781.)

126 3833 241 3916 lteque
272 3830 331 3894 heo
363 3834 484 3894 suetori
516 3850 573 3895 suo
597 3829 719 3894 reddite
743 3849 799 3893 nos
824 3836 928 3892 totum
953 3828 1060 3892 looum
1084 3831 1130 3892 its
1155 3834 1324 3896 constitue·

126 3955 218 4005 mus:
256 3936 306 4000 έπδ
343 3941 418 4013 γοῦν
441 3942 494 4001 ποῦ
523 3935 694 4004 Ὀδυσσέως
720 3936 751 3997 si
778 3936 866 4012 λέγει
891 3934 994 4014 ῥάβδῳ
1019 3943 1220 4012 πεπληγυῖα,
1246 3937 1323 4002 ἀλλ’

126 4042 227 4121 inpio
255 4044 316 4127 (γ’)
342 4044 407 4106 ε’σπι
432 4045 467 4108 πδ
492 4043 669 4119 λεγόμενον.
692 4042 725 4104 οὗ
748 4043 812 4121 γάρ
833 4039 877 4104 ὅτι
899 4041 951 4105 οὐκ
975 4039 1095 4118 έάελξεν
1115 4042 1208 4106 αιἰπδν
1232 4045 1325 4130 (διά)

126 4157 197 4218 τοῦ
221 4149 464 4228 Φαμμάκου,
491 4150 555 4214 διδι
583 4149 723 4234 (rodhe
747 4150 905 4223 φάσκει
930 4157 968 4228 τῇ
993 4147 1096 4227 ῥάβδῳ
1117 4150 1268 4222 πλάσσειν
1287 4154 1325 4225 oie

126 4261 353 4335 κεπαμορφοῦν
390 4258 477 4338 Ξκανῇ
515 4257 566 4319 καὶ
603 4257 764 4330 άλλοιοῦν,
803 4256 920 4338 (άλλ’)
952 4256 997 4326 ὣς
1030 4255 1080 4318 έπδ
1113 4261 1171 4319 τῶν
1205 4257 1329 4335 ἐπαίρων
1415 4340 1416 4344 ¹

126 4361 294 4445 εἰληφέναι
328 4363 384 4440 μέν
415 4363 468 4428 πδν
501 4368 635 4428 κυκεῶνα
668 4361 721 4424 καὶ
753 4360 948 4437 πεπωκέναι,
980 4362 1036 4436 την
1068 4361 1099 4426 δέ
1122 4362 1257 4441 οἰομένην
1279 4390 1332 4430 πε-

1147 4483 1180 4532 28
