2978 4950
696 171 760 240 451

126 364 299 431 emendare
333 363 552 447 desperamus,
591 363 740 430 continuo
775 373 812 430 ut
841 365 981 429 insiticia
1012 359 1204 427 eliminanda
1234 363 1321 424 sunt.

129 470 261 536 Etenim
292 471 375 534 mira
399 475 447 534 cst
469 477 526 534 τῶν
548 471 734 549 Ἡρακλείων
759 476 879 545 στηλῶν
903 471 1028 559 glossa,
1053 473 1089 534 ut
1113 465 1322 554 explanentur

129 595 204 663 per:
230 577 272 648 εἰς
297 576 395 662 (quod
418 579 593 641 mutatione
614 577 790 664 reponitur)
805 579 861 651 rio
882 575 1005 653 ἄβατον
1025 572 1150 662 (quidt)
1164 574 1322 636 ’Ὠκεανοῦ

130 683 313 759 θάλασσαν,
347 685 452 770 magis
483 684 583 756 mira,
614 704 694 768 quae
724 685 758 748 in
789 684 935 770 pauculis
960 685 1064 750 verbis
1089 689 1155 746 tam
1179 677 1322 745 multifa-

128 792 214 858 riam
248 795 398 875 corrupta
432 791 483 855 sit.
531 789 650 854 Deinde
679 791 811 856 abiectis
840 791 890 855 hia
921 811 1001 875 quae
1032 793 1218 863 remanent,
1247 783 1322 848 ἀλλ’

131 898 206 978 ὑπὲρ
231 894 434 976 Ἡρακλέους,
459 896 576 975 Φασίυ,
602 894 744 975 ἐσχάτας
771 898 909 979 στιὶλας,
930 897 1036 961 nescio
1055 894 1133 978 quid
1150 893 1323 977 abruptum

130 1009 263 1087 sonant,
296 1002 335 1068 ab
366 1001 526 1067 Heracliti
556 1003 750 1068 rotunditate
773 998 929 1095 plenoque
953 1023 1006 1068 ore
1028 1000 1121 1087 plane
1144 1000 1323 1066 abhorrens.

130 1110 245 1196 Iteque
276 1111 431 1176 retineam
457 1108 574 1174 ultima
598 1115 630 1175 at
654 1117 806 1176 correcta:
834 1112 909 1175 οὶλλ·
936 1111 1008 1190 ὑπὲρ
1031 1106 1236 1194 Ἡρακλίους,
1260 1114 1325 1188 φα-

130 1217 200 1293 σίν,
233 1214 379 1296 ε’σχοίτας
408 1217 527 1290 στιίλας
553 1215 606 1280 καί
631 1218 685 1292 τὴν
708 1217 943 1295 ῶδιοὶβατου
966 1216 1123 1280 Ὠκεανοῦ
1148 1213 1323 1278 θάλασσαν.

131 1320 309 1389 Columnas
338 1322 488 1387 Herculis
521 1321 745 1409 Oceanumque
776 1331 884 1389 mente
914 1326 1064 1410 coniungi
1087 1321 1140 1387 vel
1162 1343 1202 1388 ex
1224 1319 1326 1386 Hero·

130 1428 211 1497 doto
242 1435 330 1514 patet
361 1431 405 1495 sic
429 1430 585 1495 scribente
609 1429 681 1516 (IV,
707 1430 761 1511 δίε
786 1431 942 1512 Ἐρύθειαν
967 1439 1068 1506 νῆσον,
1096 1431 1150 1504 τὴν
1174 1426 1246 1507 πρθς
1268 1435 1325 1501 Γν-

129 1537 251 1616 δείροισι
288 1542 364 1600 τοῖσι
397 1533 453 1611 ἔξω
486 1537 660 1616 Ἡρακλέων
684 1535 819 1609 στηλέων
842 1537 892 1602 ἐπί
916 1541 958 1618 τῷ
983 1535 1141 1615 Ὠκεανῷ.
1188 1537 1231 1599 At
1254 1536 1327 1619 quis

130 1642 220 1710 dicct
244 1643 401 1707 Ὠκεανοῦ
426 1639 594 1706 ediceret
614 1641 641 1707 Ε
662 1641 793 1709 Graccis
810 1664 904 1708 nemo
923 1664 1008 1708 nunc
1028 1641 1109 1706 mihi
1129 1643 1326 1726 inpromptu

130 1755 182 1817 est
216 1751 272 1834 qui
307 1751 353 1814 sic
386 1749 512 1814 dixerit.
560 1748 606 1813 At
636 1749 749 1815 Florus
780 1750 861 1814 dixit
892 1753 926 1814 in
956 1748 1073 1814 ultimo
1097 1750 1200 1833 operis
1222 1749 1327 1832 capite

133 1854 204 1942 (lv,
235 1854 299 1920 XII
326 1857 344 1940 ξ
378 1853 453 1940 49);
480 1855 574 1933 „hinc
598 1857 676 1943 fuga
699 1855 955 1940 (Cantabrorum)
980 1856 1014 1919 in
1037 1855 1325 1919 eminentissimum

135 1961 290 2028 Vinnium
310 1967 471 2045 montem,
495 1979 590 2046 quem
608 1963 705 2025 morio
724 1965 813 2047 prius
836 1966 946 2026 Oceani
965 1981 1061 2047 quam
1081 1980 1170 2024 arma
1181 1959 1328 2025 Romana

132 2067 325 2135 adscensum
358 2088 424 2133 esse
459 2067 683 2133 crediderant.'’
741 2067 834 2143 Quod
871 2068 995 2132 tumido
1030 2065 1175 2132 Romano
1209 2065 1328 2130 rhetori

130 2173 246 2247 licuit.
276 2173 386 2258 quidni
419 2171 540 2239 Graeco
571 2193 754 2239 concessum
779 2176 906 2239 sitnon
930 2174 1233 2261 magiapaucorum
1257 2192 1327 2239 ver·

130 2282 248 2349 borum
274 2278 418 2346 hominii

178 2489 217 2555 0.
249 2490 328 2556 XXI
358 2494 401 2578 (p
428 2490 502 2577 44);
528 2494 593 2569 Τὴν
618 2493 784 2570 ἐπιβουλὴν
810 2492 896 2578 (Διῒ)
923 2499 1100 2559 συνιστᾶσιν
1124 2530 1144 2545 ·
1165 2491 1248 2574 Ἡρα
1271 2530 1291 2545 -
1306 2530 1326 2543 -

131 2598 151 2664 θ
180 2601 212 2662 τ’
245 2599 383 2680 ἁδελφὸς
416 2599 582 2684 Ποσειδῶν,
613 2598 647 2674 ἐξ
677 2599 742 2664 ίσου
767 2600 904 2676 νεμηθεὶς
926 2597 1073 2677 ἅπαντα,
1099 2600 1151 2664 καί
1175 2600 1246 2682 οὐχί
1271 2606 1324 2665 τοῦ

131 2706 317 2786 διαμαρτεῖν
347 2701 380 2778 ἧς
412 2704 526 2784 ῶφειλε
559 2713 652 2783 τιμῆς
684 2704 825 2782 ἠξιῶσθαι
858 2708 942 2770 κατοὶ
965 2712 1019 2771 τοῦ
1044 2710 1326 2782 πλεονεκτήσαντας
1361 2740 1367 2749 ⁴

131 2812 371 2893 ἢγανακτιικῶς.
418 2812 586 2898 Apertiora
618 2820 710 2879 emnt
744 2813 977 2899 praepositione
1008 2817 1143 2881 inserta:
1176 2814 1229 2879 καί
1253 2814 1325 2896 οὐχί

129 2921 202 3006 (ἐκ)
227 2922 280 2984 τοῦ
304 2921 486 2999 διαμαρτεῖν
511 2917 544 2995 ἧς
569 2917 682 3001 ὤφειλε
707 2929 800 2997 τιμῆς
828 2919 970 2995 ἠξιῶσθαι
994 2922 1079 2986 κατὰ
1103 2925 1156 2986 τοῦ
1180 2936 1326 2987 πλεονεκ-

131 3031 287 3103 τιίσαντος
312 3026 546 3104 θνανακτνκώς.
572 3026 617 3091 Ut
640 3030 743 3104 enim,
771 3028 854 3111 quod
874 3049 959 3092 nunc
978 3048 1059 3113 pono
1077 3033 1214 3106 tantum,
1240 3033 1325 3094 recte

131 3136 263 3202 dicatur
284 3133 392 3199 τούτου
414 3136 586 3210 ἀγανακτῶ
610 3157 655 3197 σοι
678 3154 735 3219 pro
756 3133 805 3199 διὰ
831 3139 935 3211 τοῦτο,
958 3137 1030 3220 quis
1040 3142 1205 3220 propterea
1216 3137 1327 3221 probet

132 3245 309 3321 ἀγανακτῶ
334 3264 378 3304 σοι
402 3245 456 3305 τοῦ
481 3241 677 3320 διαμαρτεῖν,
705 3248 742 3304 ut
765 3243 808 3334 sit
831 3246 883 3305 τοῦ
907 3240 1090 3322 διαμαρτεῖν
1114 3237 1224 3306 ἕνεκαί

181 3455 301 3522 Paucis
334 3455 524 3519 interiectis:
561 3450 670 3531 νομίζω
708 3451 735 3517 δ’
768 3451 870 3530 ἔγωγε
901 3461 956 3527 τῆς
990 3453 1158 3529 ἐπιβουλῆς
1190 3451 1246 3518 Διί
1274 3455 1328 3529 τὴν

131 3563 287 3641 σωτηρίαν
319 3559 568 3640 οἱπρεπεστέραν·
602 3560 693 3632 Θέτις
726 3559 789 3639 γὰρ
819 3561 912 3624 αθτθν
935 3558 1104 3636 οὶπιὶλλαξε
1128 3566 1185 3625 τῶν
1210 3561 1329 3638 δεσμῶν

132 3669 189 3737 καί
222 3669 379 3750 Βριάρεως.
412 3669 562 3747 ῶπρεπεῖς
594 3666 619 3731 δ’
644 3668 676 3730 αῖ
703 3671 846 3731 τοιαῦται
873 3667 1013 3740 ἐλπίδες,
1037 3669 1075 3738 ῶς
1100 3668 1239 3732 τοιούτων
1260 3668 1327 3741 δεη·

132 3780 221 3851 θῆναι
256 3775 446 3853 συμμαχῶν.
495 3773 619 3838 Ultima
641 3773 697 3837 vix
718 3775 845 3860 integra
869 3793 935 3837 esse
957 3777 1099 3858 possunt.
1126 3772 1265 3851 „Nullus
1289 3773 1329 3839 de

132 3883 243 3951 ῖλπίσι
267 3886 461 3967 potestesse
485 3880 606 3946 sermo’'
629 3883 795 3944 venseime
820 3878 1000 3962 Mehlerus,
1022 3881 1207 3966 pergitque:
1229 3880 1328 3966 „quid

131 3990 273 4058 scribere
304 3988 449 4052 debuerit
477 4009 513 4051 oc
545 3985 681 4051 voluerit
712 3985 896 4050 Heraclitus
927 3989 960 4049 in
991 3988 1096 4080 aprico
1124 3993 1180 4051 est.
1229 3986 1329 4052 Ouius

133 4098 295 4165 sententia
320 4116 338 4159 e
361 4095 516 4181 corruptis
539 4094 644 4159 verbis
667 4094 751 4159 hunc
772 4093 902 4158 fortasse
920 4095 954 4157 in
975 4093 1104 4158 modum
1121 4099 1230 4178 potest
1242 4096 1329 4160 elicit

136 4204 279 4295 ἀπρεπὲς
316 4200 342 4264 δ’
367 4203 392 4265 εἰ
427 4206 567 4265 τοσοῦτον
593 4199 750 4275 ἐλείπετο,
777 4203 815 4271 ῶς
840 4198 927 4264 κτὲ.”
962 4198 1025 4265 Sed
1047 4201 1106 4265 hoc
1132 4201 1213 4265 nihi
1235 4203 1334 4266 nimis

136 4334 158 4381 a
195 4311 369 4377 literarum
404 4309 548 4394 apicibus
583 4308 725 4373 recedere
757 4306 894 4372 videtur.
940 4306 1085 4372 Fortasse
1118 4327 1181 4372 unc
1211 4311 1336 4374 tantum
