2978 4950
675 189 773 267 '460

146 390 325 470 θυμαλγέα.
352 391 378 475 (1
404 389 503 462 260),
526 390 709 477 similiaque
726 398 758 455 et
779 391 864 477 apud
886 389 971 455 hunc
990 395 1070 454 sunt
1088 393 1122 453 et
1132 385 1218 472 apud
1227 403 1321 452 omnes

144 519 320 566 annumera.

191 708 226 777 O.
252 709 336 776 XXI
359 710 403 795 (p.
428 708 503 795 til:
528 710 753 788 Βαούτατον.δ’
779 708 927 788 ἔγκλημα
951 711 1037 775 κατὰ
1062 708 1099 793 (l.
1120 708 1218 791 καθ’)
1236 705 1319 781 ‘Opt-

147 841 212 897 pov,
245 819 297 882 καὶ
329 818 433 889 πύσιος
465 818 637 891 καταδίκης
669 815 770 902 ἄξιον,
803 816 886 892 ciacc
918 814 978 896 θρα
1010 816 1221 897 αεμύθενκεν,
1243 811 1319 882 dcta

147 933 210 998 τοῖς
247 924 362 1005 ἐφεξῆς
398 924 498 1002 ἔστιν,
534 922 632 1004 εύοον,
669 921 713 989 θτι
747 924 798 989 τὸν
831 925 979 990 excusas
1004 923 1149 1002 ἦγεμθνα
1175 919 1318 1004 „derbices

148 1031 319 1107 Ὀλύμπιοι
344 1031 447 1106 ἤθελον
470 1030 582 1096 ἄλλοθ’
605 1048 676 1096 κτλ.
704 1033 745 1118 (Α
770 1030 835 1097 399
860 1040 959 1117 seqq.)
983 1031 1068 1112 Quid
1092 1035 1158 1106 est,
1180 1032 1218 1092 ut
1236 1043 1319 1090 uuum

145 1139 184 1203 de
216 1138 330 1204 multis
360 1142 506 1224 promam
536 1137 589 1203 hio
617 1141 766 1204 intricate
798 1138 910 1216 dictis,
934 1138 1017 1217 εθπερ
1042 1134 1104 1216 θρα
1129 1134 1320 1214 mactem,

145 1248 184 1317 cic
217 1247 246 1309 lv
278 1254 340 1314 τοῖς
372 1242 486 1325 ἐφεξῆς
510 1242 614 1309 irrasi
638 1243 743 1310 Vertit
767 1244 947 1311 Mehlerus:
960 1247 1081 1321 ‘„sicut
1104 1245 1140 1307 in
1164 1244 1207 1306 iie
1229 1242 1319 1310 extat,

146 1373 225 1438 quae
248 1350 394 1437 deinceps
417 1353 636 1437 sequnntur‚”
665 1350 749 1437 quod
772 1352 944 1418 ostendisse
968 1353 1047 1419 eatis
1070 1356 1130 1416 est.
1177 1348 1219 1414 Et
1241 1364 1320 1433 quau

144 1462 281 1544 pessime
305 1462 518 1544 compositum
542 1467 590 1524 est
613 1458 716 1524 istud:
741 1459 918 1538 βαρύτατον
939 1457 967 1524 δ’
989 1456 1140 1536 ἔγκλημα
1160 1456 1230 1521 καθ’
1241 1453 1322 1530 'oct

144 1588 194 1644 pov
217 1601 237 1614 ·
257 1560 386 1641 εύρον,
410 1562 455 1629 ύτι
471 1564 681 1641 --ξυνδῆσαι
708 1565 879 1639 Ὀλύμπιοι
904 1566 1019 1640 ἤθελον.
1066 1563 1177 1650 Atque
1200 1563 1273 1628 haer
1291 1580 1321 1626 ox

147 1674 327 1737 coniectura
356 1672 495 1756 profecta
518 1678 604 1737 sunt.
651 1670 814 1738 Edebatur
837 1674 911 1737 ante
936 1670 1132 1737 Mablerum:
1158 1669 1320 1741 sirianis

147 1775 262 1856 ἐφεξῆς
287 1777 401 1842 ἔνεστιν
424 1779 535 1856 εὑρεῖν·
560 1774 610 1843 dre
634 1779 684 1842 τθν
709 1793 779 1843 κτλ.
815 1776 855 1843 ln
871 1776 961 1844 Galei
980 1795 1055 1843 mss.
1077 1775 1177 1864 Angl.
1199 1781 1322 1840 extrem

148 1885 195 1949 ita
224 1884 412 1949 audiebant:
445 1881 490 1948 ύτι
525 1890 584 1948 τῶν
615 1881 782 1961 οἱπθνπων,
812 1887 846 1949 in
870 1882 938 1950 cod.
962 1882 994 1948 A
1017 1880 1138 1969 (Vatia.
1163 1874 1322 1969 871)ιθτι

147 1997 216 2055 τῶν.
257 1990 455 2068 Difficultas¹
488 1991 571 2076 quod
604 1990 769 2057 Mehlerus
796 1997 888 2057 acute
911 1991 1089 2076 perspexit,
1114 1986 1321 2076 praecipuain

147 2100 197 2164 his
221 2096 338 2163 residet
361 2096 543 2164 vocabulis:
570 2096 685 2162 ἔνεστιν
708 2099 820 2177 εὑρεῖν,
841 2098 971 2183 quodsi
992 2095 1155 2184 significat
1178 2102 1241 2180 ,eat
1256 2094 1321 2158 tarr

147 2205 230 2279 aire,
256 2224 292 2268 ea
324 2205 445 2268 ratione
468 2210 675 2289 usurpatum,
701 2225 763 2289 qna
787 2225 843 2269 nos
867 2205 917 2268 uti
939 2206 1003 2268 ista
1024 2203 1190 2270 locutione
1213 2218 1321 2268 οοιιιιιο·

148 2314 274 2392 vimus,
299 2330 317 2374 a
345 2307 477 2375 Graecis
501 2316 548 2376 est
572 2331 668 2395 quam
692 2308 954 2376 alienissimum.”
999 2307 1083 2376 Vere
1108 2310 1208 2387 dixit,
1231 2312 1321 2392 itaquo

147 2424 194 2483 est
228 2416 475 2493 emendandum,
514 2438 614 2501 neque
650 2423 757 2483 tamen
790 2438 826 2482 eo
857 2439 950 2500 quem
982 2420 1050 2502 ipse
1080 2416 1211 2482 volebat
1233 2413 1320 2481 modo.

146 2524 280 2608 Scripsit
316 2523 518 2604 Heraclitus,
556 2545 607 2586 me
648 2525 769 2588 iudice:
808 2524 985 2603 Βαρύπαπον
1023 2524 1049 2588 δ’
1085 2523 1236 2601 ἔγκλημα
1268 2520 1321 2584 καθ’

145 2634 279 2709 Ὀμύοου
313 2666 331 2677 -
350 2667 379 2703 -,
406 2629 490 2707 εἴπερ
515 2628 574 2708 ἄρα
600 2631 807 2706 μεμύθενκεν,
831 2634 868 2700 ὡς
895 2631 925 2693 ἕν
949 2641 1012 2700 τοῖς
1038 2631 1153 2709 ἐφεξῆς
1180 2628 1321 2693 ἔνεστιν

146 2741 328 2818 ἐρευνᾶν,
355 2734 398 2799 θτι
424 2736 475 2800 τὸν
500 2751 567 2798 κτλ.
612 2736 664 2800 Sic
690 2737 765 2801 alibi
791 2741 834 2822 (p.
861 2736 934 2820 88):
960 2739 1001 2816 τῷ
1025 2738 1056 2801 δὲ
1081 2736 1257 2815 βουλομένῳ
1277 2733 1323 2796 τύ·

147 2846 248 2924 apsidis
286 2845 423 2924 ἐρευνᾶν,
458 2844 623 2906 ἐπινοεῖται
648 2844 755 2921 τρόπος
781 2845 1050 2921 οθλλνγορουμέννς
1076 2844 1238 2917 ἀληθείας.
1281 2838 1323 2902 ii·

147 2956 229 3015 tium
255 2957 286 3014 et
310 2951 361 3013 hic
386 2971 424 3013 en
448 2950 597 3013 lacunula
621 2960 746 3033 ortum,
772 2950 879 3035 quales
903 2952 1082 3036 permultae
1106 2951 1140 3014 in
1166 2947 1322 3016 Heraclitei

144 3058 246 3121 libelli
271 3057 432 3120 codicibus
456 3056 665 3120 offenduntur.

193 3165 367 3246 Propositis
392 3161 524 3226 Homeri
550 3163 693 3226 versibus
718 3170 827 3226 auctor
850 3162 974 3248 pergit:
1001 3163 1032 3225 ἐν
1052 3161 1171 3234 τούτοις
1192 3170 1252 3233 τοῖς
1270 3159 1324 3222 σοι’-

147 3296 213 3350 χοις
248 3268 331 3343 ἄξιός
361 3271 441 3331 ἐστιν
473 3271 611 3346 ’Όμκρος
644 3270 696 3332 ούκ
728 3269 760 3332 ἐκ
787 3274 862 3344 μιᾶς
887 3279 942 3341 τῆς
968 3269 1133 3339 Πλούτωνος
1160 3268 1325 3333 ἐλαύνεσθαι

147 3378 324 3451 πολιτείας,
359 3378 432 3439 ἀλλ’
467 3377 538 3451 ὑπὲρ
571 3374 770 3455 ’[-Ιοακλθους,
807 3377 924 3454 Φαοθν,
957 3373 1324 3453 {exercendisque}

147 3489 216 3559 τὴν
242 3484 403 3560 ἄβατον
429 3481 631 3545 Ὠκεανοῦ
657 3484 881 3545 θοὶλαποαν.
932 3482 1057 3546 Ultima
1086 3486 1228 3567 quinque
1250 3501 1326 3546 voca·

147 3593 222 3657 bula
255 3591 409 3654 llehlerus
434 3590 540 3674 spuria
564 3597 666 3653 censet
692 3610 728 3653 ao
753 3588 903 3665 delenda,
928 3590 978 3652 his
1003 3588 1184 3653 rationibus
1209 3591 1325 3654 ductus:

149 3701 244 3784 „quid
277 3699 318 3761 sit
350 3698 443 3773 ὑπὲρ
473 3698 525 3767 τὴν
553 3696 709 3759 Ὠκεανοῦ
735 3697 917 3767 θοθλαοοαν,
943 3695 1027 3759 haud
1053 3697 1101 3759 ita
1124 3703 1174 3759 est
1198 3694 1325 3760 manile

148 3813 238 3881 tnm;
271 3825 372 3886 neque
404 3803 539 3867 feliciter
572 3802 788 3887 excogitatum
819 3802 996 3885 epithetum
1029 3805 1114 3866 mari
1139 3802 1175 3866 τὸ
1200 3800 1324 3878 ἄβατοι,

145 3934 246 3994 neque
276 3910 393 3993 liquet,
429 3910 503 3992 quid
536 3910 576 3971 sit
601 3911 757 3971 Ὠκεανοῦ
784 3907 961 3970 θοθλαποα.”
1008 3907 1122 3992 itaque
1147 3929 1223 3973 cum
1247 3913 1325 3983 Ἡρα·

148 4019 251 4088 κλέους
289 4029 403 4086 στῆλαι
435 4016 467 4078 in
501 4016 700 4098 proverbium
733 4015 884 4089 abierint,
919 4018 987 4079 eius
1022 4013 1221 4098 „explicandi
1246 4029 1325 4078 causa

149 4123 301 4188 vocabula
335 4126 395 4186 iste
427 4123 467 4191 εἷς
504 4124 564 4198 (itu
597 4124 681 4184 enim
714 4120 774 4207 leg.
803 4141 857 4205 pro
883 4120 949 4198 acci)
978 4120 1100 4196 ἄβατον
1126 4123 1255 4184 ὠκεανοῦ
1280 4116 1324 4180 θύ-

148 4245 270 4293 λαοταν
296 4230 403 4292 addita
428 4249 494 4292 esse
516 4227 708 4290 existimes.’'
755 4227 923 4291 Dissentio.
943 4226 1113 4300 Primum,
1135 4229 1323 4308 quoniam·-

147 4341 184 4400 ut
204 4337 348 4401 dicebam
364 4372 403 4382 —
417 4355 477 4399 non
501 4334 608 4399 omnia
629 4354 709 4417 quae
729 4334 895 4419 negotium
915 4332 1006 4397 nobis
1026 4331 1185 4397 facessunt
1197 4348 1324 4417 quaeque
