2978 4950
715 176 780 247 lte

144 366 238 434 MV'P
274 372 318 456 (p.
352 370 428 454 163,
454 370 557 449 4-7)
590 382 624 435 et
658 371 754 456 paulo
788 371 919 435 uberius
953 370 980 434 E
1013 374 1056 454 (p.
1093 367 1167 442 162,
1192 365 1333 454 al-ao]

145 477 310 560 praebent.
337 480 428 542 eain
454 476 680 564 Etymologica
709 480 914 542 transierunt.
963 476 1086 543 Deinde
1108 474 1256 561 -qnod
1278 477 1333 541 iau

146 582 288 647 dicebam
313 621 354 632 -
373 587 504 649 invoco
523 586 704 657 rarissima,
734 582 832 648 semel
857 592 984 648 tantum
1007 586 1040 647 in
1064 581 1206 647 Homero
1230 581 1333 656 obv'm

146 688 325 761 scribenda.
358 688 547 772 derivanda,
580 688 783 774 explicanda,
816 691 1033 773 antiquissimi
1056 689 1268 777 grammatici
1291 687 1333 751 ds

142 795 249 876 plicem
273 799 429 860 rationem
454 797 555 860 secuti
579 804 664 859 eunt.
690 795 809 857 Dua-lae
832 796 992 861 ferebatur
1012 799 1188 880 scriptura,
1207 800 1333 859 caetero

145 922 236 973 rum.
260 904 409 987 inprimis
432 902 627 978 Aristarchi,
654 903 680 966 δ’
701 903 819 985 οὶμνίον,
839 901 1016 967 Zenodotea
1036 903 1172 978 δομνίον,
1194 902 1333 986 pessima

148 1045 189 1055 —
213 1008 388 1095 asyndeton
413 1011 499 1073 enim
523 1015 571 1072 est
591 1014 699 1073 contra
727 1008 827 1072 totius
856 1011 1031 1074 sententiae
1059 1008 1333 1074 conformationau

146 1113 274 1202 singula
297 1116 442 1180 membra
467 1136 521 1200 por
544 1113 576 1177 δέ
600 1117 832 1197 connectentis,
858 1152 900 1164 -
925 1134 1022 1199 quam
1046 1122 1154 1180 tamen
1185 1114 1333 1181 Nicando

147 1228 179 1285 et
215 1218 429 1286 Theodoridas
460 1220 611 1284 dicuntur
642 1220 806 1305 probasse,
841 1221 996 1287 absurdae
1018 1220 1147 1288 lectioni
1172 1221 1333 1287 assurum

147 1327 377 1414 etymologiam
392 1325 455 1390 eiad
468 1332 522 1390 τοῦ
536 1325 711 1401 deoaerici
725 1327 924 1412 adoptantes.
938 1328 1059 1411 Duplex
1070 1327 1184 1393 deindo
1194 1326 1333 1395 vocabul

147 1436 255 1511 ἀμνίον
278 1436 361 1498 inter
381 1433 597 1498 Aristarcheos
617 1433 776 1499 ferebatur
796 1437 901 1520 origo,
922 1435 1032 1516 duplex
1051 1455 1174 1520 qnoque
1196 1473 1240 1483 -
1261 1433 1333 1520 quot¹

148 1545 252 1627 primo
273 1541 388 1606 obtutu
401 1560 462 1605 non
477 1543 521 1605 ita
533 1560 601 1604 esse
612 1540 740 1604 videtur
753 1576 794 1586 -
807 1538 1006 1628 significatio.
1033 1540 1194 1606 Videntur
1212 1540 1333 1626 quiden

149 1669 258 1713 omnes
299 1667 452 1732 exponere
494 1645 703 1726 οἱμοιτοόόχον
744 1648 889 1723 ἀγγεῖον,
928 1668 1059 1732 eamque
1094 1650 1325 1733 expositionem

149 1776 245 1841 quam
269 1775 367 1818 unam
390 1752 480 1819 locus
510 1762 542 1817 et
572 1773 681 1818 sensus
712 1759 862 1837 poscunt,
893 1761 977 1818 certe
1000 1754 1130 1839 plurimi
1164 1762 1197 1819 et
1228 1757 1333 1840 optim

148 1868 292 1927 veterum
318 1864 527 1945 interpretum
552 1880 589 1924 ac
607 1863 816 1924 recentiorum
841 1859 924 1944 quod
947 1864 1047 1925 sciam
1071 1881 1179 1926 omues
1201 1881 1333 1947 compro

149 1968 313 2032 baverunt.
362 1965 424 2031 Sed
448 1973 555 2030 tamen
578 1965 660 2030 mihi
683 1965 793 2031 videor
821 1966 945 2042 videre,
978 1967 1078 2032 fuisse
1108 1970 1192 2033 inter
1221 1977 1333 2034 vetere

150 2077 205 2158 qui
229 2072 322 2139 aliter
346 2093 454 2139 vocem
479 2070 699 2156 explicandam
723 2078 891 2137 censerent
925 2071 962 2136 Id
985 2076 1127 2158 primum
1152 2071 1333 2141 conticium

150 2179 272 2266 duplici
295 2177 504 2266 etymologia.
530 2176 694 2244 Derivatio
718 2178 804 2257 nepai
827 2180 862 2242 τὸ
886 2173 969 2256 οἶμοι
990 2190 1074 2245 recte
1094 2180 1190 2244 habet
1209 2181 1250 2245 de
1269 2200 1333 2246 νον

149 2290 339 2374 sangninem
363 2286 484 2350 hostiae
507 2287 693 2370 excipiente.
722 2283 783 2348 Sed
801 2285 879 2368 quid
898 2285 1079 2350 faciendum
1093 2287 1291 2352 derivatione
1303 2287 1333 2352 al

151 2418 192 2470 ο,
216 2395 376 2479 privativa
399 2391 571 2477 particula,
596 2404 627 2455 et
651 2391 753 2474 μένος,
777 2386 835 2455 οἶον
857 2391 981 2468 apem
1004 2417 1052 2476 τι,
1077 2387 1095 2456 i'
1116 2393 1181 2456 ἐστι
1204 2416 1329 2473 creperi

150 2504 200 2564 κον
219 2537 262 2547 -
282 2502 349 2563 eive
374 2501 649 2576 οτερίοκον-τοῦ
674 2497 780 2571 μένους
805 2498 839 2560 τὸ
864 2499 953 2578 ζῷον,
979 2520 1074 2583 quam
1099 2510 1206 2564 tamen
1232 2520 1333 2565 omnot

149 2610 249 2671 nostri
274 2606 375 2670 fontes
399 2611 577 2669 constanter
600 2607 696 2689 priori
720 2603 939 2691 subiungant?
964 2605 1010 2670 Ea
1033 2606 1161 2690 quidem
1186 2607 1333 2672 derivati<

149 2714 272 2777 nonnisi
308 2710 463 2776 violenter
498 2711 669 2775 admodum
701 2713 735 2774 in
767 2732 823 2775 vas
850 2712 1008 2796 quoddam
1041 2733 1166 2777 sacrum
1197 2714 1333 2796 quadrat

150 2820 271 2884 Deinde
302 2818 379 2902 quid
409 2819 470 2881 sibi
500 2816 612 2881 volunt
645 2818 739 2881 verba
768 2817 1069 2901 Epimerismorum:
1104 2820 1287 2895 μέμφονται
1311 2820 1333 2884 a

149 2908 212 2996 τοῖς
237 2929 391 3006 γράφουσι
415 2925 507 3005 χωρὶς
529 2930 581 2988 τοῦ
600 2926 695 3007 inira,
716 2922 765 2987 i‘ac
783 2926 919 3004 ονμοίνῃ
940 2928 973 2990 τὸ
995 2928 1134 3002 coepisc
1149 2930 1332 3009 (οφοογεῖον)

150 3037 190 3098 οὐ
214 3035 291 3113 γὰρ
314 3032 518 3111 βούλεταί
541 3056 578 3095 τι
601 3036 801 3106 τοιοῦτον,
825 3031 858 3096 id
882 3039 945 3108 eat,
979 3053 1052 3096 nam
1086 3032 1149 3097 tale
1180 3017 1333 3117 quoddam

150 3150 272 3225 praeter
296 3145 405 3224 poetae
426 3146 565 3202 mentem
587 3134 653 3201 eet?
678 3136 764 3216 Quae
791 3138 885 3203 verba
908 3146 991 3202 certe
1014 3142 1101 3203 omni
1129 3160 1222 3204 sensu
1254 3160 1333 3205 cassa

149 3254 241 3324 sunt,
265 3249 292 3311 ei
315 3246 353 3310 de
378 3247 465 3310 varia
489 3251 616 3309 tantum
636 3247 703 3308 sive
727 3247 882 3328 scriptura
900 3248 968 3309 sive
994 3245 1192 3332 etymologia
1221 3249 1332 3333 agitur

149 3352 212 3418 Sed
236 3355 344 3439 agitur
366 3371 507 3436 quoqne,
531 3356 568 3414 ut
591 3350 677 3426 dixi,
704 3350 742 3414 de
766 3350 886 3434 duplici
913 3350 1151 3438 significatione.
1201 3351 1333 3417 Fuerunt

149 3462 203 3544 qui
227 3459 334 3535 ἀμνίον
359 3461 566 3541 exponerent,
589 3477 651 3520 non
673 3493 713 3504 -
736 3464 772 3520 nt
795 3456 925 3541 plurimi
946 3496 987 3505 -
1009 3480 1064 3522 vas
1088 3459 1127 3522 ad
1151 3462 1333 3545 sanguinea

149 3569 299 3630 victimae
335 3564 556 3647 excipiendum
590 3565 809 3647 suppositum,
850 3563 904 3627 aed
936 3585 1069 3647 parvum
1103 3564 1273 3629 cultellum
1303 3564 1333 3630 ai

149 3674 316 3736 victimam
336 3668 562 3735 conficiendam
576 3669 865 3749 accommodatum,
879 3679 973 3754 atque
986 3672 1044 3736 hoc
1057 3678 1121 3754 eet,
1136 3671 1219 3754 quod
1233 3678 1333 3737 auctor

149 3777 433 3861 Epimerismorum
464 3778 533 3839 iure
557 3775 641 3838 dicat
665 3796 730 3840 esse
755 3783 877 3859 praeter
900 3782 1010 3859 poetae
1034 3785 1194 3854 mentem,
1219 3779 1254 3841 οὐ
1278 3778 1333 3856 yiq

150 3882 302 3960 βούλεταί
333 3906 362 3944 τι
387 3886 526 3945 τοιοῦτον.
575 3880 609 3943 ln
635 3881 714 3945 hanc
739 3889 863 3944 tantum
890 3885 1182 3967 interpretationem
1207 3884 1333 3968 quadro

150 3989 348 4076 etymologia
371 3987 487 4064 altera,
512 3986 636 4064 οὶμένοόν
660 4010 688 4050 ri
710 3988 752 4065 da,
773 3991 806 4052 τὸ
828 3991 980 4065 στεοίοκον
1001 3996 1054 4053 τοῦ
1077 3991 1182 4064 μένους
1202 3992 1238 4054 τὸ
1257 3993 1333 4072 ζῷον

150 4103 245 4180 atque
277 4096 316 4160 ob
347 4117 417 4160 eam
448 4114 572 4178 quoque
601 4095 800 4159 conferebant
832 4093 980 4159 Atticum
1005 4098 1142 4175 σφάγιον
1166 4100 1235 4162 eive
1257 4095 1333 4179 οφο·

151 4210 245 4279 μεῖον,
269 4201 349 4265 illud
382 4201 511 4286 quidem
543 4199 642 4277 falso,
665 4221 740 4265 nam
764 4199 901 4281 σφάγιον
926 4203 1008 4267 nihil
1033 4214 1080 4268 est
1103 4208 1165 4269 nisi
1189 4207 1333 4288 victima

150 4315 305 4393 οφογεῖον
341 4307 422 4372 nihil
457 4309 519 4370 nisi
551 4327 606 4370 vas
638 4309 825 4393 sanguinem
857 4308 978 4375 hostiae
1009 4314 1184 4396 excipiens,
1216 4313 1251 4376 id
1275 4322 1333 4390 est,
