2978 4950
719 160 782 225 515

145 347 238 425 θίίυοι
274 353 355 411 erat.
391 367 450 411 non
484 349 600 410 rochia.
649 348 777 433 ltaque:
812 351 862 415 decl
893 351 1123 429 σ’Φείλκροα,
1147 357 1230 414 recte
1255 349 1340 427 illud

146 454 306 537 scriptum
341 455 376 517 in
406 454 609 520 antecedente
640 455 760 522 acholio
789 478 828 522 ex
857 456 931 537 BQ:
965 456 1054 539 χρέος
1079 456 1260 529 οίπαιτνίσυν
1284 455 1337 520 καί

144 560 319 636 ὀφείλημα.

194 781 240 852 ο,
267 773 320 840 ea.
367 775 476 854 meo
500 779 575 855 ιιι.
597 783 652 854 nr,
671 798 785 863 nempe
806 798 853 842 vs.
875 776 1085 854 11-13,31,
1101 774 1155 860 aa)
1179 737 1364 857 fineen

147 880 249 958 δθσιν,
283 880 350 947 ἐπεί
381 883 432 947 διὰ
465 883 560 957 μίσου
594 883 664 949 τινὰ
689 885 941 962 neocorensem.
968 885 1020 969 (V)
1045 884 1169 949 Immo:
1195 883 1343 963 παραδοί-

147 1011 288 1065 γνται.
335 989 501 1055 Praeterea
532 990 607 1054 hino
638 1011 762 1075 quoque
793 997 936 1076 apparet,
969 991 1052 1076 quod
1076 1011 1172 1076 supra
1194 993 1235 1075 (p.
1262 989 1342 1074 402)

147 1095 313 1171 dicebam,
337 1095 371 1159 in
401 1102 476 1160 nota
505 1116 543 1160 ox
576 1095 610 1160 H
634 1095 716 1162 etV
740 1096 780 1161 ad
807 1122 816 1160 ι
843 1095 886 1160 62
910 1106 953 1182 (p.
979 1095 1056 1179 412,
1082 1096 1115 1180 7)
1140 1102 1172 1161 et
1196 1119 1204 1159 ι
1229 1096 1272 1160 65
1298 1099 1341 1181 (ρ.

148 1200 229 1278 412,
253 1198 310 1286 26)
334 1202 434 1282 τρίτον
456 1222 518 1266 non
542 1222 611 1267 aeae
634 1223 708 1266 oum
731 1201 894 1269 Dindorlio
918 1203 1110 1268 mutandum
1134 1202 1167 1267 in
1191 1203 1265 1282 τρίς.

194 1423 240 1498 φ,
269 1413 342 1479 188.
390 1413 549 1479 Eumaeus
574 1420 605 1480 et
629 1414 808 1480 Philoetius
832 1413 867 1490 ἐξ
886 1413 966 1478 οίκου
984 1414 1089 1492 βῆσαν
1109 1415 1340 1493 ὁμαρτήσαντες

146 1519 207 1597 ἅμ’
231 1515 349 1602 ἄμφω·
375 1556 388 1569 -
404 1555 416 1568 -
442 1521 477 1583 ἐκ
501 1520 530 1583 θ’
556 1519 650 1592 αὐτὸς
670 1521 756 1598 μετὰ
777 1521 846 1593 τοὺς
869 1520 961 1597 δόμου
981 1521 1071 1595 ἤλυθε
1084 1521 1143 1592 δῖος
1157 1520 1338 1590 Ὀδυσσεύς.

146 1628 198 1695 Ad
222 1628 299 1693 haec
323 1625 478 1714 Vulgata:
506 1628 548 1696 είς
572 1629 622 1692 τὸν
646 1626 792 1706 πρίδομον
816 1627 949 1706 ἐξῆλθον.
976 1630 1125 1711 πιθανῶς,
1148 1628 1214 1691 ἐπεὶ
1232 1630 1339 1706 μακρῷ

146 1733 274 1813 πρόσθεν
309 1734 324 1798 ὁ
360 1733 512 1806 Ἀντίνοθς
547 1739 642 1814 Φνρσιν
675 1735 839 1811 »κλαίετον
869 1730 1059 1809 ἕξελθίντες”
1093 1736 1152 1817 (va.
1178 1732 1252 1818 90)·
1286 1735 1337 1797 καί

145 1839 222 1917 ἅμα
246 1839 295 1905 ίνα
317 1842 358 1919 τῷ
382 1840 532 1905 Ὀδυσσεῖ
552 1841 736 1919 συμβαλών.
784 1839 1034 1928 Corrigendum:
1065 1842 1190 1919 μικρῷ
1215 1841 1340 1917 πρόσθεν

146 1955 183 2014 et
213 1945 260 2012 ίνοι
291 1950 334 2027 τῷ
360 1945 510 2012 Ὀδυσσεῖ
530 1947 818 2030 συμβάλωσιν,
843 1967 979 2031 quorum
1002 1947 1061 2013 hoo
1085 1952 1118 2010 et
1140 1947 1224 2031 apud
1247 1946 1341 2010 Butt-

145 2075 303 2120 mannnm
336 2054 501 2119 emendate
529 2053 649 2141 legitur
673 2060 705 2119 et
726 2056 759 2118 in
783 2059 905 2130 vetere,
929 2059 1096 2138 quantor,
1121 2052 1279 2129 editione,
1301 2059 1339 2117 ut

145 2180 211 2226 non
233 2159 420 2247 intellegam
446 2159 529 2224 unde
552 2159 757 2225 Dindorfiena
782 2161 934 2225 venerint.

193 2375 240 2446 Φ,
264 2366 342 2433 239.
389 2367 620 2445 Προβλυίσκειν·
656 2367 858 2451 ἕξίρχεσθαι,
891 2367 1108 2450 προέρχεσθκι,
1140 2366 1338 2447 προβλέπειν.

144 2475 202 2562 (Q)
225 2476 276 2540 An
299 2495 355 2559 pro
380 2473 496 2538 ultimo
520 2474 772 2562 rescribendum:
797 2470 1058 2550 προβαίνεινί
1090 2473 1184 2559 Apud
1207 2471 1339 2556 Apollo·

143 2584 238 2647 nium
262 2584 285 2646 i.
310 2603 340 2646 v.
365 2580 669 2657 Προβλώσκειν·
695 2576 752 2644 olon
776 2581 1003 2660 προμολίσκειν.
1050 2579 1231 2665 Hesychius
1254 2582 1337 2646 inte·

143 2688 254 2777 grinte:
278 2689 590 2765 Προβλώσκειν·
614 2689 840 2767 προμολίσκειν,
860 2686 1077 2768 προίρχεσθαι,
1091 2688 1336 2766 προπορεύεσθαι.

191 2905 235 2978 φ,
263 2896 339 2962 397.
387 2897 526 2975 Θκντνίρ·
562 2897 792 2975 θαυμαστικίς,
828 2897 977 2976 ἔμπειρος.
1015 2895 1070 2983 (V)
1106 2895 1333 2962 Praetulerim:

143 3008 379 3082 θαυμαστικῶς
404 3003 556 3083 ἔμπειρος.

190 3238 236 3299 χ,
261 3213 316 3280 85.
351 3214 503 3279 Κσίππεσε
516 3214 657 3289 δινηθείς·
671 3215 898 3299 ἕπικαρςφθείς,
911 3214 1114 3294 ἐπιστρέψας.
1126 3213 1188 3301 (Μ)
1214 3213 1334 3279 Immo:
1394 3280 1398 3289 ,

143 3320 521 3400 ἐπιστρεψοίμενος.

191 3559 235 3617 χ,
264 3535 337 3600 185.
386 3535 487 3607 Σοίκσς
514 3571 555 3584 --
580 3534 724 3616 Λαέρτεω
751 3533 859 3615 ίίρυος,
885 3533 899 3601 ὃ
924 3535 1062 3616 κουρίζων
1086 3535 1259 3614 Φορίισκεν.
1285 3535 1335 3600 Ad

146 3642 265 3708 ultima
287 3642 384 3707 verba
406 3641 452 3706 H:
479 3638 559 3721 ίίπερ
583 3641 673 3722 ἔφερε
699 3643 760 3715 νέος
784 3643 832 3708 ὤν.
856 3640 1006 3727 Oportet:
1032 3638 1051 3706 ί
1057 3665 1128 3723 περ
1146 3642 1248 3724 ἔφερε.

191 3875 238 3933 χ,
265 3850 340 3918 325.
389 3853 578 3930 Δυσνλεγέα
609 3851 739 3917 θοίνατον
770 3855 955 3938 exponitur:
992 3853 1154 3934 δύσφημον
1183 3852 1235 3916 διὰ
1267 3853 1337 3926 τοὺς
1411 3888 1416 3897 ·

146 3959 276 4038 θρήνους.
300 3959 316 4033 ἢ
342 3958 526 4031 θυσκίνντον.
543 3958 629 4045 (HQ)
649 3959 810 4024 Ultimum
831 3959 1042 4035 vocabulum,
1063 3959 1337 4044 qnodaQabeat,

145 4063 366 4152 refingendum
390 4067 425 4129 in
449 4066 743 4143 δυσκοίρςκτον,
767 4072 805 4130 ut
828 4071 876 4130 eat
896 4068 930 4130 in
951 4065 1111 4153 vulgatis,
1131 4071 1163 4130 et
1174 4067 1220 4131 aio
1231 4071 1339 4132 nostra

145 4170 254 4259 glossa
276 4173 419 4255 proxime
444 4172 483 4236 ad
508 4172 743 4238 Aristarcheam
764 4170 891 4237 accedet
910 4171 1215 4257 interpretationem,
1240 4193 1336 4257 quam

147 4299 187 4342 ex
211 4277 348 4365 quodam
374 4278 475 4362 ipsius
495 4279 745 4364 hypomnemale
763 4277 880 4343 melina
893 4280 984 4343 nobie
996 4279 1135 4344 servavit
1148 4276 1338 4365 Apollonius
