<?xml version="1.0" encoding="UTF-8"?>
<!DOCTYPE html PUBLIC "-//W3C//DTD XHTML 1.0 Transitional//EN"
    "http://www.w3.org/TR/xhtml1/DTD/xhtml1-transitional.dtd">
<html xmlns="http://www.w3.org/1999/xhtml" xml:lang="en" lang="en">
 <head>
  <title>
</title>
<meta http-equiv="Content-Type" content="text/html;charset=utf-8" />
  <meta name='ocr-system' content='tesseract 3.04.00' />
  <meta name='ocr-capabilities' content='ocr_page ocr_carea ocr_par ocr_line ocrx_word'/>
</head>
<body>
  <div class='ocr_page' id='page_1' title='image "./adodysseameiusq00polagoog_0460.png"; bbox 0 0 2978 4950; ppageno 0'>
   <div class='ocr_carea' id='block_1_1' title="bbox 638 182 702 256">
    <p class='ocr_par' dir='ltr' id='par_1_1' title="bbox 638 182 702 256">
     <span class='ocr_line' id='line_1_1' title="bbox 638 182 702 256; baseline 0 0"><span class='ocrx_word' id='word_1_1' title='bbox 638 182 702 256; x_wconf 78' lang='lat'>429</span> 
     </span>
    </p>
   </div>
   <div class='ocr_carea' id='block_1_2' title="bbox 123 373 1292 4392">
    <p class='ocr_par' dir='ltr' id='par_1_2' title="bbox 124 373 1265 573">
     <span class='ocr_line' id='line_1_2' title="bbox 124 373 1264 468; baseline -0.003 -23"><span class='ocrx_word' id='word_1_2' title='bbox 124 374 201 445; x_wconf 81' lang='lat' dir='ltr'>ndis</span> <span class='ocrx_word' id='word_1_3' title='bbox 226 374 486 466; x_wconf 77' lang='lat' dir='ltr'>flagitiosissimis</span> <span class='ocrx_word' id='word_1_4' title='bbox 517 401 609 445; x_wconf 89' lang='lat' dir='ltr'>omne</span> <span class='ocrx_word' id='word_1_5' title='bbox 645 402 746 468; x_wconf 87' lang='lat' dir='ltr'>genus</span> <span class='ocrx_word' id='word_1_6' title='bbox 775 382 933 465; x_wconf 86' lang='lat' dir='ltr'>obsitum,</span> <span class='ocrx_word' id='word_1_7' title='bbox 958 381 1004 446; x_wconf 86' lang='lat' dir='ltr'>its</span> <span class='ocrx_word' id='word_1_8' title='bbox 1027 381 1165 465; x_wconf 88' lang='lat' dir='ltr'>primum</span> <span class='ocrx_word' id='word_1_9' title='bbox 1189 373 1264 442; x_wconf 86' lang='lat' dir='ltr'>fide·</span> 
     </span>
     <span class='ocr_line' id='line_1_3' title="bbox 124 486 1265 573; baseline -0.004 -22"><span class='ocrx_word' id='word_1_10' title='bbox 124 507 148 551; x_wconf 90' lang='grc' dir='ltr'>ι·</span> <span class='ocrx_word' id='word_1_11' title='bbox 178 486 353 552; x_wconf 77' lang='lat' dir='ltr'>describam</span> <span class='ocrx_word' id='word_1_12' title='bbox 386 492 510 571; x_wconf 87' lang='lat' dir='ltr'>totum,</span> <span class='ocrx_word' id='word_1_13' title='bbox 534 494 628 572; x_wconf 88' lang='lat' dir='ltr'>prout</span> <span class='ocrx_word' id='word_1_14' title='bbox 653 488 736 573; x_wconf 84' lang='lat' dir='ltr'>apud</span> <span class='ocrx_word' id='word_1_15' title='bbox 760 486 960 553; x_wconf 87' lang='lat' dir='ltr'>Dindcrfium</span> <span class='ocrx_word' id='word_1_16' title='bbox 985 489 1180 572; x_wconf 87' lang='lat' dir='ltr'>propositum</span> <span class='ocrx_word' id='word_1_17' title='bbox 1206 490 1265 549; x_wconf 93' lang='lat' dir='ltr'>est.</span> 
     </span>
    </p>

    <p class='ocr_par' dir='ltr' id='par_1_3' title="bbox 173 591 1292 677">
     <span class='ocr_line' id='line_1_4' title="bbox 173 591 1292 677; baseline 0 -22"><span class='ocrx_word' id='word_1_18' title='bbox 173 599 253 677; x_wconf 79' lang='grc' dir='ltr'><strong><em>πῦς;</em></strong></span> <span class='ocrx_word' id='word_1_19' title='bbox 289 594 314 656; x_wconf 85' lang='grc' dir='ltr'>ει</span> <span class='ocrx_word' id='word_1_20' title='bbox 345 599 408 673; x_wconf 74' lang='grc' dir='ltr'>γάρ</span> <span class='ocrx_word' id='word_1_21' title='bbox 436 594 560 675; x_wconf 80' lang='grc' dir='ltr'><strong><em>σάζουσι</em></strong></span> <span class='ocrx_word' id='word_1_22' title='bbox 593 597 647 668; x_wconf 72' lang='grc' dir='ltr'><strong><em>την</em></strong></span> <span class='ocrx_word' id='word_1_23' title='bbox 680 596 861 674; x_wconf 68' lang='grc' dir='ltr'>ἀνθρωπίνην</span> <span class='ocrx_word' id='word_1_24' title='bbox 892 593 1016 672; x_wconf 78' lang='grc' dir='ltr'><strong><em>γνώμην</em></strong></span> <span class='ocrx_word' id='word_1_25' title='bbox 1048 593 1099 656; x_wconf 81' lang='grc' dir='ltr'>και</span> <span class='ocrx_word' id='word_1_26' title='bbox 1125 591 1264 675; x_wconf 77' lang='grc' dir='ltr'>πιόντες,</span> <span class='ocrx_word' id='word_1_27' title='bbox 1291 667 1292 671; x_wconf 10' lang='lat'>¹</span> 
     </span>
    </p>

    <p class='ocr_par' dir='ltr' id='par_1_4' title="bbox 124 698 1264 1204">
     <span class='ocr_line' id='line_1_5' title="bbox 170 698 1262 786; baseline -0.005 -19"><span class='ocrx_word' id='word_1_28' title='bbox 170 700 391 772; x_wconf 80' lang='grc' dir='ltr'><strong><em>Ὀδυσσεὺς</em></strong></span> <span class='ocrx_word' id='word_1_29' title='bbox 424 701 596 786; x_wconf 84' lang='grc' dir='ltr'><strong><em>θαυμάζει;</em></strong></span> <span class='ocrx_word' id='word_1_30' title='bbox 622 702 704 766; x_wconf 80' lang='grc' dir='ltr'><strong><em>οῦδὲν</em></strong></span> <span class='ocrx_word' id='word_1_31' title='bbox 728 703 791 780; x_wconf 75' lang='grc' dir='ltr'>γάρ</span> <span class='ocrx_word' id='word_1_32' title='bbox 815 701 1072 766; x_wconf 74' lang='grc' dir='ltr'><strong><em>πεπόνθασιν</em></strong></span> <span class='ocrx_word' id='word_1_33' title='bbox 1095 698 1262 779; x_wconf 86' lang='grc' dir='ltr'><strong><em>ἀλλθτριον.</em></strong></span> 
     </span>
     <span class='ocr_line' id='line_1_6' title="bbox 124 800 1263 886; baseline 0.007 -19"><span class='ocrx_word' id='word_1_34' title='bbox 124 806 177 868; x_wconf 70' lang='grc' dir='ltr'>ιον</span> <span class='ocrx_word' id='word_1_35' title='bbox 205 800 254 869; x_wconf 85' lang='grc' dir='ltr'>οῦν</span> <span class='ocrx_word' id='word_1_36' title='bbox 282 803 329 870; x_wconf 82' lang='grc' dir='ltr'>θτι</span> <span class='ocrx_word' id='word_1_37' title='bbox 361 805 374 870; x_wconf 80' lang='grc' dir='ltr'><strong><em>ὁ</em></strong></span> <span class='ocrx_word' id='word_1_38' title='bbox 405 808 460 883; x_wconf 81' lang='grc' dir='ltr'><strong><em>μὲν</em></strong></span> <span class='ocrx_word' id='word_1_39' title='bbox 494 806 662 880; x_wconf 78' lang='grc' dir='ltr'><strong><em>Ὀδυσσεὺς</em></strong></span> <span class='ocrx_word' id='word_1_40' title='bbox 688 808 740 872; x_wconf 83' lang='grc' dir='ltr'>οῦκ</span> <span class='ocrx_word' id='word_1_41' title='bbox 767 809 897 886; x_wconf 73' lang='grc' dir='ltr'><strong><em>ἐθέλχθη</em></strong></span> <span class='ocrx_word' id='word_1_42' title='bbox 922 808 983 872; x_wconf 79' lang='grc' dir='ltr'>οὐδ’</span> <span class='ocrx_word' id='word_1_43' title='bbox 1008 803 1126 882; x_wconf 72' lang='grc' dir='ltr'><strong><em>ἤλλαξε</em></strong></span> <span class='ocrx_word' id='word_1_44' title='bbox 1150 805 1263 878; x_wconf 75' lang='grc' dir='ltr'><strong><em>τὸτῆς</em></strong></span> 
     </span>
     <span class='ocr_line' id='line_1_7' title="bbox 124 907 1264 994; baseline -0.001 -20"><span class='ocrx_word' id='word_1_45' title='bbox 124 932 200 986; x_wconf 83' lang='grc' dir='ltr'>μης</span> <span class='ocrx_word' id='word_1_46' title='bbox 236 911 334 990; x_wconf 75' lang='grc' dir='ltr'><strong><em>δῖον,</em></strong></span> <span class='ocrx_word' id='word_1_47' title='bbox 372 913 397 976; x_wconf 83' lang='grc' dir='ltr'>οι</span> <span class='ocrx_word' id='word_1_48' title='bbox 433 912 463 977; x_wconf 77' lang='grc' dir='ltr'>δὲ</span> <span class='ocrx_word' id='word_1_49' title='bbox 495 914 607 991; x_wconf 82' lang='grc' dir='ltr'><strong><em>ἑταῖροι</em></strong></span> <span class='ocrx_word' id='word_1_50' title='bbox 638 914 668 976; x_wconf 81' lang='grc' dir='ltr'>ἐν</span> <span class='ocrx_word' id='word_1_51' title='bbox 700 915 825 994; x_wconf 81' lang='grc' dir='ltr'><strong><em>τοιαύτη</em></strong></span> <span class='ocrx_word' id='word_1_52' title='bbox 859 916 915 977; x_wconf 87' lang='grc' dir='ltr'><strong><em>τινι</em></strong></span> <span class='ocrx_word' id='word_1_53' title='bbox 940 909 1000 990; x_wconf 77' lang='grc' dir='ltr'><strong><em>ἕξει</em></strong></span> <span class='ocrx_word' id='word_1_54' title='bbox 1026 912 1163 990; x_wconf 72' lang='grc' dir='ltr'><strong><em>ἐγένοντο</em></strong></span> <span class='ocrx_word' id='word_1_55' title='bbox 1187 907 1264 974; x_wconf 72' lang='grc' dir='ltr'><strong><em>ὥστε</em></strong></span> 
     </span>
     <span class='ocr_line' id='line_1_8' title="bbox 124 1017 1263 1099; baseline 0.003 -22"><span class='ocrx_word' id='word_1_56' title='bbox 124 1037 161 1077; x_wconf 72' lang='lat' dir='ltr'>ru</span> <span class='ocrx_word' id='word_1_57' title='bbox 193 1018 249 1092; x_wconf 77' lang='grc' dir='ltr'><strong><em>μὲν</em></strong></span> <span class='ocrx_word' id='word_1_58' title='bbox 278 1020 333 1093; x_wconf 78' lang='grc' dir='ltr'><strong><em>την</em></strong></span> <span class='ocrx_word' id='word_1_59' title='bbox 356 1020 539 1096; x_wconf 68' lang='grc' dir='ltr'><strong><em>ἀνθρωπίνην</em></strong></span> <span class='ocrx_word' id='word_1_60' title='bbox 563 1020 671 1099; x_wconf 62' lang='lat' dir='ltr'>doxis</span> <span class='ocrx_word' id='word_1_61' title='bbox 683 1066 785 1084; x_wconf 89' lang='grc'><strong>.....</strong></span> <span class='ocrx_word' id='word_1_62' title='bbox 810 1017 913 1096; x_wconf 78' lang='grc' dir='ltr'><strong><em>μέντοι</em></strong></span> <span class='ocrx_word' id='word_1_63' title='bbox 938 1019 990 1083; x_wconf 87' lang='grc' dir='ltr'>και</span> <span class='ocrx_word' id='word_1_64' title='bbox 1014 1019 1064 1083; x_wconf 84' lang='grc' dir='ltr'><strong><em>τὸν</em></strong></span> <span class='ocrx_word' id='word_1_65' title='bbox 1088 1022 1151 1083; x_wconf 94' lang='grc' dir='ltr'><strong><em>νοῦν</em></strong></span> <span class='ocrx_word' id='word_1_66' title='bbox 1176 1018 1263 1097; x_wconf 70' lang='lat' dir='ltr'>lyps-</span> 
     </span>
     <span class='ocr_line' id='line_1_9' title="bbox 124 1119 1263 1204; baseline 0 -18"><span class='ocrx_word' id='word_1_67' title='bbox 124 1119 198 1186; x_wconf 77' lang='grc' dir='ltr'><strong><em>ιτα.</em></strong></span> <span class='ocrx_word' id='word_1_68' title='bbox 236 1122 306 1195; x_wconf 76' lang='grc' dir='ltr'><strong><em>ἴσοις</em></strong></span> <span class='ocrx_word' id='word_1_69' title='bbox 337 1126 389 1189; x_wconf 81' lang='grc' dir='ltr'><strong><em>τὸν</em></strong></span> <span class='ocrx_word' id='word_1_70' title='bbox 419 1127 475 1201; x_wconf 79' lang='grc' dir='ltr'><strong><em>μὲν</em></strong></span> <span class='ocrx_word' id='word_1_71' title='bbox 504 1129 569 1189; x_wconf 83' lang='grc' dir='ltr'><strong><em>νοῦν</em></strong></span> <span class='ocrx_word' id='word_1_72' title='bbox 603 1125 665 1190; x_wconf 79' lang='grc' dir='ltr'>ἀπὸ</span> <span class='ocrx_word' id='word_1_73' title='bbox 697 1125 803 1204; x_wconf 73' lang='grc' dir='ltr'><strong><em>μέρους</em></strong></span> <span class='ocrx_word' id='word_1_74' title='bbox 834 1121 901 1190; x_wconf 83' lang='grc' dir='ltr'><strong><em>ῦλον</em></strong></span> <span class='ocrx_word' id='word_1_75' title='bbox 933 1123 1019 1202; x_wconf 70' lang='grc' dir='ltr'><strong><em>λέγει</em></strong></span> <span class='ocrx_word' id='word_1_76' title='bbox 1034 1173 1134 1189; x_wconf 90' lang='grc'><strong>.....</strong></span> <span class='ocrx_word' id='word_1_77' title='bbox 1166 1122 1263 1188; x_wconf 71' lang='grc' dir='ltr'><strong><em>οἴεται</em></strong></span> 
     </span>
    </p>

    <p class='ocr_par' dir='ltr' id='par_1_5' title="bbox 123 1229 1265 4392">
     <span class='ocr_line' id='line_1_10' title="bbox 159 1229 1263 1312; baseline 0.001 -20"><span class='ocrx_word' id='word_1_78' title='bbox 159 1229 208 1293; x_wconf 83' lang='grc' dir='ltr'><strong><em>τὸν</em></strong></span> <span class='ocrx_word' id='word_1_79' title='bbox 240 1237 306 1296; x_wconf 82' lang='grc' dir='ltr'><strong><em>νοῦν</em></strong></span> <span class='ocrx_word' id='word_1_80' title='bbox 335 1231 508 1312; x_wconf 79' lang='grc' dir='ltr'><strong><em>τρέπεσθαι.</em></strong></span> <span class='ocrx_word' id='word_1_81' title='bbox 542 1233 554 1296; x_wconf 84' lang='grc' dir='ltr'><strong><em>θ</em></strong></span> <span class='ocrx_word' id='word_1_82' title='bbox 579 1232 609 1297; x_wconf 77' lang='grc' dir='ltr'>δι</span> <span class='ocrx_word' id='word_1_83' title='bbox 636 1232 803 1304; x_wconf 78' lang='grc' dir='ltr'><strong><em>Ὀδυσσεὺς</em></strong></span> <span class='ocrx_word' id='word_1_84' title='bbox 832 1231 955 1311; x_wconf 58' lang='grc' dir='ltr'><strong><em>»αὐτὰρ</em></strong></span> <span class='ocrx_word' id='word_1_85' title='bbox 980 1236 1043 1303; x_wconf 92' lang='grc' dir='ltr'><strong><em>νοῦς</em></strong></span> <span class='ocrx_word' id='word_1_86' title='bbox 1070 1229 1201 1306; x_wconf 75' lang='grc' dir='ltr'><strong><em>ἔμπεδος</em></strong></span> <span class='ocrx_word' id='word_1_87' title='bbox 1225 1230 1263 1300; x_wconf 79' lang='lat' dir='ltr'>sis</span> 
     </span>
     <span class='ocr_line' id='line_1_11' title="bbox 139 1331 1263 1421; baseline 0.001 -22"><span class='ocrx_word' id='word_1_88' title='bbox 139 1335 238 1414; x_wconf 79' lang='grc' dir='ltr'><strong><em>πάρος</em></strong></span> <span class='ocrx_word' id='word_1_89' title='bbox 270 1338 368 1418; x_wconf 84' lang='grc' dir='ltr'><strong><em>περ·”</em></strong></span> <span class='ocrx_word' id='word_1_90' title='bbox 401 1338 536 1409; x_wconf 82' lang='grc' dir='ltr'><strong><em>ἀκούσας</em></strong></span> <span class='ocrx_word' id='word_1_91' title='bbox 568 1339 655 1418; x_wconf 81' lang='grc' dir='ltr'><strong><em>παρά</em></strong></span> <span class='ocrx_word' id='word_1_92' title='bbox 686 1344 744 1402; x_wconf 84' lang='grc' dir='ltr'><strong><em>τῶν</em></strong></span> <span class='ocrx_word' id='word_1_93' title='bbox 772 1339 899 1417; x_wconf 81' lang='grc' dir='ltr'><strong><em>ἑταίρων</em></strong></span> <span class='ocrx_word' id='word_1_94' title='bbox 922 1337 1020 1421; x_wconf 85' lang='grc' dir='ltr'><strong><em>φησι,</em></strong></span> <span class='ocrx_word' id='word_1_95' title='bbox 1046 1338 1150 1413; x_wconf 80' lang='grc' dir='ltr'><strong><em>μαθθιν</em></strong></span> <span class='ocrx_word' id='word_1_96' title='bbox 1173 1331 1219 1400; x_wconf 75' lang='lat' dir='ltr'>dre</span> <span class='ocrx_word' id='word_1_97' title='bbox 1246 1337 1263 1409; x_wconf 76' lang='lat' dir='ltr'>si</span> 
     </span>
     <span class='ocr_line' id='line_1_12' title="bbox 124 1439 1263 1524; baseline 0.002 -20"><span class='ocrx_word' id='word_1_98' title='bbox 124 1439 186 1515; x_wconf 76' lang='grc' dir='ltr'><strong><em>ιδος</em></strong></span> <span class='ocrx_word' id='word_1_99' title='bbox 210 1445 227 1520; x_wconf 75' lang='grc' dir='ltr'><strong><em>ἡ</em></strong></span> <span class='ocrx_word' id='word_1_100' title='bbox 251 1449 511 1523; x_wconf 86' lang='grc' dir='ltr'><strong><em>μεταμορφοῦσα.</em></strong></span> <span class='ocrx_word' id='word_1_101' title='bbox 538 1444 587 1509; x_wconf 81' lang='grc' dir='ltr'>ἔπι</span> <span class='ocrx_word' id='word_1_102' title='bbox 612 1450 686 1521; x_wconf 75' lang='grc' dir='ltr'><strong><em>γοῦν</em></strong></span> <span class='ocrx_word' id='word_1_103' title='bbox 715 1449 768 1509; x_wconf 93' lang='grc' dir='ltr'><strong><em>τοῦ</em></strong></span> <span class='ocrx_word' id='word_1_104' title='bbox 792 1444 961 1517; x_wconf 73' lang='grc' dir='ltr'><strong><em>Ὀδυσσέως</em></strong></span> <span class='ocrx_word' id='word_1_105' title='bbox 986 1446 1026 1508; x_wconf 84' lang='grc' dir='ltr'>οὐ</span> <span class='ocrx_word' id='word_1_106' title='bbox 1049 1443 1136 1521; x_wconf 71' lang='grc' dir='ltr'><strong><em>λέγει</em></strong></span> <span class='ocrx_word' id='word_1_107' title='bbox 1160 1442 1263 1524; x_wconf 73' lang='grc' dir='ltr'><strong><em>ρ’άβδῳ</em></strong></span> 
     </span>
     <span class='ocr_line' id='line_1_13' title="bbox 124 1548 1263 1638; baseline -0.001 -23"><span class='ocrx_word' id='word_1_108' title='bbox 124 1558 277 1628; x_wconf 71' lang='grc' dir='ltr'><strong><em>τλημυῑα,</em></strong></span> <span class='ocrx_word' id='word_1_109' title='bbox 312 1552 389 1616; x_wconf 80' lang='grc' dir='ltr'><strong><em>ἀλλ’</em></strong></span> <span class='ocrx_word' id='word_1_110' title='bbox 425 1548 523 1630; x_wconf 79' lang='grc' dir='ltr'><strong><em>ἕτερόν</em></strong></span> <span class='ocrx_word' id='word_1_111' title='bbox 559 1552 625 1615; x_wconf 83' lang='grc' dir='ltr'><strong><em>ἐστι</em></strong></span> <span class='ocrx_word' id='word_1_112' title='bbox 656 1555 690 1617; x_wconf 85' lang='grc' dir='ltr'><strong><em>τὸ</em></strong></span> <span class='ocrx_word' id='word_1_113' title='bbox 722 1552 899 1631; x_wconf 61' lang='lat' dir='ltr'>septenos.</span> <span class='ocrx_word' id='word_1_114' title='bbox 932 1553 972 1615; x_wconf 84' lang='grc' dir='ltr'>οῦ</span> <span class='ocrx_word' id='word_1_115' title='bbox 1004 1551 1082 1631; x_wconf 73' lang='grc' dir='ltr'>γάρ</span> <span class='ocrx_word' id='word_1_116' title='bbox 1106 1549 1123 1616; x_wconf 85' lang='grc' dir='ltr'><strong><em>θ</em></strong></span> <span class='ocrx_word' id='word_1_117' title='bbox 1132 1550 1263 1638; x_wconf 85' lang='grc' dir='ltr'><strong><em>τιούκ</em></strong></span> 
     </span>
     <span class='ocr_line' id='line_1_14' title="bbox 124 1655 1262 1738; baseline 0.004 -22"><span class='ocrx_word' id='word_1_118' title='bbox 124 1656 240 1734; x_wconf 76' lang='grc' dir='ltr'><strong><em>ελξεν</em></strong></span> <span class='ocrx_word' id='word_1_119' title='bbox 282 1657 405 1723; x_wconf 75' lang='grc' dir='ltr'><strong><em>αὑτὸν</em></strong></span> <span class='ocrx_word' id='word_1_120' title='bbox 449 1661 517 1722; x_wconf 88' lang='grc' dir='ltr'><strong><em>τοῦ</em></strong></span> <span class='ocrx_word' id='word_1_121' title='bbox 559 1655 782 1737; x_wconf 85' lang='grc' dir='ltr'><strong><em>φαρμάκου</em></strong></span> <span class='ocrx_word' id='word_1_122' title='bbox 826 1658 891 1723; x_wconf 79' lang='grc' dir='ltr'>διά</span> <span class='ocrx_word' id='word_1_123' title='bbox 926 1657 968 1722; x_wconf 79' lang='grc' dir='ltr'><strong><em>τὸ</em></strong></span> <span class='ocrx_word' id='word_1_124' title='bbox 1003 1657 1182 1738; x_wconf 85' lang='grc' dir='ltr'><strong><em>φάσκειν</em></strong></span> <span class='ocrx_word' id='word_1_125' title='bbox 1216 1665 1262 1737; x_wconf 73' lang='grc' dir='ltr'><strong><em>τῇ</em></strong></span> 
     </span>
     <span class='ocr_line' id='line_1_15' title="bbox 128 1760 1261 1845; baseline 0 -18"><span class='ocrx_word' id='word_1_126' title='bbox 128 1760 204 1843; x_wconf 72' lang='grc' dir='ltr'>βιῳ</span> <span class='ocrx_word' id='word_1_127' title='bbox 228 1767 432 1838; x_wconf 72' lang='grc' dir='ltr'><strong><em>πλάσσειν</em></strong></span> <span class='ocrx_word' id='word_1_128' title='bbox 451 1766 496 1836; x_wconf 82' lang='grc' dir='ltr'>ῦς</span> <span class='ocrx_word' id='word_1_129' title='bbox 517 1767 812 1844; x_wconf 80' lang='grc' dir='ltr'><strong><em>μεταμορφοῦν</em></strong></span> <span class='ocrx_word' id='word_1_130' title='bbox 834 1765 956 1845; x_wconf 75' lang='grc' dir='ltr'><strong><em>ικανηῑ</em></strong></span> <span class='ocrx_word' id='word_1_131' title='bbox 978 1764 1045 1828; x_wconf 80' lang='grc' dir='ltr'>καὶ</span> <span class='ocrx_word' id='word_1_132' title='bbox 1066 1767 1261 1842; x_wconf 86' lang='grc' dir='ltr'><strong><em>ἀλλοιοῦν,</em></strong></span> 
     </span>
     <span class='ocr_line' id='line_1_16' title="bbox 124 1866 1262 1951; baseline 0.002 -20"><span class='ocrx_word' id='word_1_133' title='bbox 124 1866 145 1930; x_wconf 80' lang='lat' dir='ltr'>:l</span> <span class='ocrx_word' id='word_1_134' title='bbox 176 1870 239 1934; x_wconf 73' lang='grc' dir='ltr'><strong><em>ἐστι</em></strong></span> <span class='ocrx_word' id='word_1_135' title='bbox 270 1877 343 1935; x_wconf 81' lang='grc' dir='ltr'><strong><em>τῶν</em></strong></span> <span class='ocrx_word' id='word_1_136' title='bbox 368 1871 536 1951; x_wconf 76' lang='grc' dir='ltr'><strong><em>ἑταίρων</em></strong></span> <span class='ocrx_word' id='word_1_137' title='bbox 559 1869 779 1949; x_wconf 75' lang='grc' dir='ltr'><strong><em>εἰληφέναι</em></strong></span> <span class='ocrx_word' id='word_1_138' title='bbox 803 1871 873 1948; x_wconf 74' lang='grc' dir='ltr'>μιν</span> <span class='ocrx_word' id='word_1_139' title='bbox 899 1869 965 1934; x_wconf 76' lang='grc' dir='ltr'>τιν</span> <span class='ocrx_word' id='word_1_140' title='bbox 988 1876 1167 1935; x_wconf 82' lang='grc' dir='ltr'><strong><em>κυκεῶνα</em></strong></span> <span class='ocrx_word' id='word_1_141' title='bbox 1192 1869 1262 1933; x_wconf 79' lang='grc' dir='ltr'>καὶ</span> 
     </span>
     <span class='ocr_line' id='line_1_17' title="bbox 124 1977 1263 2059; baseline 0.004 -23"><span class='ocrx_word' id='word_1_142' title='bbox 124 1977 324 2055; x_wconf 82' lang='grc' dir='ltr'><strong><em>ιτυκέναι,</em></strong></span> <span class='ocrx_word' id='word_1_143' title='bbox 360 1980 431 2052; x_wconf 76' lang='grc' dir='ltr'><strong><em>την</em></strong></span> <span class='ocrx_word' id='word_1_144' title='bbox 466 1977 504 2041; x_wconf 77' lang='grc' dir='ltr'>δὲ</span> <span class='ocrx_word' id='word_1_145' title='bbox 540 1978 723 2053; x_wconf 75' lang='grc' dir='ltr'><strong><em>οἰομένην</em></strong></span> <span class='ocrx_word' id='word_1_146' title='bbox 758 1979 985 2059; x_wconf 81' lang='grc' dir='ltr'><strong><em>τεθέλχθαι</em></strong></span> <span class='ocrx_word' id='word_1_147' title='bbox 1022 1977 1148 2041; x_wconf 78' lang='grc' dir='ltr'><strong><em>αὐτὸν</em></strong></span> <span class='ocrx_word' id='word_1_148' title='bbox 1183 1977 1263 2040; x_wconf 79' lang='grc' dir='ltr'><strong><em>ἑπι-</em></strong></span> 
     </span>
     <span class='ocr_line' id='line_1_18' title="bbox 124 2077 1263 2167; baseline 0.003 -24"><span class='ocrx_word' id='word_1_149' title='bbox 124 2077 190 2164; x_wconf 76' lang='grc' dir='ltr'><strong><em>ιρει</em></strong></span> <span class='ocrx_word' id='word_1_150' title='bbox 219 2086 289 2158; x_wconf 78' lang='grc' dir='ltr'><strong><em>την</em></strong></span> <span class='ocrx_word' id='word_1_151' title='bbox 312 2083 465 2167; x_wconf 78' lang='grc' dir='ltr'><strong><em>ῥάβδον</em></strong></span> <span class='ocrx_word' id='word_1_152' title='bbox 488 2079 549 2148; x_wconf 84' lang='grc' dir='ltr'>θτι</span> <span class='ocrx_word' id='word_1_153' title='bbox 574 2086 612 2148; x_wconf 83' lang='grc' dir='ltr'>οὐ</span> <span class='ocrx_word' id='word_1_154' title='bbox 637 2085 679 2150; x_wconf 79' lang='grc' dir='ltr'>τι</span> <span class='ocrx_word' id='word_1_155' title='bbox 702 2090 817 2160; x_wconf 81' lang='grc' dir='ltr'><strong><em>σῶμα</em></strong></span> <span class='ocrx_word' id='word_1_156' title='bbox 842 2079 883 2156; x_wconf 77' lang='grc' dir='ltr'>ἦν</span> <span class='ocrx_word' id='word_1_157' title='bbox 906 2083 949 2148; x_wconf 78' lang='grc' dir='ltr'><strong><em>τὸ</em></strong></span> <span class='ocrx_word' id='word_1_158' title='bbox 973 2083 1263 2166; x_wconf 76' lang='grc' dir='ltr'><strong><em>μεταβάλλον,</em></strong></span> 
     </span>
     <span class='ocr_line' id='line_1_19' title="bbox 124 2187 1262 2273; baseline -0.001 -20"><span class='ocrx_word' id='word_1_159' title='bbox 124 2191 166 2254; x_wconf 79' lang='grc' dir='ltr'>ιλ’</span> <span class='ocrx_word' id='word_1_160' title='bbox 196 2193 213 2266; x_wconf 74' lang='grc' dir='ltr'><em>ἦ</em></span> <span class='ocrx_word' id='word_1_161' title='bbox 237 2193 361 2271; x_wconf 71' lang='grc' dir='ltr'><strong><em>ψυχή.</em></strong></span> <span class='ocrx_word' id='word_1_162' title='bbox 389 2190 455 2256; x_wconf 80' lang='grc' dir='ltr'>ἐπεὶ</span> <span class='ocrx_word' id='word_1_163' title='bbox 480 2190 531 2255; x_wconf 76' lang='grc' dir='ltr'>διά</span> <span class='ocrx_word' id='word_1_164' title='bbox 554 2195 642 2255; x_wconf 88' lang='grc' dir='ltr'><strong><em>τοῦτο</em></strong></span> <span class='ocrx_word' id='word_1_165' title='bbox 667 2193 699 2255; x_wconf 84' lang='grc' dir='ltr'>οῦ</span> <span class='ocrx_word' id='word_1_166' title='bbox 727 2190 896 2272; x_wconf 87' lang='grc' dir='ltr'><strong><em>θαυμάζει,</em></strong></span> <span class='ocrx_word' id='word_1_167' title='bbox 922 2187 967 2256; x_wconf 81' lang='grc' dir='ltr'>θτι</span> <span class='ocrx_word' id='word_1_168' title='bbox 992 2201 1030 2273; x_wconf 68' lang='grc' dir='ltr'><strong><em>τῇ</em></strong></span> <span class='ocrx_word' id='word_1_169' title='bbox 1054 2191 1158 2271; x_wconf 78' lang='grc' dir='ltr'><strong><em>ῥάβδῳ</em></strong></span> <span class='ocrx_word' id='word_1_170' title='bbox 1181 2204 1262 2263; x_wconf 88' lang='grc' dir='ltr'><strong><em>πλη-</em></strong></span> 
     </span>
     <span class='ocr_line' id='line_1_20' title="bbox 124 2291 1263 2382; baseline 0.002 -24"><span class='ocrx_word' id='word_1_171' title='bbox 124 2291 145 2368; x_wconf 86' lang='grc' dir='ltr'>ις</span> <span class='ocrx_word' id='word_1_172' title='bbox 172 2298 204 2362; x_wconf 88' lang='grc' dir='ltr'>οῦ</span> <span class='ocrx_word' id='word_1_173' title='bbox 234 2297 475 2378; x_wconf 76' lang='grc' dir='ltr'><strong><em>μετεμορφώθη,</em></strong></span> <span class='ocrx_word' id='word_1_174' title='bbox 497 2299 584 2362; x_wconf 83' lang='grc' dir='ltr'><strong><em>ἀλλά</em></strong></span> <span class='ocrx_word' id='word_1_175' title='bbox 609 2303 703 2376; x_wconf 90' lang='grc' dir='ltr'><strong><em>φησιν</em></strong></span> <span class='ocrx_word' id='word_1_176' title='bbox 726 2300 765 2368; x_wconf 77' lang='grc' dir='ltr'>τις</span> <span class='ocrx_word' id='word_1_177' title='bbox 789 2299 822 2362; x_wconf 86' lang='grc' dir='ltr'>οῦ</span> <span class='ocrx_word' id='word_1_178' title='bbox 848 2300 932 2363; x_wconf 77' lang='grc' dir='ltr'><strong><em>πιών.</em></strong></span> <span class='ocrx_word' id='word_1_179' title='bbox 980 2296 1068 2363; x_wconf 80' lang='lat' dir='ltr'>Haeo</span> <span class='ocrx_word' id='word_1_180' title='bbox 1093 2299 1147 2382; x_wconf 88' lang='lat' dir='ltr'>qui</span> <span class='ocrx_word' id='word_1_181' title='bbox 1171 2295 1263 2362; x_wconf 79' lang='lat' dir='ltr'>intel·</span> 
     </span>
     <span class='ocr_line' id='line_1_21' title="bbox 124 2402 1263 2491; baseline 0.002 -25"><span class='ocrx_word' id='word_1_182' title='bbox 124 2403 154 2486; x_wconf 76' lang='lat' dir='ltr'>‚tt</span> <span class='ocrx_word' id='word_1_183' title='bbox 176 2407 220 2469; x_wconf 89' lang='lat' dir='ltr'>sic</span> <span class='ocrx_word' id='word_1_184' title='bbox 240 2405 343 2482; x_wconf 89' lang='lat' dir='ltr'>edita,</span> <span class='ocrx_word' id='word_1_185' title='bbox 371 2403 566 2491; x_wconf 81' lang='lat' dir='ltr'>„magnus‚’&#39;</span> <span class='ocrx_word' id='word_1_186' title='bbox 591 2411 627 2468; x_wconf 89' lang='lat' dir='ltr'>ut</span> <span class='ocrx_word' id='word_1_187' title='bbox 650 2405 757 2481; x_wconf 89' lang='lat' dir='ltr'>aiunt,</span> <span class='ocrx_word' id='word_1_188' title='bbox 781 2404 883 2481; x_wconf 87' lang='lat' dir='ltr'>„mihi</span> <span class='ocrx_word' id='word_1_189' title='bbox 907 2406 967 2470; x_wconf 91' lang='lat' dir='ltr'>erit</span> <span class='ocrx_word' id='word_1_190' title='bbox 988 2402 1133 2490; x_wconf 80' lang='lat' dir='ltr'>Apollo.”</span> <span class='ocrx_word' id='word_1_191' title='bbox 1159 2403 1263 2468; x_wconf 85' lang='lat' dir='ltr'>Veris·</span> 
     </span>
     <span class='ocr_line' id='line_1_22' title="bbox 124 2509 1264 2595; baseline 0.001 -22"><span class='ocrx_word' id='word_1_192' title='bbox 124 2527 153 2574; x_wconf 81' lang='lat' dir='ltr'>ae</span> <span class='ocrx_word' id='word_1_193' title='bbox 174 2509 352 2577; x_wconf 84' lang='lat' dir='ltr'>Prellerus:</span> <span class='ocrx_word' id='word_1_194' title='bbox 379 2513 538 2589; x_wconf 58' lang='lat' dir='ltr'>,dedorunt</span> <span class='ocrx_word' id='word_1_195' title='bbox 560 2512 631 2576; x_wconf 78' lang='lat' dir='ltr'>doec</span> <span class='ocrx_word' id='word_1_196' title='bbox 654 2519 697 2575; x_wconf 82' lang='lat' dir='ltr'>tot</span> <span class='ocrx_word' id='word_1_197' title='bbox 721 2512 975 2595; x_wconf 69' lang='lat' dir='ltr'><em>corruptionibus,</em></span> <span class='ocrx_word' id='word_1_198' title='bbox 997 2520 1029 2574; x_wconf 86' lang='lat' dir='ltr'>ut</span> <span class='ocrx_word' id='word_1_199' title='bbox 1049 2510 1147 2575; x_wconf 80' lang='lat' dir='ltr'>omnis</span> <span class='ocrx_word' id='word_1_200' title='bbox 1167 2531 1264 2574; x_wconf 78' lang='lat' dir='ltr'>emen·</span> 
     </span>
     <span class='ocr_line' id='line_1_23' title="bbox 124 2609 1262 2703; baseline 0 -23"><span class='ocrx_word' id='word_1_201' title='bbox 124 2636 146 2680; x_wconf 80' lang='lat' dir='ltr'>re</span> <span class='ocrx_word' id='word_1_202' title='bbox 163 2609 386 2700; x_wconf 69' lang='lat' dir='ltr'>desperauerim.</span> <span class='ocrx_word' id='word_1_203' title='bbox 412 2615 473 2682; x_wconf 87' lang='lat' dir='ltr'>Sed</span> <span class='ocrx_word' id='word_1_204' title='bbox 495 2639 557 2703; x_wconf 92' lang='lat' dir='ltr'>quo</span> <span class='ocrx_word' id='word_1_205' title='bbox 578 2620 734 2703; x_wconf 81' lang='lat' dir='ltr'>pertineat</span> <span class='ocrx_word' id='word_1_206' title='bbox 753 2618 831 2683; x_wconf 89' lang='lat' dir='ltr'>haec</span> <span class='ocrx_word' id='word_1_207' title='bbox 848 2618 1008 2684; x_wconf 79' lang='lat' dir='ltr'>adnotatio</span> <span class='ocrx_word' id='word_1_208' title='bbox 1028 2620 1061 2681; x_wconf 90' lang='lat' dir='ltr'>in</span> <span class='ocrx_word' id='word_1_209' title='bbox 1076 2619 1262 2682; x_wconf 86' lang='lat' dir='ltr'>universnm</span> 
     </span>
     <span class='ocr_line' id='line_1_24' title="bbox 123 2721 1261 2809; baseline 0.003 -24"><span class='ocrx_word' id='word_1_210' title='bbox 123 2721 198 2787; x_wconf 91' lang='lat' dir='ltr'>idem</span> <span class='ocrx_word' id='word_1_211' title='bbox 229 2724 374 2789; x_wconf 85' lang='lat' dir='ltr'>divinare</span> <span class='ocrx_word' id='word_1_212' title='bbox 406 2723 482 2790; x_wconf 87' lang='lat' dir='ltr'>licet</span> <span class='ocrx_word' id='word_1_213' title='bbox 514 2746 552 2788; x_wconf 82' lang='lat' dir='ltr'>er</span> <span class='ocrx_word' id='word_1_214' title='bbox 583 2725 864 2809; x_wconf 54' lang='lat' dir='ltr'>subseqnentibus</span> <span class='ocrx_word' id='word_1_215' title='bbox 891 2745 971 2809; x_wconf 83' lang='lat' dir='ltr'>quse</span> <span class='ocrx_word' id='word_1_216' title='bbox 995 2723 1095 2790; x_wconf 79' lang='lat' dir='ltr'>velim</span> <span class='ocrx_word' id='word_1_217' title='bbox 1120 2722 1261 2789; x_wconf 80' lang='lat' dir='ltr'>conferes</span> 
     </span>
     <span class='ocr_line' id='line_1_25' title="bbox 124 2828 1263 2918; baseline 0.003 -26"><span class='ocrx_word' id='word_1_218' title='bbox 124 2830 262 2895; x_wconf 83' lang='lat' dir='ltr'>ceditis</span> <span class='ocrx_word' id='word_1_219' title='bbox 286 2831 325 2895; x_wconf 85' lang='lat' dir='ltr'>sd</span> <span class='ocrx_word' id='word_1_220' title='bbox 350 2852 380 2896; x_wconf 84' lang='lat' dir='ltr'>v.</span> <span class='ocrx_word' id='word_1_221' title='bbox 406 2828 481 2906; x_wconf 78' lang='lat'>238,</span> <span class='ocrx_word' id='word_1_222' title='bbox 509 2830 591 2908; x_wconf 82' lang='lat'><strong>318,</strong></span> <span class='ocrx_word' id='word_1_223' title='bbox 617 2829 700 2896; x_wconf 84' lang='lat'><strong>328”</strong></span> <span class='ocrx_word' id='word_1_224' title='bbox 725 2833 837 2916; x_wconf 90' lang='lat' dir='ltr'>(immo</span> <span class='ocrx_word' id='word_1_225' title='bbox 862 2830 953 2918; x_wconf 77' lang='lat'><strong>329).</strong></span> <span class='ocrx_word' id='word_1_226' title='bbox 1000 2829 1111 2916; x_wconf 82' lang='lat' dir='ltr'>Neque</span> <span class='ocrx_word' id='word_1_227' title='bbox 1136 2829 1203 2915; x_wconf 89' lang='lat' dir='ltr'>ipse</span> <span class='ocrx_word' id='word_1_228' title='bbox 1227 2851 1263 2895; x_wconf 90' lang='lat' dir='ltr'>ea</span> 
     </span>
     <span class='ocr_line' id='line_1_26' title="bbox 124 2936 1263 3025; baseline 0 -25"><span class='ocrx_word' id='word_1_229' title='bbox 124 2939 252 3022; x_wconf 77' lang='lat' dir='ltr'>egentia</span> <span class='ocrx_word' id='word_1_230' title='bbox 275 2959 346 3001; x_wconf 90' lang='lat' dir='ltr'>sum</span> <span class='ocrx_word' id='word_1_231' title='bbox 372 2939 463 3001; x_wconf 87' lang='lat' dir='ltr'>utin</span> <span class='ocrx_word' id='word_1_232' title='bbox 489 2943 555 3002; x_wconf 87' lang='lat' dir='ltr'>tam</span> <span class='ocrx_word' id='word_1_233' title='bbox 580 2936 740 3022; x_wconf 80' lang='lat' dir='ltr'>perplexis</span> <span class='ocrx_word' id='word_1_234' title='bbox 763 2938 871 3003; x_wconf 90' lang='lat' dir='ltr'>omnia</span> <span class='ocrx_word' id='word_1_235' title='bbox 897 2958 949 3002; x_wconf 90' lang='lat' dir='ltr'>me</span> <span class='ocrx_word' id='word_1_236' title='bbox 969 2939 1263 3025; x_wconf 23' lang='lat' dir='ltr'>ite&#39;restituturum</span> 
     </span>
     <span class='ocr_line' id='line_1_27' title="bbox 124 3041 1262 3130; baseline 0.002 -25"><span class='ocrx_word' id='word_1_237' title='bbox 124 3041 271 3125; x_wconf 74' lang='lat' dir='ltr'>stimem,</span> <span class='ocrx_word' id='word_1_238' title='bbox 296 3048 332 3106; x_wconf 86' lang='lat' dir='ltr'>ut</span> <span class='ocrx_word' id='word_1_239' title='bbox 362 3064 519 3128; x_wconf 81' lang='lat' dir='ltr'><strong>nusquam</strong></span> <span class='ocrx_word' id='word_1_240' title='bbox 544 3065 562 3108; x_wconf 86' lang='lat' dir='ltr'>s</span> <span class='ocrx_word' id='word_1_241' title='bbox 588 3064 662 3108; x_wconf 85' lang='lat' dir='ltr'>vero</span> <span class='ocrx_word' id='word_1_242' title='bbox 688 3043 916 3119; x_wconf 85' lang='lat' dir='ltr'>oberraverim,</span> <span class='ocrx_word' id='word_1_243' title='bbox 940 3043 1174 3130; x_wconf 88' lang='lat' dir='ltr'>Porphyriique</span> <span class='ocrx_word' id='word_1_244' title='bbox 1197 3063 1262 3107; x_wconf 88' lang='lat' dir='ltr'>rna·</span> 
     </span>
     <span class='ocr_line' id='line_1_28' title="bbox 125 3149 1262 3234; baseline 0.002 -22"><span class='ocrx_word' id='word_1_245' title='bbox 125 3168 154 3212; x_wconf 88' lang='lat' dir='ltr'>m</span> <span class='ocrx_word' id='word_1_246' title='bbox 186 3153 233 3214; x_wconf 87' lang='lat' dir='ltr'>ita</span> <span class='ocrx_word' id='word_1_247' title='bbox 267 3152 357 3234; x_wconf 85' lang='lat' dir='ltr'>qussi</span> <span class='ocrx_word' id='word_1_248' title='bbox 389 3171 426 3215; x_wconf 83' lang='lat' dir='ltr'>ex</span> <span class='ocrx_word' id='word_1_249' title='bbox 459 3150 567 3214; x_wconf 85' lang='lat' dir='ltr'>inferis</span> <span class='ocrx_word' id='word_1_250' title='bbox 599 3149 744 3227; x_wconf 86' lang='lat' dir='ltr'>eliciam,</span> <span class='ocrx_word' id='word_1_251' title='bbox 770 3157 806 3214; x_wconf 90' lang='lat' dir='ltr'>ut</span> <span class='ocrx_word' id='word_1_252' title='bbox 832 3156 960 3225; x_wconf 81' lang='lat' dir='ltr'>„contre</span> <span class='ocrx_word' id='word_1_253' title='bbox 984 3150 1105 3234; x_wconf 86' lang='lat' dir='ltr'>siquis</span> <span class='ocrx_word' id='word_1_254' title='bbox 1129 3151 1262 3222; x_wconf 84' lang='lat' dir='ltr'>sentiat,</span> 
     </span>
     <span class='ocr_line' id='line_1_29' title="bbox 124 3253 1265 3340; baseline -0.001 -20"><span class='ocrx_word' id='word_1_255' title='bbox 124 3253 157 3320; x_wconf 83' lang='grc' dir='ltr'>ιιι</span> <span class='ocrx_word' id='word_1_256' title='bbox 178 3255 326 3322; x_wconf 85' lang='lat' dir='ltr'>sentiat.&#39;&#39;</span> <span class='ocrx_word' id='word_1_257' title='bbox 349 3259 392 3322; x_wconf 86' lang='lat' dir='ltr'>At</span> <span class='ocrx_word' id='word_1_258' title='bbox 415 3256 626 3321; x_wconf 77' lang='lat' dir='ltr'>adnotationis</span> <span class='ocrx_word' id='word_1_259' title='bbox 649 3256 755 3322; x_wconf 85' lang='lat' dir='ltr'>verbis</span> <span class='ocrx_word' id='word_1_260' title='bbox 779 3255 951 3340; x_wconf 77' lang='lat' dir='ltr'>diligenter</span> <span class='ocrx_word' id='word_1_261' title='bbox 972 3255 1176 3321; x_wconf 84' lang='lat' dir='ltr'>consideretis</span> <span class='ocrx_word' id='word_1_262' title='bbox 1197 3276 1265 3340; x_wconf 89' lang='lat' dir='ltr'>per·</span> 
     </span>
     <span class='ocr_line' id='line_1_30' title="bbox 124 3361 1265 3448; baseline 0.001 -23"><span class='ocrx_word' id='word_1_263' title='bbox 124 3363 254 3448; x_wconf 79' lang='lat' dir='ltr'>asiaque,</span> <span class='ocrx_word' id='word_1_264' title='bbox 282 3362 342 3427; x_wconf 92' lang='lat' dir='ltr'>hoc</span> <span class='ocrx_word' id='word_1_265' title='bbox 366 3362 494 3446; x_wconf 90' lang='lat' dir='ltr'>quidem</span> <span class='ocrx_word' id='word_1_266' title='bbox 517 3381 641 3446; x_wconf 87' lang='lat' dir='ltr'>sperare</span> <span class='ocrx_word' id='word_1_267' title='bbox 665 3361 757 3444; x_wconf 86' lang='lat' dir='ltr'>licet,</span> <span class='ocrx_word' id='word_1_268' title='bbox 778 3362 844 3427; x_wconf 80' lang='lat' dir='ltr'>fors</span> <span class='ocrx_word' id='word_1_269' title='bbox 864 3368 901 3426; x_wconf 90' lang='lat' dir='ltr'>ut</span> <span class='ocrx_word' id='word_1_270' title='bbox 922 3370 1025 3427; x_wconf 88' lang='lat' dir='ltr'>totum</span> <span class='ocrx_word' id='word_1_271' title='bbox 1045 3361 1265 3427; x_wconf 86' lang='lat' dir='ltr'>feliciuscom·</span> 
     </span>
     <span class='ocr_line' id='line_1_31' title="bbox 124 3467 1264 3555; baseline 0 -24"><span class='ocrx_word' id='word_1_272' title='bbox 124 3468 297 3534; x_wconf 85' lang='lat' dir='ltr'>caremihi</span> <span class='ocrx_word' id='word_1_273' title='bbox 329 3471 511 3555; x_wconf 80' lang='lat' dir='ltr'>continget,</span> <span class='ocrx_word' id='word_1_274' title='bbox 543 3488 638 3551; x_wconf 85' lang='lat' dir='ltr'>quem</span> <span class='ocrx_word' id='word_1_275' title='bbox 672 3467 812 3533; x_wconf 89' lang='lat' dir='ltr'>Prellsro</span> <span class='ocrx_word' id='word_1_276' title='bbox 836 3471 1007 3555; x_wconf 81' lang='lat' dir='ltr'>contigisse</span> <span class='ocrx_word' id='word_1_277' title='bbox 1031 3467 1196 3544; x_wconf 79' lang='lat' dir='ltr'>videmus,</span> <span class='ocrx_word' id='word_1_278' title='bbox 1222 3503 1264 3516; x_wconf 89' lang='lat'>-</span> 
     </span>
     <span class='ocr_line' id='line_1_32' title="bbox 124 3572 1264 3658; baseline 0 -21"><span class='ocrx_word' id='word_1_279' title='bbox 124 3572 255 3638; x_wconf 90' lang='lat' dir='ltr'>ndortius</span> <span class='ocrx_word' id='word_1_280' title='bbox 285 3574 401 3640; x_wconf 88' lang='lat' dir='ltr'>codicis</span> <span class='ocrx_word' id='word_1_281' title='bbox 422 3582 578 3658; x_wconf 68' lang='lat' dir='ltr'>⁴portenta</span> <span class='ocrx_word' id='word_1_282' title='bbox 610 3580 841 3658; x_wconf 74' lang='lat' dir='ltr'>repraesentare</span> <span class='ocrx_word' id='word_1_283' title='bbox 875 3578 953 3639; x_wconf 84' lang='lat' dir='ltr'>satis</span> <span class='ocrx_word' id='word_1_284' title='bbox 983 3575 1115 3650; x_wconf 89' lang='lat' dir='ltr'>habuit,</span> <span class='ocrx_word' id='word_1_285' title='bbox 1142 3612 1182 3623; x_wconf 87' lang='lat'>-</span> <span class='ocrx_word' id='word_1_286' title='bbox 1209 3577 1264 3658; x_wconf 90' lang='lat' dir='ltr'>qui</span> 
     </span>
     <span class='ocr_line' id='line_1_33' title="bbox 124 3678 1265 3767; baseline 0.005 -27"><span class='ocrx_word' id='word_1_287' title='bbox 124 3678 138 3742; x_wconf 89' lang='grc' dir='ltr'>ιι</span> <span class='ocrx_word' id='word_1_288' title='bbox 158 3701 257 3766; x_wconf 87' lang='lat' dir='ltr'>panos</span> <span class='ocrx_word' id='word_1_289' title='bbox 275 3679 428 3764; x_wconf 78' lang='lat' dir='ltr'>quaedam</span> <span class='ocrx_word' id='word_1_290' title='bbox 450 3680 528 3744; x_wconf 89' lang='lat' dir='ltr'>bene</span> <span class='ocrx_word' id='word_1_291' title='bbox 548 3682 698 3753; x_wconf 83' lang='lat' dir='ltr'>correxit,</span> <span class='ocrx_word' id='word_1_292' title='bbox 723 3687 760 3744; x_wconf 90' lang='lat' dir='ltr'>ut</span> <span class='ocrx_word' id='word_1_293' title='bbox 781 3681 892 3745; x_wconf 86' lang='lat' dir='ltr'>stetim</span> <span class='ocrx_word' id='word_1_294' title='bbox 906 3681 1134 3758; x_wconf 80' lang='lat' dir='ltr'>indicabimus,</span> <span class='ocrx_word' id='word_1_295' title='bbox 1152 3685 1265 3767; x_wconf 86' lang='lat' dir='ltr'>(neque</span> 
     </span>
     <span class='ocr_line' id='line_1_34' title="bbox 124 3785 1265 3871; baseline 0.004 -25"><span class='ocrx_word' id='word_1_296' title='bbox 124 3785 160 3849; x_wconf 88' lang='lat' dir='ltr'>im</span> <span class='ocrx_word' id='word_1_297' title='bbox 189 3785 284 3851; x_wconf 88' lang='lat' dir='ltr'>laude</span> <span class='ocrx_word' id='word_1_298' title='bbox 317 3806 389 3861; x_wconf 74' lang='lat' dir='ltr'>sue,</span> <span class='ocrx_word' id='word_1_299' title='bbox 416 3789 443 3849; x_wconf 89' lang='lat' dir='ltr'>si</span> <span class='ocrx_word' id='word_1_300' title='bbox 468 3806 529 3870; x_wconf 86' lang='lat' dir='ltr'>qus</span> <span class='ocrx_word' id='word_1_301' title='bbox 551 3789 584 3849; x_wconf 93' lang='lat' dir='ltr'>in</span> <span class='ocrx_word' id='word_1_302' title='bbox 608 3785 659 3849; x_wconf 88' lang='lat' dir='ltr'>his</span> <span class='ocrx_word' id='word_1_303' title='bbox 686 3785 756 3850; x_wconf 90' lang='lat' dir='ltr'>laus</span> <span class='ocrx_word' id='word_1_304' title='bbox 780 3792 847 3863; x_wconf 85' lang='lat' dir='ltr'>est,</span> <span class='ocrx_word' id='word_1_305' title='bbox 872 3786 1134 3871; x_wconf 61' lang='lat' dir='ltr'>defraudemus)</span> <span class='ocrx_word' id='word_1_306' title='bbox 1159 3794 1265 3852; x_wconf 83' lang='lat' dir='ltr'>tumen</span> 
     </span>
     <span class='ocr_line' id='line_1_35' title="bbox 144 3890 1265 3979; baseline 0 -22"><span class='ocrx_word' id='word_1_307' title='bbox 144 3896 326 3958; x_wconf 87' lang='lat' dir='ltr'>universum</span> <span class='ocrx_word' id='word_1_308' title='bbox 362 3891 444 3956; x_wconf 89' lang='lat' dir='ltr'>nihil</span> <span class='ocrx_word' id='word_1_309' title='bbox 476 3892 581 3968; x_wconf 86' lang='lat' dir='ltr'>dedit,</span> <span class='ocrx_word' id='word_1_310' title='bbox 612 3892 696 3975; x_wconf 87' lang='lat' dir='ltr'>quod</span> <span class='ocrx_word' id='word_1_311' title='bbox 728 3890 793 3978; x_wconf 83' lang='lat' dir='ltr'>legi</span> <span class='ocrx_word' id='word_1_312' title='bbox 827 3891 1036 3979; x_wconf 70' lang='lat' dir='ltr'>intellegique</span> <span class='ocrx_word' id='word_1_313' title='bbox 1059 3895 1168 3977; x_wconf 86' lang='lat' dir='ltr'>possit.</span> <span class='ocrx_word' id='word_1_314' title='bbox 1217 3894 1265 3958; x_wconf 81' lang='lat' dir='ltr'>Ac</span> 
     </span>
     <span class='ocr_line' id='line_1_36' title="bbox 124 3996 1265 4083; baseline 0.004 -24"><span class='ocrx_word' id='word_1_315' title='bbox 124 3998 235 4082; x_wconf 87' lang='lat' dir='ltr'>imum,</span> <span class='ocrx_word' id='word_1_316' title='bbox 257 3997 341 4083; x_wconf 92' lang='lat' dir='ltr'>quod</span> <span class='ocrx_word' id='word_1_317' title='bbox 353 3996 512 4061; x_wconf 90' lang='lat' dir='ltr'>Prellerus</span> <span class='ocrx_word' id='word_1_318' title='bbox 526 3997 603 4062; x_wconf 87' lang='lat' dir='ltr'>bene</span> <span class='ocrx_word' id='word_1_319' title='bbox 617 3999 760 4079; x_wconf 85' lang='lat' dir='ltr'>monuit,</span> <span class='ocrx_word' id='word_1_320' title='bbox 775 3996 945 4062; x_wconf 87' lang='lat' dir='ltr'>videndum</span> <span class='ocrx_word' id='word_1_321' title='bbox 959 4018 1109 4083; x_wconf 87' lang='lat' dir='ltr'>quorsum</span> <span class='ocrx_word' id='word_1_322' title='bbox 1122 4000 1265 4083; x_wconf 83' lang='lat' dir='ltr'>quaestio</span> 
     </span>
     <span class='ocr_line' id='line_1_37' title="bbox 124 4101 1264 4191; baseline 0.004 -25"><span class='ocrx_word' id='word_1_323' title='bbox 124 4123 154 4168; x_wconf 85' lang='lat' dir='ltr'>se</span> <span class='ocrx_word' id='word_1_324' title='bbox 183 4104 236 4170; x_wconf 88' lang='lat' dir='ltr'>hic</span> <span class='ocrx_word' id='word_1_325' title='bbox 267 4110 415 4168; x_wconf 80' lang='lat' dir='ltr'>movetur</span> <span class='ocrx_word' id='word_1_326' title='bbox 448 4109 583 4187; x_wconf 81' lang='lat' dir='ltr'>spectet,</span> <span class='ocrx_word' id='word_1_327' title='bbox 620 4123 681 4187; x_wconf 92' lang='lat' dir='ltr'>quo</span> <span class='ocrx_word' id='word_1_328' title='bbox 705 4101 876 4168; x_wconf 91' lang='lat' dir='ltr'>dilucidius</span> <span class='ocrx_word' id='word_1_329' title='bbox 899 4104 1027 4191; x_wconf 81' lang='lat' dir='ltr'>singule</span> <span class='ocrx_word' id='word_1_330' title='bbox 1050 4105 1264 4171; x_wconf 82' lang='lat' dir='ltr'>diiudicentur</span> 
     </span>
     <span class='ocr_line' id='line_1_38' title="bbox 143 4208 1264 4298; baseline 0.003 -23"><span class='ocrx_word' id='word_1_331' title='bbox 143 4211 196 4275; x_wconf 88' lang='lat' dir='ltr'>nbi</span> <span class='ocrx_word' id='word_1_332' title='bbox 233 4230 312 4294; x_wconf 90' lang='lat' dir='ltr'>opus</span> <span class='ocrx_word' id='word_1_333' title='bbox 343 4211 550 4294; x_wconf 79' lang='lat' dir='ltr'>corrigantur.</span> <span class='ocrx_word' id='word_1_334' title='bbox 599 4208 722 4293; x_wconf 85' lang='lat' dir='ltr'>Nempe</span> <span class='ocrx_word' id='word_1_335' title='bbox 752 4212 889 4294; x_wconf 88' lang='lat' dir='ltr'>pertinet</span> <span class='ocrx_word' id='word_1_336' title='bbox 919 4213 1004 4294; x_wconf 90' lang='lat' dir='ltr'>prior</span> <span class='ocrx_word' id='word_1_337' title='bbox 1034 4215 1103 4277; x_wconf 86' lang='lat' dir='ltr'>siue</span> <span class='ocrx_word' id='word_1_338' title='bbox 1127 4234 1199 4298; x_wconf 89' lang='lat' dir='ltr'>pars</span> <span class='ocrx_word' id='word_1_339' title='bbox 1224 4213 1264 4279; x_wconf 83' lang='lat' dir='ltr'>ed</span> 
     </span>
     <span class='ocr_line' id='line_1_39' title="bbox 124 4313 1262 4392; baseline 0.006 -12"><span class='ocrx_word' id='word_1_340' title='bbox 124 4318 232 4382; x_wconf 83' lang='lat' dir='ltr'>retesin</span> <span class='ocrx_word' id='word_1_341' title='bbox 257 4336 368 4381; x_wconf 87' lang='lat' dir='ltr'>versus</span> <span class='ocrx_word' id='word_1_342' title='bbox 393 4313 475 4378; x_wconf 79' lang='lat'><strong>329:</strong></span> <span class='ocrx_word' id='word_1_343' title='bbox 500 4313 545 4378; x_wconf 85' lang='grc' dir='ltr'>σοι</span> <span class='ocrx_word' id='word_1_344' title='bbox 570 4315 601 4379; x_wconf 78' lang='grc' dir='ltr'>δέ</span> <span class='ocrx_word' id='word_1_345' title='bbox 621 4339 665 4388; x_wconf 85' lang='grc' dir='ltr'>τις</span> <span class='ocrx_word' id='word_1_346' title='bbox 687 4317 716 4380; x_wconf 83' lang='grc' dir='ltr'>ἕν</span> <span class='ocrx_word' id='word_1_347' title='bbox 736 4315 895 4392; x_wconf 72' lang='grc' dir='ltr'><strong><em>στήθεσσιν</em></strong></span> <span class='ocrx_word' id='word_1_348' title='bbox 912 4318 1065 4392; x_wconf 72' lang='grc' dir='ltr'><strong><em>ἀκήλητος</em></strong></span> <span class='ocrx_word' id='word_1_349' title='bbox 1084 4320 1146 4391; x_wconf 88' lang='grc' dir='ltr'><strong><em>νθος</em></strong></span> <span class='ocrx_word' id='word_1_350' title='bbox 1167 4321 1262 4388; x_wconf 84' lang='grc' dir='ltr'><strong><em>ἐστιν.</em></strong></span> 
     </span>
    </p>
   </div>
   <div class='ocr_carea' id='block_1_3' title="bbox 0 0 1494 4950">
    <p class='ocr_par' dir='ltr' id='par_1_6' title="bbox 0 0 1494 4950">
     <span class='ocr_line' id='line_1_40' title="bbox 0 0 1494 4950; baseline 0 0"><span class='ocrx_word' id='word_1_351' title='bbox 0 0 1494 4950; x_wconf 95' lang='lat' dir='ltr'> </span> 
     </span>
    </p>
   </div>
  </div>
 </body>
</html>
