2978 4950
720 199 785 277 153

147 390 183 464 ἀί
218 405 277 465 τῶν
307 395 400 476 sxa}
429 398 589 477 εἰρημένων
622 402 639 475 ι)
673 396 768 475 λέξις.
794 399 884 466 ἄλλοι
911 398 942 464 δέ
966 399 1071 478 μικρὸν
1095 390 1349 478 μινχοιιρίάιον,ί

147 507 205 570 καί
224 505 365 586 σφάγιον
388 512 533 571 νοολοῦσιν
557 505 582 571 οἱ
607 508 752 570 Ἀττικοί.
804 506 971 572 Praeterea
994 510 1028 570 in
1051 503 1124 570 HM
1149 507 1253 571 brevis
1275 511 1351 569 note

146 617 201 677 est
231 613 271 678 de
301 619 449 677 accentu:
481 614 588 688 ἀμνίον
613 614 650 683 ὡς
675 614 788 685 πηνίον.
814 620 928 687 Κρῆτες
954 611 985 675 δέ
1010 612 1130 687 οιίμνίον
1154 611 1232 676 οιύτί
1256 619 1350 688 Φοισι.

144 716 296 784 'faudem
319 722 354 783 in
382 718 512 799 MQR.:
546 715 661 791 ἀλλυς.
694 720 810 796 ἀμνιόν.
844 721 976 796 ἀγγεῖον
1005 721 1047 791 είς
1082 716 1096 784 ὃ
1127 723 1161 782 τὸ
1189 715 1272 794 ιιίμοι
1295 722 1349 783 τοῦ

146 825 258 903 ίερείου
281 824 433 905 ἐδέχοντο.
469 825 629 898 Ζηνόδοτος
660 825 691 889 δὲ
716 826 747 888 έν
770 833 841 890 calc
864 827 928 890 ἀπὸ
951 829 1003 890 τοῦ
1028 825 1045 889 δ
1067 825 1228 902 γλώσσαις
1252 825 1350 899 τίίησι

146 934 207 1006 τὴν
231 930 325 1007 λέξιν.
352 929 443 1008 ἀποιξ
467 933 499 997 δέ
522 933 655 996 §caece
680 933 755 1011 παρ’
782 933 907 1012 Ὁμήρῳ
932 935 949 1007 ἡ
974 931 1068 1009 λέξις.

198 1036 289 1103 Haec
323 1040 426 1125 igitur
457 1036 585 1103 Scholia
614 1038 742 1102 hebent.
789 1037 827 1102 In
857 1037 1082 1126 Etymologieo
1115 1038 1255 1127 Magno,
1279 1041 1349 1107 loco

149 1141 326 1209 Homerico
349 1147 463 1227 citato,
494 1143 572 1209 haee
604 1149 731 1209 tantum
755 1144 943 1209 brevissime
965 1144 1097 1209 adsunt:
1122 1150 1157 1210 τὸ
1181 1147 1348 1228 υίμοδίχον

149 1250 303 1328 ἀγγεῖον·
315 1251 402 1328 πιιρά
416 1249 450 1313 τὸ
463 1245 547 1326 νιίμοι
560 1251 686 1328 ιιίμνίον,
702 1251 737 1315 τί
750 1254 803 1314 τοῦ
818 1248 950 1325 οιίμοοτος
962 1251 1107 1329 δεκτικόν,
1129 1252 1273 1336 ἀποβολῇ
1294 1258 1347 1318 τοῦ

150 1360 184 1424 ἶ.
219 1354 405 1423 Gudienum
430 1356 634 1442 explicatiores
655 1356 771 1422 tradit:
801 1358 981 1431 Ἀμνίονι
1006 1356 1071 1424 έστι
1096 1359 1152 1434 μέν
1177 1366 1235 1425 τῶν
1258 1357 1350 1435 ἀποοξ

156 1461 319 1542 είρημίνυν
355 1465 371 1538 ἡ
403 1462 504 1540 λέξις,
536 1464 679 1539 σημοιίνει
712 1463 762 1546 (δέ
793 1464 868 1548 ins.)
900 1465 1031 1542 ἀγγεῖον
1062 1462 1135 1530 ὅπου
1167 1467 1208 1531 τί
1245 1463 1349 1545 οιίμιι

158 1574 224 1635 τοῦ
260 1571 407 1647 ίερείου
442 1570 596 1650 δέχοντοιι.
629 1578 699 1655 (pro
729 1569 780 1634 his
811 1570 909 1635 codex
940 1570 1132 1638 bellissime:
1170 1570 1243 1639 ίπου
1279 1580 1348 1640 τοῦ

153 1676 259 1754 ίρίον
284 1676 446 1759 δέχονται,
472 1681 606 1742 correxit
628 1676 732 1741 editor
753 1674 895 1741 eiusdem
915 1677 1039 1765 glossae
1062 1684 1249 1765 repetitione
1273 1703 1351 1747 usus

156 1782 198 1869 (p.
212 1782 283 1868 59),
303 1784 359 1848 ubi
382 1789 467 1849 recte
490 1783 635 1848 additum
657 1790 704 1847 est
723 1782 765 1858 δέ,
779 1788 939 1848 coeterum
953 1805 1072 1850 norum
1085 1790 1205 1853 vitium
1217 1787 1349 1854 illatum

154 1887 354 1973 δέχεται.)
379 1890 431 1953 ecl
456 1887 520 1953 ἔστι
544 1889 630 1953 κοιτά
662 1888 716 1973 (τί
748 1889 817 1954 edd.
853 1910 892 1954 ex
923 1890 1029 1978 glossa
1059 1896 1205 1978 repetite)
1238 1894 1349 1973 ἔτυμον

155 1997 289 2073 ἀμένιον,
315 1995 489 2075 στερητικὸν
513 2000 566 2060 τοῦ
590 1996 717 2073 μένους,
737 1997 878 2059 τουτέστι
899 2005 954 2070 τῆς
976 2001 1094 2078 ψυχῆς.
1115 2002 1141 2065 οί
1160 2002 1191 2065 δέ
1213 2002 1348 2067 Ἀττικοί

157 2103 294 2184 σφάγιον
319 2103 395 2166 αὐτὸ
420 2106 558 2167 καλοῦσι.
586 2103 645 2165 Kal
671 2099 787 2172 ἀλλος.
815 2102 923 2178 ἀμνίον
947 2102 982 2166 τί
1005 2104 1174 2187 οιίμοδίχον
1198 2108 1348 2185 ἀγγεῖον,

159 2210 245 2289 πειρά
269 2208 305 2272 τὸ
330 2205 413 2287 οιίμοι
437 2209 556 2284 μίμνίον
580 2202 632 2272 κει)
660 2208 767 2283 ἀμνίον
790 2211 828 2281 ὥς
854 2209 958 2283 οιίητον
984 2211 1076 2297 (νομί)
1098 2211 1202 2287 ἀητον.
1222 2214 1303 2294 φοισί
1317 2214 1348 2280 δέ

160 2316 238 2404 (νισι)
252 2318 326 2401 ins.)
350 2316 401 2380 ἀιά
422 2323 476 2389 τῆς
498 2339 536 2379 σοι
557 2313 729 2394 διφίίνγου
749 2315 983 2394 νράφεσίοιι.
1001 2315 1120 2404 (Codex
1133 2323 1348 2407 γριίφετυι.)

158 2421 283 2487 Ultimo
305 2422 497 2507 praecedunt
520 2424 554 2486 in
577 2422 702 2509 glos'soe
728 2424 915 2506 repetitione
942 2444 975 2509 p.
1002 2423 1055 2502 59,
1076 2426 1184 2493 addito
1204 2428 1348 2511 ἀποβολῇ

158 2535 209 2596 τοῦ
238 2552 266 2614 ι,
297 2529 423 2605 ἀμνίον,
453 2536 489 2593 ut
513 2528 623 2593 eedem
646 2530 725 2600 sint.
750 2547 829 2612 quse
852 2531 887 2593 in
910 2528 1136 2619 lltymologico
1159 2533 1280 2621 Magno
1304 2535 1349 2601 le·

158 2642 284 2725 potor.
310 2636 408 2701 Porro
431 2637 465 2699 in
488 2635 710 2720 Epimerismis
732 2632 912 2700 Homericis
937 2657 962 2701 s.
978 2659 1009 2703 v.
1032 2635 1186 2722 (Cramer.
1208 2641 1349 2708 Anecdd.

158 2742 279 2808 Oreum
304 2741 374 2828 lp.
399 2741 460 2819 81,
486 2740 530 2806 23
553 2743 632 2827 sqq.)
658 2740 787 2827 legitur.
813 2743 975 2817 ἀμνίονε
1001 2744 1168 2824 οιίμοδίχον
1197 2747 1348 2824 ἀγγεῖον·

157 2851 172 2914 ί
192 2854 318 2925 ποιητὴς
345 2851 498 2929 ,Περσεὺς
524 2851 549 2913 δ’
573 2849 681 2924 ἀμνίον
700 2843 799 2928 είχε.”
819 2848 905 2927 ποορά
924 2850 959 2919 τί
980 2843 1065 2927 οιίμιο
1078 2852 1186 2928 ἀμνίον
1200 2853 1233 2936 (l.
1247 2854 1347 2939 ἀμν.),

158 2956 191 3020 τί
221 2961 275 3048 τοῦ
309 2953 443 3030 οιίμοιτος
473 2953 627 3030 δεκτικόν,
652 2954 790 3033 ἐλλείψει
816 2959 868 3019 τοῦ
895 2957 989 3019 lora·
1015 2957 1041 3021 οί
1065 2958 1097 3022 δὲ
1121 2960 1240 3034 μίμνίον
1263 2962 1348 3037 μετά

158 3072 210 3137 τῆς
244 3087 285 3127 οιι
318 3062 503 3144 διφίίννου,
537 3063 589 3125 καί
621 3061 799 3126 δασύνουσι·
833 3065 1014 3143 μέμφονται
1047 3065 1079 3130 δὲ
1106 3075 1168 3138 τοῖς
1193 3068 1348 3146 γράφουσι

159 3171 250 3251 χωρίς
274 3173 328 3234 τοῦ
351 3171 445 3246 ίῶτοο,
470 3168 518 3234 ίνοι
545 3168 680 3248 σημοοίνη
703 3168 737 3231 τὸ
762 3170 900 3247 σφυγίον
926 3171 961 3256 (i.
974 3191 1001 3234 e.
1027 3174 1212 3258 σφαγεῖον)
1234 3176 1267 3239 οὐ
1286 3176 1349 3254 γάρ

160 3275 311 3353 βούλεταί
346 3299 376 3339 τι
407 3281 557 3341 τοιοῦτον·
591 3274 608 3349 ἣ
642 3276 728 3353 τυρά
760 3277 794 3338 τὸ
825 3274 912 3349 μένος
944 3278 1064 3355 μενίον,
1097 3279 1149 3342 ecl
1180 3280 1266 3357 μετά
1296 3286 1350 3344 τοῦ

161 3386 334 3463 στερητικοῦ
358 3384 392 3467 (ο
415 3384 489 3466 ins.)
512 3380 655 3458 ἀμένιον,
680 3380 733 3444 κοιί
758 3382 882 3458 ἀμνίον·
915 3387 969 3447 τοῦ
991 3385 1055 3463 νάρ
1080 3385 1212 3463 οιίμοιτος
1235 3388 1351 3465 ἐκρυέν-

161 3512 208 3560 τος
235 3491 375 3567 ἀμενηνά
398 3492 521 3566 γίνετοιι
546 3490 588 3552 τά
614 3490 725 3564 ἱερεῖον·
751 3486 877 3563 βέλτιον
902 3488 932 3552 δὲ
956 3497 1043 3569 παρά
1066 3492 1100 3555 τὸ
1126 3487 1217 3566 οιίμοι.
1269 3490 1352 3557 'Pan-

162 3595 231 3662 dem
255 3597 395 3662 breviter
417 3596 502 3681 apud
524 3594 731 3680 Apollonium
756 3592 940 3680 Sophistem
966 3598 988 3660 i.
1002 3619 1033 3663 v.
1058 3598 1191 3675 ἀγγεῖόν
1215 3622 1245 3662 τι
1270 3599 1311 3669 είς
1337 3591 1352 3659 ί

163 3702 303 3782 δέχονται
328 3709 380 3768 τοῦ
405 3702 622 3783 σφαττομένου
646 3702 735 3778 ίερίου
762 3701 891 3785 (ἱερείου)
917 3702 951 3766 τὸ
975 3698 1069 3779 οιίμοι.
1094 3705 1110 3778 ἢ
1137 3699 1194 3769 οίον
1218 3703 1352 3788 ἀμένιον,

162 3813 200 3875 τὸ
225 3810 333 3875 κοιτά
357 3808 544 3888 στέρησιν
568 3812 622 3872 τοῦ
646 3807 777 3889 μένους.,
800 3807 857 3871 ubi
881 3807 1010 3873 malim:
1039 3805 1134 3884 ἣοίον
1155 3810 1297 3897 ἀμένιον,
1317 3811 1352 3876 τί

164 3916 446 3995 ἀποστερῆσαι
469 3920 523 3979 τοῦ
546 3914 664 3992 μένους.

201 4022 288 4089 Ηίυο
318 4023 397 4088 haec
426 4022 607 4087 deducenda
640 4023 903 4086 existimaverim.
943 4020 1012 4087 Iam
1037 4025 1179 4108 primum
1204 4027 1350 4090 omnium

165 4131 235 4194 setis
264 4134 415 4214 apparel,
445 4132 553 4194 omnio
583 4148 663 4213 quoe
693 4127 776 4212 opud
806 4134 928 4193 veteres
958 4134 1188 4218 grammaticos
1219 4139 1251 4197 el
1274 4131 1354 4197 lexi-

166 4237 333 4322 oogrophoe
364 4236 402 4300 de
431 4235 489 4301 heo
520 4255 596 4300 voce
626 4233 780 4321 leguntur
810 4254 849 4298 ex
877 4257 934 4299 νου
959 4237 1063 4315 fonte,
1087 4236 1230 4323 Didymo
1254 4245 1351 4323 puto,

167 4337 273 4408 housle
304 4344 403 4410 variis
425 4342 527 4408 modis
549 4342 714 4408 decurtate
738 4360 814 4406 esse.
863 4339 1005 4421 Quorum
1029 4351 1249 4431 excerptorum
1273 4365 1353 4432 quoe
