2978 4950
663 192 728 260 289

38 384 208 453 codice
227 405 351 469 semper
371 383 454 450 male
474 390 507 450 et
525 384 731 472 indiligenter
750 387 887 470 scripto,
909 385 1011 469 qualis
1033 384 1288 473 Ilamburgensis

40 499 111 559 est
134 538 154 568 ‚
203 491 297 556 rerba
326 490 497 579 Porphyrii
529 491 692 556 obscurius
723 491 762 557 de
785 512 873 557 more
896 493 1110 557 ratiocinantis
1134 512 1202 575 nou,
1219 494 1286 555 sine

43 596 276 681 multiplici
298 596 370 662 labe
394 604 518 662 servata
541 619 624 673 esse,
649 619 711 662 non
735 607 783 662 est
807 598 888 683 quod
914 601 1077 661 miremur.
1102 597 1285 662 Describam

44 701 333 788 compluscula,
365 723 427 788 quo
456 712 488 768 et
513 715 774 790 argumentorum
799 707 894 768 series
918 710 950 768 et
973 704 1047 767 hinc
1070 695 1286 767 mutationum

46 831 72 874 a
114 829 201 874 me
230 812 461 894 propositarum
494 812 575 874 ratio
607 810 710 897 mag-is
742 813 773 873 in
803 817 909 895 aperto
941 813 1014 875 sint.
1063 812 1114 890 Τῷ
1141 811 1289 874 Ὀδυσσεῖ

49 917 214 989 Ἀθηνᾶ
238 917 294 993 μὲν
318 915 510 995 ἐμαρτύρησε
530 920 748 993 φιλεῖσθαι
769 916 862 980 αύτθν
882 918 991 996 ιιαθπερ
1006 917 1169 994 ,,δύστηνον
1182 917 1286 1011 ἐόντα,

51 1021 197 1087 οὕνεκ’
219 1023 334 1097 ἐπητής
360 1023 441 1087 ἐστιν
466 1023 517 1085 καὶ
543 1023 690 1102 ἀγχίνοος
714 1023 768 1088 καὶ
794 1023 951 1103 ἐχέφρων”
975 1024 1001 1106 (ν
1024 1023 1114 1103 331).
1149 1026 1285 1103 Καλυψὼ

53 1128 93 1192 δὲ
164 1129 304 1194 ἰδοῦσα
341 1130 411 1214 [τὸ]
447 1128 589 1204 δύστηνον
620 1130 714 1193 αύτθν
745 1130 851 1205 ἐόντα,
885 1126 929 1193 ὅτ’
956 1128 1066 1214 »ἄλλοι
1091 1133 1147 1207 μὲν
1171 1131 1286 1202 πύντες

54 1235 288 1316 οὶπέφθιθον
320 1236 418 1300 ἐσθλοὶ
451 1237 580 1319 ἑταῖροι,
605 1234 751 1300 τθνδ“’
732 1260 791 1314 αρα
817 1235 936 1316 δεῦρ’
917 1237 1029 1312 ανεμθς
1054 1261 1087 1302 τε
1112 1237 1210 1318 φέρων
1234 1238 1285 1301 καὶ

56 1343 178 1416 κῦμ’
210 1341 382 1406 ἐπέλασσεν
417 1337 494 1406 οἶον”
529 1343 556 1427 (ε
603 1342 958 1428 110,1llet,133
986 1344 1080 1427 134),
1116 1345 1182 1408 καὶ
1221 1345 1286 1408 διθι

57 1450 216 1512 τοῦτο
251 1448 427 1525 ἐξηγήσατο
464 1455 525 1521 πῶς
558 1392 700 1522 δύστηνον
732 1451 828 1526 λέγει.
863 1449 991 1514 ποθλιν
1019 1477 1057 1528 „n
1044 1447 1116 1526 δη
1140 1451 1284 1528 αλιτρθν”

58 1548 208 1619 ὄντα.
244 1563 307 1626 πῶς
343 1553 392 1620 οὖν
423 1555 546 1634 οὶλιτρθο
576 1580 610 1619 τε
642 1557 773 1628 θαύτὸς
798 1557 849 1620 καὶ
878 1559 1100 1638 οὶποφύλια
1131 1558 1284 1627 εἰδότος

59 1679 129 1720 νισι
148 1659 169 1723 ὶ
191 1667 256 1726 τοῦ
275 1663 450 1742 οθγχίνου
470 1661 538 1726 καὶ
559 1661 794 1742 ἐχέφρονοι;
816 1664 867 1728 καὶ
889 1666 951 1735 πῶς
973 1666 985 1728 o'
1007 1664 1129 1743 οὶλιτρθς
1151 1663 1282 1743 εθρηται;

60 1764 200 1840 ῥητέον
222 1765 269 1834 ούν
294 1764 339 1832 θπι
364 1770 405 1839 εἷς
430 1767 511 1847 ὅρκον
537 1771 780 1846 προκαλουμένου
805 1773 859 1843 την
881 1772 1019 1850 Καλυψὼ
1040 1776 1093 1835 τοῦ
1113 1771 1282 1843 Ὀδυσσέως

65 1874 158 1947 »μή
197 1875 227 1940 ri
257 1898 307 1953 μοι
340 1877 422 1954 αὐτῷ
454 1884 547 1951 πῆμα
578 1876 670 1939 κακὸν
694 1876 903 1954 βουλευσέμεν
927 1875 1042 1953 θλλο,”
1068 1879 1162 1956 φησὶν
1186 1879 1283 1954 ἐκείνη

63 1975 220 2060 οέλιτρθν
251 1980 342 2066 θντα,
372 1981 512 2047 τουτέστι
536 1982 786 2062 διαμαρτανοντα
810 1994 864 2056 της
889 1984 1037 2056 θληθεθοις
1063 1985 1112 2047 καὶ
1139 1984 1284 2064 σφαλλθ-

64 2100 204 2165 μενον,
229 2092 338 2168 καίπερ
358 2091 412 2154 ούιι
435 2090 612 2153 οὶπαθδεντα
636 2089 749 2154 εέδθτα.
776 2090 825 2153 τὸν
850 2090 912 2167 γὰρ
933 2090 1119 2155 ἀπαίδευτον
1131 2093 1183 2155 ούα
1197 2093 1285 2156 θπει·

65 2183 121 2252 246
185 2194 274 2260 θντοι
311 2197 532 2275 σφάλλεσθαι,
565 2196 614 2259 τὸν
645 2196 675 2260 δὲ
710 2195 950 2273 πεπαιδευμένον
983 2198 1161 2274 θαυμαστὸν
1184 2196 1283 2262 ὄντα

65 2296 267 2374 filatim.
300 2301 503 2384 θαυμάζουσα
531 2298 578 2367 οὖν
604 2303 691 2379 λέγει
717 2297 758 2379 »ἦ
780 2304 814 2374 δη
839 2303 960 2382 ἀλιτρός
986 2304 1093 2380 ἐσσι,”
1118 2306 1186 2369 αντὶ
1211 2311 1281 2385 τοῦ,

64 2387 94 2455 ’ἶ
145 2404 219 2486 ἄρα
253 2409 430 2490 σφαλερός,
464 2411 574 2488 καίπερ
607 2412 661 2474 οὐκ
689 2411 876 2482 ἀπαίδευτος
908 2410 953 2473 ὤν.
987 2410 1022 2474 τὸ
1047 2410 1077 2475 δέ
1101 2413 1282 2490 ἀμφίβολον

65 2495 234 2586 ἒΐῠῖητεν
265 2517 498 2593 θπλεονοισμὸς
522 2523 575 2580 τοῦ
600 2540 633 2580 τε
659 2517 710 2578 καὶ
735 2515 874 2594 ἔλλειψις
899 2520 952 2579 τοῦ
977 2541 1040 2595 περ
1067 2518 1193 2596 ῥηθεὶς
1218 2519 1281 2597 γὰρ

64 2599 176 2680 ουῗω
206 2647 243 2699 „o
232 2618 302 2697 ’δη
326 2624 448 2700 αλιτρθς
473 2624 559 2701 ἐσσι,
585 2624 695 2710 καίπερ
719 2624 771 2686 otu
796 2625 964 2704 οὶποφύλια
988 2625 1030 2687 ειδ
1033 2624 1084 2698 ὥς,
1088 2623 1219 2696 ”abror
1242 2651 1281 2688 αν

66 2731 112 2782 “⁸¹
169 2727 306 2798 θαθτθς.
354 2729 553 2815 Disputatio,
583 2749 662 2814 quae
692 2731 812 2794 maiore
835 2729 903 2795 iure
927 2729 965 2794 ad
992 2755 1005 2792 ν
1032 2729 1094 2794 331
1121 2729 1280 2797 adscribe-

66 2820 196 2912 retdn,
230 2838 325 2922 (quod
356 2837 408 2902 vel
439 2835 554 2901 clarius
586 2837 762 2921 apparebit,
735 2836 851 2899 tubi
883 2836 929 2901 alt
916 2842 1015 2902 teram
1048 2839 1117 2902 eius
1141 2846 1280 2922 partem,

67 2934 179 3005 (ΨΜ
209 2950 255 3008 est
289 2943 327 3008 de
359 2946 391 3008 vi
422 2965 458 3008 ac
485 2949 643 3034 potestate
666 2942 811 3008 vocabuli
837 2944 969 3017 ἐπητής,
994 2964 1069 3008 mox
1099 2944 1279 3030 addidero),

70 3042 147 3119 ¹¹90
178 3053 279 3115 tamen
304 3051 356 3115 hic
379 3051 500 3125 aliena,
524 3049 637 3114 multis
661 3052 767 3123 vitiis,
794 3055 830 3113 ut
857 3049 942 3126 dixi,
967 3050 1140 3116 deformata
1162 3049 1241 3139 legit
1244 3074 1282 3116 ur

72 3146 278 3222 lmesercim
309 3177 347 3221 er
378 3157 574 3240 quorundam
608 3157 775 3222 verborum
808 3159 977 3221 omissione
1000 3161 1094 3231 ortis,
1118 3160 1164 3223 ita
1188 3162 1280 3223 utin

78 3237 250 3348 Plenaque
273 3262 381 3327 mendi
405 3263 559 3328 indicium
584 3284 679 3348 quam
705 3263 832 3329 evidens
853 3263 1028 3327 remedium
1049 3264 1112 3328 fect
1100 3271 1135 3328 tu
1156 3265 1215 3330 faci
1218 3265 1281 3330 lius

84 3349 148 3425 ⁸¹b·
182 3370 230 3435 Ac
254 3372 393 3456 primum
417 3373 627 3455 suspicionem
652 3386 758 3435 moret
782 3372 815 3434 in
840 3369 922 3433 frent
909 3376 940 3434 to
961 3371 1100 3454 positum
1122 3375 1279 3452 φιλεῖσθαι

94 3466 197 3541 αὐτόν.
233 3477 341 3562 Neque
365 3479 450 3541 enim
474 3480 528 3561 qui
552 3479 710 3555 φιλεῖσθαι
734 3477 851 3541 dixerit
874 3496 930 3561 pro
953 3485 1057 3554 φιλεῖν
1083 3500 1222 3563 unquam
1246 3482 1280 3544 in

99 3568 226 3650 Graecia
254 3584 334 3661 fuit,
366 3605 423 3648 nec
452 3586 477 3648 si
511 3583 589 3666 luit,
621 3583 698 3648 haec
728 3583 861 3647 infantia
884 3585 916 3647 in
940 3582 1154 3669 Porphyrium
1181 3585 1277 3652 cedit.

102 3681 143 3754 At
174 3695 217 3756 sit
250 3693 424 3776 passivum.
474 3689 543 3755 Non
579 3694 699 3773 potest,
733 3709 807 3753 nam
840 3688 986 3753 Minerva
1017 3709 1079 3754 non
1117 3690 1279 3756 adseverat

10 3813 15 3859 ἱ
105 3791 222 3863 Ulixem
247 3796 358 3884 diligi.
387 3797 440 3861 sed
465 3820 484 3859 ο
506 3819 537 3859 ce
560 3794 672 3882 diligi:
698 3797 739 3873 τῷ
765 3820 799 3858 σε
827 3794 879 3858 καὶ
904 3796 936 3859 ού
962 3797 1096 3872 δύναμαι
1121 3806 1279 3876 προλιπεῖν

100 3903 236 3977 δύστηνον
260 3904 359 3967 ἐθντοι.
407 3901 554 3988 Suspicor
576 3902 699 3967 dedisse
723 3909 901 3968 auctorem:
927 3904 969 3979 τῷ
996 3902 1145 3966 Ὀδυσσεῖ
1166 3903 1279 3977 Ἀθηνῖι

96 4013 148 4091 μέν
171 4009 364 4089 ἐμαρτύρησε
388 4009 735 4088 φιλοφρονεῖσθαι
757 4009 859 4074 αύτθν.
904 4007 940 4072 ln
956 4011 1012 4086 iis,
1031 4030 1111 4094 quae
1132 4014 1280 4077 contiuuo

94 4125 279 4205 sequuntur,
304 4130 361 4182 aut
383 4116 418 4181 τὸ
442 4117 656 4181 inducendum
681 4123 728 4182 est
753 4115 936 4197 anteum,
962 4121 998 4180 ut
1021 4117 1194 4182 scribatur:
1215 4127 1281 4183 Κα-

90 4227 182 4308 λυψὼ
205 4223 244 4304 tl,
259 4223 366 4288 ἰδοῦσα
391 4223 425 4285 πθ
450 4222 594 4295 δύστηνον
617 4223 759 4297 αὐτοῦ,
781 4243 893 4306 neque,
914 4222 982 4286 sive
994 4243 1104 4287 versus
1116 4221 1281 4290 Homerici

88 4336 143 4402 hic
179 4330 279 4399 adlati
316 4330 508 4417 recipiantur
541 4329 609 4395 sive
643 4329 842 4406 damnentur,
876 4327 1029 4397 servanda
1057 4331 1160 4395 forma
1188 4331 1281 4396 nihili

1105 4435 1137 4468 ln
