2978 4950
713 204 781 275 324

154 401 345 468 scribamus:
381 399 415 464 τί
450 404 564 478 πρῶτον
596 424 624 462 τ.
657 415 712 465 πλ.
745 401 853 480 χωρίον
884 401 1104 481 γινωσκόμενον
1138 403 1307 482 παρίλαβεν,

154 509 349 586 ἀξιοπιστίαν
381 515 444 578 τοῖς
476 505 545 581 ἑξῆς
578 509 807 586 παρεχίμενοε,
835 510 903 573 ε’ἀν
928 515 990 575 πάν
1012 510 1096 589 ίχνοε
1123 512 1207 576 κατὰ
1228 515 1309 576 σῶσαι

154 618 253 695 ἀρχὴν
281 613 435 695 ζητήσεως
469 616 581 690 (μετέ
591 619 671 696 xp),
706 621 738 679 et
769 619 925 680 sententia
955 619 1055 682 exibit
1078 619 1163 683 hand
1189 618 1308 683 saneah

153 721 249 786 surda
273 728 304 785 et
329 721 368 786 ah
392 727 537 785 accurato
560 721 717 785 humanae
740 719 856 785 indolis
880 726 1083 789 aestimatore
1106 725 1249 809 profecta

200 962 224 1014 ι,
249 934 305 1000 81.
398 933 504 1000 ’asad
527 958 570 1010 με
594 939 681 1011 κῦμα
703 934 765 1016 ῥόος
790 960 823 1000 τε
849 939 1128 1015 περιγνάμπτοντα
1151 939 1281 1004 Μάλειον

397 1041 454 1106 καί.
475 1043 578 1120 Βορέης
603 1041 745 1117 ἀπέωσε,
771 1044 997 1122 παρέπλαγξεν
1022 1044 1053 1108 δὲ
1077 1046 1224 1124 Κνίνὶροιν.

152 1151 300 1216 Scholion
335 1171 373 1214 ex
408 1147 450 1212 T:
486 1150 666 1224 ἀναγκαίοις
700 1148 876 1241 πρίσνειται
906 1148 954 1215 ίνα
988 1152 1031 1228 μη
1064 1150 1218 1231 ζητῶμεν,
1248 1148 1308 1228 είπερ

151 1255 299 1322 Μάλειαν
342 1254 537 1333 ὑπερέβαλε,
582 1261 646 1323 πῶς
691 1254 782 1320 τοῦτ’
831 1256 960 1329 ἠδύνατο
1004 1258 1070 1322 οὐδὲ
1106 1265 1165 1323 τῶν
1201 1257 1309 1334 Κνίίριιι

152 1360 368 1443 προσδραμιίν,
402 1365 456 1424 τοῦ
491 1360 613 1438 μεταξὺ
649 1359 730 1431 ίντος
763 1363 870 1442 πίροιι;
903 1365 1018 1435 αίτίονς
1053 1361 1103 1430 οὖν
1141 1364 1218 1444 Φησὶ
1248 1363 1308 1441 γάρ,

153 1471 261 1549 Βορέας
305 1467 357 1531 καί
401 1471 488 1540 κῦμα
532 1467 584 1530 καί
625 1470 690 1546 ρόῶς
716 1465 810 1553 ιἔνθεν
845 1470 907 1533 ἀπὸ
943 1479 997 1544 τοῖς
1036 1471 1102 1548 περὶ
1141 1473 1183 1536 τά
1216 1472 1309 1548 ulau

151 1578 310 1649 ίαλοίσσης
342 1574 526 1638 ἀπέσπασεν
557 1575 658 1650 ημᾶς·
692 1575 837 1647 πιίανῶς,
872 1573 922 1639 ίνα
945 1577 1000 1650 την
1026 1576 1081 1653 ἔξω
1107 1579 1226 1651 πλάνην
1247 1575 1309 1655 πορί-

150 1705 252 1756 σηται.
289 1680 388 1746 Plena
411 1680 488 1745 haee
511 1684 585 1744 sunt
608 1679 815 1764 ineptiarum,
838 1702 973 1765 quarum
992 1704 1089 1748 unam
1108 1685 1230 1749 invexit
1244 1679 1308 1747 Prel-

151 1789 252 1864 lerus‚
288 1790 323 1852 in
353 1789 486 1852 caeteris
519 1785 667 1851 tollendis
696 1792 829 1871 uterque
860 1789 962 1853 editor
991 1789 1109 1855 frustra
1134 1789 1309 1855 desudarunt

143 1895 217 1961 -lsm
254 1896 394 1981 primum
426 1913 488 1957 nou
519 1894 684 1977 adsequor,
717 1913 774 1957 our
805 1892 915 1958 Ulixes
939 1893 1078 1960 Maleam
1105 1917 1248 1981 superare
1266 1913 1311 1958 non

150 2003 306 2089 potuerit,
342 2001 405 2064 nisi
440 2000 479 2064 ad
514 1995 656 2085 Cythera
687 1999 880 2084 appulisset,
913 1999 964 2064 vel
997 2004 1025 2064 si
1056 2004 1176 2085 mavis,
1207 2019 1311 2067 ennam

152 2111 327 2175 direxisset.
386 2106 553 2171 Praeterea
594 2127 655 2170 non
699 2105 803 2170 solum
848 2108 1045 2183 προσδραμὼν
1083 2129 1156 2174 oum
1193 2107 1312 2196 genitiva

149 2221 294 2283 iunctum
319 2234 381 2278 non
405 2232 580 2297 oonooqno,
596 2251 636 2260 —
657 2212 754 2277 etiam
778 2210 942 2279 Dindorfio
969 2215 1070 2290 „mire
1094 2214 1169 2279 ouin
1193 2214 1313 2301 genitivo

151 2319 389 2390 construetum”
419 2319 547 2383 videtur
575 2320 669 2402 (App.
698 2340 727 2404 p.
755 2319 844 2400 777.)
870 2358 911 2367 -
936 2321 988 2385 sed
1013 2342 1116 2405 neque
1139 2319 1237 2386 ullam
1257 2336 1313 2404 par·

152 2430 254 2514 tioipii
286 2427 420 2490 formam
445 2427 564 2506 requiri
587 2431 683 2507 puto,
707 2445 808 2507 nequa
833 2425 907 2507 quid
934 2429 1061 2492 omnino
1085 2427 1218 2493 verbum
1241 2446 1313 2503 τρια·

152 2535 271 2615 τρέχειν
311 2532 363 2595 hio
399 2531 458 2595 sibi
495 2529 574 2594 velit
605 2531 746 2614 expedio,
795 2531 900 2620 Verba
931 2534 1046 2597 αίτίοιιε
1079 2528 1128 2597 οὖν
1159 2535 1233 2610 φησί
1266 2533 1313 2607 γὰρ

149 2641 239 2707 foeda
262 2639 376 2704 lacuna
399 2637 487 2701 hiare
512 2640 608 2701 etiam
634 2638 768 2701 editores
793 2658 853 2700 uon
879 2637 982 2701 latuit.
1012 2639 1118 2720 „luter
1137 2635 1186 2703 οὖν
1206 2647 1236 2705 et
1253 2637 1313 2717 Φησὶ

147 2748 240 2831 (φασί
266 2744 305 2831 Τ)
332 2744 452 2829 aliquid
479 2744 604 2808 excidit.
633 2739 680 2805 οὖν
704 2745 817 2822 φησίν
846 2744 945 2821 ίγίιρ
971 2745 1161 2811 Prellerus.''
1184 2748 1233 2811 Ita
1254 2746 1312 2810 Din-

148 2852 264 2920 dorfius
300 2855 333 2915 in
368 2849 568 2914 adnotatione
605 2850 706 2913 textui
743 2851 900 2921 subiecta,
935 2859 1019 2916 recto
1052 2854 1172 2917 iudicio
1203 2851 1315 2917 Prellori

148 2965 365 3025 commentum
400 2955 581 3041 neglegens.
630 2953 824 3029 Videamus,
861 2958 972 3040 ecquid
1003 2957 1146 3023 melioris
1169 2966 1257 3023 notae
1276 2977 1315 3022 ex·

148 3064 289 3149 sculpere
312 3068 486 3147 possimus:
512 3062 691 3137 ἀναγκαίως
716 3061 892 3133 πρόσκειται
917 3062 965 3127 ίνα
994 3067 1037 3138 μη
1064 3065 1217 3145 ζητῶμεν,
1248 3064 1315 3139 είπερ

146 3172 294 3238 Μάλειαν
327 3168 520 3250 ὑπερέβαλε,
553 3169 615 3238 πῶς
649 3171 715 3231 οὐκ
748 3167 876 3242 ἠδύνατο
913 3171 978 3235 οὐδὲ
1011 3174 1090 3254 (τά)
1117 3174 1315 3250 τῶνΚιιίιίριιν

145 3277 443 3355 παραδραμεῖν,
477 3279 529 3338 τοῦ
563 3270 684 3348 μεταξὺ
710 3273 791 3343 ὄντος
818 3277 925 3353 πίροιι;
952 3279 1066 3349 αἰτίους
1093 3274 1142 3342 οὖν
1169 3278 1316 3365 (ἀλλοις

144 3383 402 3463 παρίστησιί·
437 3382 514 3458 Φησὶ
548 3381 623 3456 γάρ,
658 3381 765 3459 Βορέας
800 3381 851 3443 καί
885 3388 971 3457 κῦμα
1005 3385 1057 3447 καί
1084 3389 1151 3464 ρὀῦς
1180 3422 1231 3436 --
1253 3384 1316 3451 ἀτί·

145 3512 265 3555 σπασεν
298 3490 393 3561 ἡμᾶς.
441 3485 530 3565 Quod
554 3506 610 3570 pro
635 3487 719 3549 τοῦτ’
744 3490 854 3570 soripsi
884 3490 954 3565 οὐκ,
983 3498 1112 3557 auctore
1136 3495 1206 3578 ipso
1228 3494 1317 3559 aodioe

145 3601 222 3672 feci,
248 3597 332 3659 τοῦτ’
358 3615 395 3657 ex
420 3591 551 3655 Prelleri
577 3611 658 3675 penu
684 3598 740 3655 est.
789 3590 943 3677 Supplevi
970 3595 1087 3668 ἄλλους
1113 3599 1274 3677 παρίστησι
1294 3602 1317 3661 et

148 3703 299 3769 suadente
333 3700 504 3773 sententia,
532 3735 571 3744 -
598 3718 671 3761 nam
704 3698 736 3761 in
767 3719 802 3762 ea
834 3702 903 3783 ipsa
935 3722 967 3765 re
1002 3709 1088 3768 totns
1113 3705 1317 3791 disputationis

149 3809 240 3875 cardo
264 3808 417 3880 vertitur,
442 3810 477 3867 ut
503 3804 736 3868 demonstretur
758 3807 840 3887 quod
861 3826 879 3869 a
899 3804 1042 3891 Cythera
1062 3811 1255 3879 aberraverit
1271 3829 1317 3875 non

147 3917 248 4000 ipsius
275 3912 368 3996 culpa
398 3910 548 3973 accidisse
581 3909 634 3972 sed
666 3910 808 3973 fortunae
840 3931 932 3986 casu,
957 3950 1002 3961 —
1028 3922 1060 3978 et
1087 3922 1236 4001 quoniam
1257 3920 1318 3983 haec

147 4021 243 4083 verba
266 4021 350 4081 inter
374 4015 489 4083 αίτίοιις
514 4020 546 4078 et
567 4015 646 4091 <unni
667 4015 757 4078 faoile
776 4017 917 4080 excidere
939 4025 1113 4114 potuerunt
1134 4031 1167 4088 et
1187 4024 1316 4109 quonism

146 4125 278 4190 verbum
304 4122 470 4199 παρίστησι
496 4119 682 4184 Scholiastis
705 4121 852 4202 inprimis
877 4129 925 4186 eat
956 4124 1155 4192 adamatum.
1203 4128 1315 4212 Gomp-

148 4235 196 4294 ret
215 4249 246 4291 v.
259 4249 285 4289 o.
302 4228 340 4290 ad
360 4251 380 4289 α
394 4224 476 4290 374:
495 4225 729 4300 ἀναπολόγητον
750 4229 853 4297 αὐτοῖς
876 4231 1043 4307 παρίστησι
1065 4236 1120 4304 την
1133 4235 1313 4314 κατηγορίαν,

151 4338 311 4418 comparet
330 4331 368 4395 ad
388 4354 410 4407 γ
426 4330 506 4393 106:
529 4336 637 4408 σαφῶς
656 4329 686 4394 δὲ
706 4333 764 4394 τῶν
787 4335 939 4406 Ἐλλήνων
952 4339 1156 4428 πολέμαρχον
1168 4343 1313 4420 παρίστησι
