2978 4950
65 104 93 170 in
123 110 283 197 singulis
306 108 468 177 restitutio
491 120 548 177 est.
572 113 714 176 Adscitis
738 107 892 174 Dindorfii
916 111 1100 175 certissimis
1117 109 1281 176 consotio·

60 211 187 280 nibus
206 217 424 283 constituenda
446 223 522 283 sunt
552 219 585 282 in
616 217 702 282 huno
725 215 877 281 modum:
902 216 1034 256 *m*
1057 215 1215 290 Μενέλαος
1241 215 1279 282 δὲ

57 323 192 397 „rozi
219 322 245 387 δ’
276 322 431 405 σύβροσύνη
461 323 550 397 δῆλος
583 325 726 401 ὁρᾶσθαι,
758 328 831 386 τῶν
860 322 1062 387 Τανταλιδῶν
1086 322 1120 399 ἐξ
1144 321 1277 400 αἵματος

53 425 140 492 ύν.”
180 430 209 493 ού
232 431 294 507 μην
317 429 372 504 τήν
397 454 437 507 γε
461 434 515 496 τοῦ
539 429 712 499 Ὀδυσσέας
736 427 849 503 οἴκησιν
873 430 1011 505 οὐδαμῶς
1042 430 1241 506 τοιαύτην
1265 431 1278 495 d

50 542 125 614 (το
149 535 283 620 sarire)
308 535 581 623 ύν(ἐτλασεν),
606 533 698 600 ἀλλ’
723 537 771 604 ῶς
791 532 830 599 διν
850 536 985 615 ύσφαλῆ
1006 535 1161 610 τετούηκε
1182 535 1277 623 (καὶ)

47 639 157 721 τρὸς
191 640 268 706 αύτύ
298 646 387 706 τοῦτο
416 640 734 721 παρεσκευασμένην.
759 640 845 718 λέγει
871 642 934 721 γαρ
954 638 1067 712 οὕτως·
1091 641 1147 719 »ἐξ
1172 641 1276 722 ἑτέρων

44 745 191 832 (ἕτερ’)
220 748 322 824 ἐστίν,
356 748 529 822 ἐπήσκηται
560 747 591 812 δέ
624 747 650 812 ol
682 748 763 821 αύλη
794 748 809 826 Η
844 748 938 829 τοίχῳ
963 747 1015 813 καὶ
1040 748 1194 828 τρίγχιισι
1220 751 1278 834 (sic

45 853 154 921 eod.
187 874 243 938 pro
275 855 444 938 ύριγιιοῑσι),
477 853 561 935 ύύραι
595 854 622 920 δ’
647 852 810 941 εύ(εριιέες’)
835 854 910 919 εἰσίν
944 868 961 939 Η
996 854 1138 926 δικλίδες.
1163 857 1215 919 ούιι
1239 853 1277 921 ύν

41 962 85 1034 τίς
169 983 220 1036 μιν
251 960 325 1039 ἀνὴρ
349 959 687 1039 ύτεροτλύσσαιτο.”
715 962 742 1046 (ρ
768 958 861 1047 266.)
887 960 986 1026 δεῖδὲ
1009 966 1062 1026 τσῶ
1088 967 1211 1036 ποιητοῦ
1234 962 1277 1027 τοὶ

41 1070 109 1148 μὲν
175 1069 212 1138 ῶς
244 1067 509 1146 συμβουλεύοντος
540 1069 593 1132 καὶ
625 1073 842 1148 παραινοῦντος
865 1067 1092 1147 ῶτοδέχεσύαι,
1117 1070 1158 1134 τδ
1183 1070 1215 1134 δὲ
1238 1071 1276 1142 ῶς

42 1172 290 1253 ἐξηγουμένου
325 1172 429 1253 μόνον,
466 1172 555 1239 ἄλλα
587 1175 618 1238 δὲ
649 1176 688 1246 ῶς
720 1172 908 1254 ὀνειδίζοντος
941 1175 993 1238 καὶ
1026 1182 1276 1253 καταγελῶντος.

43 1277 298 1365 singularum
328 1281 559 1346 correctionum
590 1281 727 1345 rationes
751 1280 880 1346 reddere
904 1281 960 1346 vix
984 1283 1196 1346 necessarium
1220 1303 1275 1367 pu·

45 1399 142 1455 tarn
165 1433 174 1468 ,
197 1385 274 1451 adso
296 1394 407 1472 sponte
430 1388 674 1473 perspiciuntur.
702 1387 792 1466 Quod
815 1407 886 1453 rac.
910 1407 967 1472 pro
995 1391 1048 1451 τοῦ
1073 1388 1275 1454 Τανταλιδῶν

47 1491 199 1575 scripsi
219 1494 278 1556 τῶν
301 1495 372 1578 quis
396 1493 582 1569 mirabitur,
608 1514 682 1558 cnm
706 1484 813 1559 'rideat
835 1496 869 1557 in
893 1513 929 1558 eo
951 1495 1020 1578 ipso
1047 1493 1167 1560 Orestis
1193 1495 1274 1573 loco,

52 1615 186 1684 quent
215 1598 334 1663 indicat
364 1597 565 1683 Dindorfins,
595 1609 716 1665 rectam
748 1602 938 1685 scripturam
969 1606 1093 1678 extare,
1123 1601 1191 1666 sins
1213 1623 1276 1686 qua

56 1704 277 1770 meantium
300 1726 391 1772 ruere
415 1707 629 1772 certissimum
652 1701 721 1772 esti

352 1812 405 1877 καὶ
430 1813 491 1890 μην
513 1811 665 1889 βασιλεὺς
690 1806 739 1876 ὅδε
763 1811 799 1887 δη
823 1810 961 1897 στείχει,

356 1919 514 1992 Μενέλαος
540 1917 639 2004 ἄναξ,
663 1920 741 1985 τολὺ
765 1917 792 1982 δ’
816 1918 969 2000 οἱβροσύνη

357 2025 445 2101 δῆλος
470 2027 593 2105 ύρῖισύαι
731 2034 733 2039 ’

358 2139 416 2198 τῶν
439 2133 641 2198 Τανταλιδῶν
663 2130 699 2208 ἐξ
722 2130 855 2211 αἵματος
879 2134 928 2200 ῶν.

66 2226 278 2303 'Adamas
324 2239 407 2323 quod
449 2240 666 2327 redintegrari
678 2287 686 2318 ,
733 2239 853 2327 legitur
895 2244 928 2304 et
971 2240 1054 2325 apud
1096 2241 1272 2307 Lucianum

65 2325 207 2411 (Somn,
237 2342 328 2430 §4):
357 2345 448 2411 ὃτύτε
480 2346 544 2427 γὰρ
567 2349 714 2428 ῶφεύεύην
737 2347 793 2411 dard
819 2353 877 2411 τῶν
902 2345 1107 2421 διδασκιύλυν,
1134 2348 1270 2426 ῶτοξένιν

64 2431 101 2498 2¹¹
144 2445 207 2512 ’τὸν
241 2453 327 2530 ιιηρδν
359 2450 376 2528 η
408 2451 487 2528 βύας
521 2451 537 2526 ἢ
570 2452 622 2518 καὶ
658 2453 691 2527 νη
724 2453 775 2516 Δί’
798 2452 967 2531 οὶνύρῶτους
991 2451 1269 2532 ιὶυέττλαττον,

63 2537 206 2628 ‘Mure
236 2556 426 2643 (admodum
459 2558 684 2624 verosimiliter
714 2557 932 2624 Hartmannus
956 2557 1125 2644 εἰκότας),
1149 2561 1186 2632 ῶς
1212 2561 1273 2626 ἐδό-

62 2663 136 2730 ⁸4⁰⁹
181 2665 228 2746 τῶ
263 2665 376 2742 τατρί,
403 2670 439 2730 et
470 2667 504 2728 in
536 2665 636 2729 simili
665 2686 698 2729 rs
722 2666 807 2750 apud
830 2686 1090 2750 unumquemque
1113 2674 1273 2732 auctorem

61 2741 252 2836 Graecum.
287 2769 442 2837 'Tandem
476 2790 516 2835 ne
551 2773 623 2854 quis
658 2773 794 2835 miretur
827 2770 866 2835 de
899 2764 993 2836 domo
1025 2771 1089 2835 dici
1115 2776 1271 2853 ῶσφαλῆ,

59 2862 222 2943 wnfssmt
251 2876 398 2942 notulam
421 2898 459 2942 ex
483 2875 630 2964 Vulgatis
655 2876 707 2963 (V)
732 2877 771 2941 ad
794 2875 868 2942 illos
899 2879 982 2962 ipsos
1013 2880 1068 2961 qui
1094 2882 1272 2944 excitantur

58 2976 209 3047 lmus:
242 2984 394 3063 εύεριιέεςε
424 2985 595 3065 ἀσφαλεῖς.
629 2983 655 3048 εἴ
687 2982 717 3047 δὲ
740 2984 900 3062 εὐεργέες,
925 2990 1024 3056 καλῶς
1058 2986 1272 3063 εἰργασμέναι.

58 3062 113 3130 Μ
153 3092 357 3156 sententiam
389 3090 613 3175 disputationis
630 3090 731 3175 ‚quod
754 3091 883 3174 attinet,
909 3110 945 3155 ea
967 3111 1091 3176 quoque
1111 3095 1145 3156 in
1167 3096 1273 3177 aprico

59 3175 133 3290 est,
179 3216 288 3282 neque
323 3199 430 3261 minus
460 3206 609 3282 apertum
639 3198 770 3260 initium
802 3196 918 3262 deesse.
965 3195 1089 3262 Nullus
1105 3201 1191 3264 enim
1217 3199 1273 3264 du·

59 3273 135 3395 ΒΨ)
191 3305 269 3388 quin
313 3303 390 3368 haec
430 3302 609 3390 Porphyrio
653 3302 842 3379 debeamus,
883 3303 1061 3367 ἐνστατικοῶ
1104 3304 1271 3369 cniusdam

60 3400 320 3504 οηξῐὶίιιυῐὶοιιιιε
353 3409 516 3475 referentis
550 3415 583 3474 et
617 3418 653 3473 nt
687 3411 793 3494 potuit
820 3408 984 3474 elevantis.
1030 3408 1136 3476 Homo
1167 3415 1271 3476 nescio

63 3504 147 3570 ΨΒ
194 3515 375 3582 Stoicorum
410 3516 494 3581 fastu
529 3523 561 3582 et
594 3518 775 3602 arrogantia
808 3515 988 3581 Homerum
1030 3516 1272 3604 obiurgaverat,

63 3610 165 3679 quod
199 3623 281 3689 luxu
315 3621 455 3689 Menelai
488 3622 602 3688 domus
632 3623 789 3688 laudando
820 3630 914 3709 atque
938 3622 1115 3690 extollendo
1139 3625 1271 3692 lectores

65 3719 252 3795 *Virtutis
274 3731 403 3795 tramite
426 3736 572 3794 avocaret
594 3728 733 3806 scilicet,
758 3729 865 3814 quales
888 3730 1062 3817 aretalogos
1091 3730 1269 3817 complures

68 3826 106 3874 ⁰¹
146 3828 333 3920 Athenaeo,
364 3834 535 3914 Strabone,
561 3834 734 3902 Plutarcho
765 3839 1000 3923 cognoscimus,
1031 3857 1166 3921 quorum
1190 3860 1268 3904 non·

74 3920 245 4009 mlllorum
270 3946 442 4009 sententias
465 3945 612 4028 apposuit
635 3941 785 4009 Lehraius
809 3945 842 4006 in
865 3942 1060 4008 Aristarcho.
1091 3942 1272 4029 Respondet

78 4020 301 4136 Po'phytiam
336 4070 399 4115 non
433 4053 551 4114 mirum
584 4071 650 4116 esse
681 4053 708 4114 si
736 4049 896 4115 Homerus
926 4053 960 4112 in
993 4048 1119 4114 Tantali
1150 4059 1273 4133 postero
