2978 4950
712 162 777 229 372

198 353 231 434 θ,
257 352 332 416 340.
369 352 462 416 Nunc
493 353 628 438 denique
655 354 836 420 accedimus
866 356 905 420 ad
930 355 1064 423 alteram
1087 365 1210 444 partem
1233 357 1322 442 dispo

150 460 280 526 tationis
310 459 548 545 Porphyrianae
581 460 619 524 de
649 481 725 524 voce
755 461 905 541 ἀπείρων,
940 463 979 527 de
1011 467 1105 530 cuins
1127 467 1232 551 priore
1251 471 1323 550 perte

150 576 221 632 tum
251 567 393 654 egimus,
423 588 498 631 cum
521 569 555 630 in
577 566 706 632 scholiis
729 571 826 653 primi
849 568 924 634 libri
947 571 1154 637 emendandis
1177 569 1320 656 explicen-

149 676 261 758 disque
278 694 477 738 versaremur
498 673 548 757 (ad
566 698 588 735 α
608 671 676 756 98).
700 674 793 740 Prior
813 675 870 741 ills
890 699 961 761 pars
982 681 1015 743 in
1038 699 1101 744 uno
1123 677 1152 744 E
1175 676 1320 765 legebatur

149 780 282 866 paulum
306 780 556 864 compendifacta
578 800 676 864 coque
700 781 739 845 ad
759 779 959 846 intellectum
979 782 1182 869 aliquantum
1194 786 1319 869 apertior,

149 894 257 953 nostra
282 889 317 950 in
348 885 409 966 HQ
440 894 565 950 serrata
596 894 663 951 tota
686 888 726 952 ad
751 889 885 953 verbum
909 893 1049 955 concinit
1073 911 1149 956 curn
1174 890 1318 958 VcnetoB

150 994 189 1058 ad
213 993 304 1058 lliad.
329 1004 349 1060 Ξ
376 991 453 1064 200,
478 1013 516 1057 ex
540 1014 637 1076 eaque
660 993 764 1078 ipsum
789 995 856 1059 sine
877 995 975 1061 dubio
996 997 1214 1084 Porphyrium
1233 998 1318 1083 dispu-

147 1107 268 1165 tantem
282 1100 440 1164 audimue.
458 1099 680 1184 Discrepantes
692 1103 865 1185 scripturae
877 1102 984 1187 plures
995 1110 1080 1179 sunt,
1093 1124 1174 1188 quas
1184 1103 1316 1178 indiculo.

147 1207 201 1272 sed
222 1228 330 1271 omnes
349 1206 413 1271 iere
432 1206 561 1272 levioris
581 1207 751 1280 momenti,
775 1228 839 1273 una
851 1217 976 1274 tantum
989 1213 1140 1298 gravior,
1153 1214 1317 1298 atqueeiue

150 1313 238 1377 modi
250 1348 293 1361 -
307 1302 389 1397 quod
408 1333 478 1377 raro
495 1334 555 1377 usu
575 1315 718 1378 venit-
732 1320 769 1377 nt
785 1312 901 1380 Veneti
922 1315 1017 1382 lectio
1036 1320 1144 1402 potior
1154 1339 1221 1385 esse
1231 1318 1316 1383 rides·

149 1424 214 1484 tur.
239 1420 302 1485 esd
321 1421 488 1485 videamus
508 1419 645 1508 singula.
670 1418 762 1485 Dixit
782 1420 962 1488 Mercurius
980 1425 1033 1510 (ut
1052 1427 1183 1510 notum)
1200 1428 1315 1491 iocatus:

147 1527 253 1604 δεσμοί
285 1527 341 1604 μὲν
371 1527 435 1605 τρίς
468 1525 571 1590 τθσσοι
602 1527 757 1605 ἀπείρονες
781 1527 887 1608 ἀμφίς
912 1527 1031 1612 ἔχοιεν,
1058 1566 1078 1580 -
1092 1567 1112 1581 -
1137 1533 1237 1611 αὐτὰρ
1256 1529 1313 1608 ot»

148 1632 262 1711 εὕδοιμι
291 1634 376 1712 παρὰ
399 1633 515 1715 χρυσέη
539 1634 715 1713 Ἀφροδίτη.
763 1634 894 1715 Quaerit
918 1637 957 1701 ad
981 1637 1070 1703 huno
1090 1637 1198 1704 locum
1214 1637 1313 1703 dolens

148 1741 365 1828 Porphyrius,
404 1741 480 1826 quid
514 1741 567 1804 hic
602 1760 664 1805 vox
700 1742 832 1820 ἀπείρων
867 1742 973 1808 valeat
1004 1747 1050 1810 ite
1082 1745 1261 1832 disputans:
1285 1742 1312 1807 oi

149 1850 305 1929 οὶπείρονες
337 1848 443 1926 δεσμοί
474 1849 506 1912 ού
539 1849 719 1924 σημαίνουσι
751 1850 882 1926 πλῆθος,
914 1850 1004 1916 ἀλλὰ
1032 1853 1104 1925 τοὺς
1129 1844 1314 1933 ίσχυρούς,ύ
1354 1832 1356 1847 ¹

149 1958 225 2022 εἰσιν
256 1958 400 2033 ἕνκυκλοι
431 1954 483 2018 καῖ
515 1955 661 2032 κρικωτοί.
694 1954 765 2032 πρὸς
795 1956 857 2034 γὰρ
888 1957 943 2031 την
972 1956 1114 2035 ἐρώτησιν
1139 1960 1157 2032 si
1181 1957 1310 2036 ἆπθιιρισιι

149 2063 237 2129 ἔσται
271 2062 355 2128 κατὰ
387 2060 496 2144 λύγον,
527 2066 579 2124 τοῦ
608 2060 829 2139 σημαινομένου
859 2060 951 2133 οὕτως
977 2064 1185 2137 ἀποδοθέντος.
1209 2064 1309 2143 εῖρειι

148 2172 204 2248 μὲν
224 2170 287 2249 γὰρ
309 2168 402 2233 αὐτὸν
423 2169 447 2231 εί
469 2167 547 2231 θέλει
565 2165 657 2250 (θέλοι
670 2166 766 2244 Van.)
779 2167 901 2245 δεσμοῖς
914 2177 1086 2250 κρατεροῖσι
1099 2171 1231 2245 πιεσθείς
1242 2168 1310 2235 εῖδει

150 2279 236 2356 παρὰ
258 2286 296 2357 τη
317 2274 491 2356 Ἀφροδίτη.
518 2272 808 2351 Luceclariusest,
822 2275 1047 2362 corrigendum
1059 2271 1309 2362 esse'ipsrc,qnod

148 2394 257 2451 tamen
281 2390 313 2448 et
336 2384 368 2446 in
393 2381 516 2447 Veneto
534 2381 640 2445 lehem
660 2401 789 2464 passum
811 2389 859 2446 est
879 2383 967 2461 ἥρητο
988 2387 1148 2469 scriptum
1171 2384 1310 2450 exhibea

149 2514 167 2557 a
197 2491 343 2555 Bekkero
368 2494 553 2553 correctum.
587 2486 714 2573 Pergit:
740 2489 753 2550 d
778 2488 808 2551 δὲ
832 2489 1048 2573 ἀποκρίνεται,
1074 2490 1119 2564 είη
1145 2515 1194 2568 μοι
1215 2486 1311 2554 πιλλθ·

147 2623 192 2668 κις
217 2598 368 2666 τοσούτοις
400 2594 520 2670 δεσμοῖς
550 2593 671 2658 δεθέντα
697 2592 808 2675 εύδειν,
833 2594 895 2658 ἴσον
919 2598 961 2674 τῷ
989 2600 1254 2673 πολλαπλασίοις,
1272 2591 1313 2656 καὶ

149 2707 186 2768 ἕν
207 2704 323 2774 τούτοις
348 2704 519 2780 απείροσιν,
545 2702 574 2763 ἕν
598 2703 702 2780 ταύτῷ
723 2702 822 2778 λέγων
844 2704 885 2780 τῷ
907 2704 1054 2782 ι’σχυροῖς.
1104 2703 1221 2768 Melius
1239 2701 1320 2765 Vsu:

52 2890 55 2895 Ι
148 2812 199 2875 καί
226 2811 314 2886 πρὸς
340 2810 456 2879 τούτοις
481 2809 644 2884 ιθπείροσιν.
671 2807 777 2872 Simul
800 2808 967 2874 confirmat
991 2809 1270 2875 Buttmannianum
1288 2805 1331 2866 ἒν

147 2920 252 2997 ταύτῷ
278 2916 377 2992 λέγων
402 2916 442 2993 τῷ
468 2935 523 2999 pro
547 2915 591 2977 τύ.
640 2914 715 2978 Post
736 2914 848 2998 paulo:
873 2916 907 2977 τὸ
931 2922 1030 2993 γοῦν
1055 2918 1229 2997 ἰσχυρὸν
1249 2912 1348 2986 datr?

148 3025 198 3087 tet
234 3029 288 3093 τοῖς
327 3020 524 3096 „exsiccare”
561 3027 681 3098 Φωνης,
719 3021 881 3099 ἀναφέρων
913 3022 962 3084 ἐπί
996 3022 1066 3093 τοὺς
1093 3023 1248 3100 κρικυτοὺς
1273 3015 1329 3081 καὶ

146 3132 247 3207 ταύτη
280 3126 455 3195 δυσλύτους.
488 3125 625 3189 Venetus
656 3126 690 3187 τὸ
722 3127 760 3190 δὲ
793 3129 965 3205 ἰσχυροῖς,
1003 3128 1060 3192 ubi
1085 3136 1117 3192 et
1141 3149 1230 3193 cesus
1249 3123 1344 3191 mel&

145 3238 258 3310 habet,
286 3271 328 3281 —
362 3233 493 3295 dixisset
525 3231 637 3295 saltem
669 3240 754 3302 τοῖς
784 3235 941 3313 ἰσχυροῖς,
968 3272 1009 3280 -
1035 3242 1067 3298 ei
1097 3234 1249 3319 particula
1271 3229 1346 3295 ούν

145 3343 303 3407 uersativa
334 3342 366 3402 in
390 3342 529 3403 oratione
554 3336 777 3402 concludentis.
828 3340 962 3425 Aliquot
987 3345 1155 3406 sententiis
1179 3338 1356 3406 intermir‘

144 3452 205 3521 sis,
230 3467 310 3529 quae
334 3453 364 3509 et
389 3448 422 3508 in
447 3444 569 3508 Veneto
593 3447 678 3507 etin
701 3447 816 3509 nostrie
841 3448 998 3512 erroribus
1022 3447 1161 3512 alicuius
1182 3440 1354 3513 momenti-

144 3560 275 3628 vecant,
300 3550 435 3634 legitur:
461 3547 536 3621 ύλως
561 3574 597 3612 τε
621 3555 637 3623 η
664 3551 803 3625 ἐρώτησις
827 3554 860 3615 ού
886 3553 952 3630 περὶ
978 3554 1134 3636 πλήθους,
1159 3554 1241 3617 daed
1261 3544 1350 3624 τοῖ’

144 3659 301 3732 δυνάμεως
327 3655 369 3730 ἦν.
402 3657 540 3721 Verbum
566 3657 651 3720 dedet
676 3660 706 3720 in
730 3657 865 3733 Veneto,
892 3681 954 3743 quo
979 3664 1099 3725 omisso
1124 3661 1267 3724 sententis
1284 3652 1356 3716 fit

146 3768 276 3829 alacrior
300 3773 331 3828 et
354 3773 390 3827 ut
415 3767 445 3826 in
472 3763 685 3846 disputatione
709 3764 857 3829 calidiore
882 3769 1078 3830 concitatior.
1106 3765 1204 3830 Tum:
1225 3767 1246 3828 εί
1263 3761 1356 3840 sit-¹

146 3871 307 3944 βουληθείη
341 3869 476 3941 δεσμοῖσι
511 3877 676 3946 κρατεροῖσι
702 3871 832 3941 πιεσθεὶς
857 3871 970 3946 εύδειν,
997 3874 1117 3954 ἐρωτᾷ,
1143 3872 1231 3953 οὐχί
1251 3880 1356 3932 τιλ-

147 3985 219 4044 λοῖς.
245 3977 389 4041 Multum
415 3985 551 4060 praestet
575 3975 669 4040 lectio
694 3976 820 4042 Veneti:
846 3982 913 4042 σύν
938 3982 970 4043 εί
996 3987 1138 4050 πολλοῖς.
1168 3977 1307 4063 Sequitur
1333 3981 1355 4023 ἲ

146 4080 260 4157 ἄλογον
290 4084 320 4146 δὲ
354 4082 424 4158 πρὸς
456 4082 490 4143 τὸ
525 4090 649 4151 πολλοῖς
675 4078 745 4160 ὅπερ
771 4084 823 4146 ούκ
849 4086 977 4150 ἐπύθετο
1002 4087 1229 4167 ἀποκρίνεσθαι,
1251 4077 1352 4155 θθόἕ

145 4189 174 4250 δὲ
197 4189 230 4249 τὸ
249 4195 399 4266 κρατεροῖς
422 4187 514 4261 μηδὲν
539 4186 651 4264 φάναι.
671 4189 757 4264 λέγοι
780 4191 817 4253 οἰν
837 4192 900 4269 τρίς
926 4193 982 4269 μὲν
1009 4194 1138 4264 τόσσους
1163 4190 1226 4262 τοὺς
1245 4196 1347 4248 πολ·

146 4296 359 4380 λαπλασίους,
382 4295 542 4370 οίπείρονας
566 4293 596 4356 δὲ
622 4294 794 4372 κραταιούς.
821 4294 960 4362 Venetus
982 4299 1062 4364 haec
1086 4301 1200 4385 purtim
1220 4308 1337 4358 emen·

1310 4580 1356 4914 ί
