2978 4950
499 1265 943 1350 ΜΟΝΙΤΠΜ..

190 1739 376 1816 Propositum
398 1697 475 1798 'mni
506 1740 583 1810 erat,
617 1756 693 1815 quae
724 1737 762 1795 ae
789 1735 947 1814 odysseam
978 1737 1099 1814 eiusque
1130 1737 1302 1799 anonam

108 1886 176 1962 post
203 1883 295 1943 editae
322 1879 544 1941 Observationes
570 1897 649 1938 meae
672 1878 873 1939 animadversa
892 1877 1034 1938 habebam
1059 1878 1091 1937 in
1111 1879 1302 1954 duaepertee

107 2025 200 2085 divisa
226 2023 384 2085 leoton'buo
411 2023 516 2082 harum
543 2040 642 2081 rerum
669 2020 806 2081 studiosis
827 2019 1011 2080 diiudieanda
1028 2019 1159 2095 tradere,
1180 2020 1303 2082 materie

107 2167 151 2226 ita
170 2166 297 2244 digeeta,
318 2167 354 2224 ut
374 2144 449 2241 quae
470 2162 506 2222 ad
527 2164 626 2223 textus
646 2165 764 2222 tentum
784 2180 802 2221 e
821 2160 971 2223 Dindorfio
991 2160 1062 2221 olim
1084 2162 1178 2222 oureti
1203 2180 1302 2223 emen-

107 2307 256 2368 dationem
281 2304 464 2383 pertinerent
488 2302 585 2365 omnia
613 2302 645 2362 in
671 2302 798 2379 priorem
818 2306 931 2380 partem
951 2303 1139 2379 eoniioerem,
1158 2302 1191 2363 in
1211 2304 1303 2364 altera

106 2467 170 2508 rem
190 2447 279 2508 altius
298 2450 469 2524 repeterem.
512 2444 642 2522 Quippe,
663 2478 699 2489 -
723 2443 803 2522 quod
823 2444 882 2503 ianr
902 2447 988 2505 antea
1009 2464 1056 2505 me
1072 2445 1221 2506 facturum
1237 2445 1303 2523 pol·

104 2590 205 2650 licitus
230 2607 312 2663 sum,
341 2623 378 2633 -
407 2587 473 2647 eliis
500 2585 724 2665 quamplurimis
753 2585 786 2646 in
806 2587 948 2648 auxilium
969 2588 1094 2663 voeatis,
1116 2589 1169 2666 qui
1189 2560 1301 2649 intodea

107 2729 232 2791 eandem
251 2749 314 2790 rem
333 2729 388 2790 sibi
410 2728 592 2789 tractandam
612 2731 821 2805 sumperunt,
841 2747 906 2790 meo
926 2730 1020 2790 Marte
1036 2730 1148 2791 Scholia
1164 2731 1301 2807 frequen-

109 2874 157 2931 ter
185 2871 249 2931 loeo
276 2889 330 2932 ouo
357 2872 437 2931 mota
462 2869 500 2929 ed
520 2869 668 2947 propriam
687 2868 786 2929 eedem
805 2887 940 2931 revocare
960 2872 1050 2948 etque
1070 2870 1106 2930 ad
1125 2870 1302 2948 interpretu-

109 3011 221 3072 tionem
251 3011 396 3089 erieinque
422 3009 606 3071 Homerioem
632 3007 770 3070 adhibere
790 3009 887 3087 coepi,
908 3011 940 3070 in
961 3015 1114 3072 auctorum
1134 3012 1301 3088 histem,

109 3152 328 3233 regnationem,
363 3153 465 3229 fidem,
500 3151 705 3214 eaeteritetem
735 3150 899 3228 inquirere,
930 3151 1197 3228 Ansereheomm,
1229 3154 1301 3216 Por-

107 3294 221 3374 phyrii,
248 3294 533 3375 Lexioographorum
561 3294 825 3358 animadversiones
851 3295 986 3356 ordinare
1013 3297 1149 3373 interque
1171 3314 1203 3357 ee
1223 3282 1301 3357 oom'·

109 3456 234 3514 ponere,
260 3437 387 3515 denique
407 3436 450 3497 ita
470 3453 569 3516 agere,
597 3439 634 3496 nt
654 3455 756 3498 eorum
775 3438 1048 3517 grammaticorum,
1072 3437 1123 3515 qui
1145 3437 1302 3516 odysseam

110 3597 229 3656 qnoque
258 3578 315 3640 eibi
344 3578 548 3640 illustrandam
577 3581 781 3654 sumpserunt,
815 3579 935 3640 historia
960 3579 1061 3640 eritioa
1088 3598 1164 3657 quae
1194 3580 1303 3641 dieitur

109 3722 166 3782 etei
186 3721 319 3782 nondum
340 3721 488 3794 absolute,
515 3724 614 3780 temen
633 3738 699 3780 mea
718 3737 836 3797 quoque
857 3738 944 3797 opere
963 3720 1150 3799 aliquantum
1170 3725 1303 3799 promota

110 3863 267 3923 dioeretur.
309 3860 432 3936 Veram,
460 3863 495 3921 ut
520 3861 568 3935 fit,
596 3861 829 3923 oonieoturamm
851 3861 1000 3940 congeries
1020 3863 1097 3922 inter
1117 3863 1302 3924 scribendum

111 4007 144 4065 in
174 4007 288 4066 tentem
318 4005 425 4064 molem
455 4003 597 4079 exerevit,
631 4004 785 4082 variaeque
815 4005 852 4065 ob
879 4023 978 4065 caueae
1004 4004 1084 4082 prior
1112 4005 1216 4067 haeooe
1236 4024 1303 4084 pars

110 4147 223 4208 tamdiu
244 4148 323 4209 inter
343 4147 562 4224 typothetarum
584 4165 689 4207 manue
708 4150 824 4208 versate
844 4151 904 4219 eet,
925 4150 960 4206 ut
981 4166 1043 4206 rem
1065 4151 1096 4207 et
1117 4167 1171 4224 per
1187 4168 1218 4210 oe
1234 4149 1304 4210 diu·

111 4288 193 4349 tarni
213 4287 321 4349 loboris
341 4292 372 4349 et
390 4288 438 4348 eui
458 4288 495 4349 ob
515 4289 643 4349 eaeteree
663 4306 741 4348 meaa
758 4286 961 4365 occupationes
976 4306 1036 4348 non
1053 4306 1169 4367 semper
1186 4291 1304 4350 tantum

111 4432 240 4493 tribuere
270 4430 410 4509 temporie
439 4448 558 4507 possum
586 4431 732 4508 quantum
759 4428 893 4506 equidem
926 4446 1079 4504 euperem,
1101 4429 1133 4489 in
1153 4430 1302 4491 infinitum
