2978 4950
644 208 708 286 Iti

54 407 377 485 μετῆλειπται.
413 407 560 482 Λίολιιιῶς
590 409 622 473 δέ
646 409 727 472 ἐστιν
753 405 960 477 ἐπιπόνως.
987 406 1138 493 Disputat
1162 409 1201 475 de
1224 402 1275 474 hia

55 514 297 578 Buttmannus
328 516 391 579 ita:
426 512 615 591 „Bameaius
646 516 786 598 reposuit
809 515 1035 590 μετείληπται,
1061 514 1145 600 quod
1169 518 1275 580 notius

57 640 150 684 sane
190 621 325 685 verbum
360 625 425 697 ast,
460 622 514 683 aed
543 621 616 683 mili
646 621 760 704 quidem
796 621 844 683 dic
860 622 989 704 perinde
1011 623 1173 687 οόισιιτυιιι.
1209 622 1274 687 Ne·

59 745 135 810 que
179 732 287 791 tamen
323 727 475 791 leniorem
508 729 636 790 invenio
667 726 858 790 medicinam
891 746 928 791 ea
963 748 1059 812 quam
1095 726 1274 791 Boeelrhiua

57 835 238 920 porrigit,
272 839 309 895 ut
340 833 497 897 scribatur
528 830 669 915 scilicet,
694 831 742 895 διό
768 834 803 896 τὸ
828 833 935 911 μέτρον
960 835 1182 912 παρείληπται.
1218 833 1276 898 Ni-

59 940 202 1002 mirum
226 946 405 1022 σμνγερῶς,
428 938 577 1011 ἐπιπόνως
601 943 649 1003 est
675 938 834 1025 glossula,
861 960 957 1024 quae,
982 947 1019 1004 ut
1043 961 1134 1026 saepe
1157 943 1192 1004 in
1215 940 1275 1004 hac

60 1047 226 1125 congerie
256 1045 393 1118 factum,
428 1044 547 1109 coaluit
578 1064 651 1108 cum
679 1047 767 1129 justo
799 1045 928 1109 scholio.
975 1045 1067 1110 Istud
1096 1053 1204 1110 autem
1228 1048 1274 1109 sic

60 1146 213 1215 habuit:
238 1157 417 1230 σμυγερῶςτ
441 1152 491 1215 διὰ
516 1150 551 1214 τό
575 1150 684 1228 μέτρον
705 1151 927 1228 παρείληπται.
965 1154 1111 1221 Αίολικῶς
1137 1153 1169 1217 δέ
1193 1152 1275 1216 ἐστιν

61 1253 243 1329 ἐπιπόνως.
274 1258 334 1323 hoo
366 1258 459 1322 dicit:
492 1277 548 1342 pro
579 1259 675 1322 verbo
707 1265 843 1335 μογερῶς
872 1258 912 1322 ob
942 1266 1080 1322 metrum
1107 1259 1273 1323 admisisse

60 1365 208 1442 poatam
242 1363 405 1429 Aeolicam
436 1368 503 1450 ejus
534 1365 669 1429 formam
703 1365 895 1442 σμνγερῶς.”
928 1363 1015 1429 Haec
1047 1365 1272 1429 Buttmannus.
1383 1396 1387 1403 ·

63 1461 284 1536 Sententiam
315 1473 436 1556 optime
468 1473 643 1556 perspexit,
674 1471 727 1534 sed
756 1492 834 1535 num
865 1472 942 1536 haec
978 1474 1135 1536 sententia
1168 1472 1274 1537 verbis

63 1574 193 1653 qualia
222 1599 296 1642 cum
319 1577 487 1648 ,Boeolrhio
522 1579 688 1642 constituit
721 1598 830 1642 revera
864 1578 955 1654 insit,
989 1598 1025 1642 ea
1056 1579 1094 1642 de
1125 1598 1158 1642 re
1182 1578 1274 1642 dubi·

60 1680 142 1744 tare
175 1683 296 1750 licebit.
343 1683 433 1748 Istud
467 1688 613 1769 „poetam
643 1686 738 1747 metri
761 1704 855 1748 causa
877 1703 933 1768 pro
951 1690 1088 1761 μογερῶς
1109 1682 1272 1749 Aeolicam

60 1778 219 1856 formam
251 1797 411 1867 σμυγερῶς
444 1789 626 1855 admisissa'’
655 1811 733 1855 num
759 1788 876 1854 Graeca
899 1797 1005 1854 sonat:
1032 1789 1081 1854 διόι
1106 1790 1141 1853 τό
1166 1792 1274 1871 μέτρον

62 1895 318 1970 repetimus?
346 1896 389 1961 Et
412 1896 488 1981 quid
512 1903 578 1961 est:
603 1898 802 1968 Αίολικῶς
828 1897 859 1961 ti
883 1896 966 1961 ἐστιν
989 1895 1156 1967 ἐπιπόνωςί
1188 1898 1273 1963 Num

60 1993 185 2079 igitur
215 2004 326 2070 eadem
359 2024 421 2068 vox
456 2003 540 2087 apud
569 2002 748 2067 Homerum
774 2003 860 2068 aliud
886 2004 963 2088 quid
986 2001 1166 2091 signifieat?
1190 2003 1274 2084 Qua-

61 2117 212 2191 Propter
233 2115 301 2197 ipse
320 2111 417 2175 verba
437 2109 579 2174 difficilia
599 2112 903 2174 ita‘constituerim:
929 2117 1105 2190 τμνγερῶςε
1128 2111 1218 2195 (διὰ)
1239 2112 1273 2175 τί

60 2206 192 2291 μέτρον
212 2216 495 2295 μετείληπται
518 2217 674 2287 λίολινῶς.
696 2214 792 2301 (quod
813 2217 946 2281 verbum
959 2237 1033 2280 cum
1046 2216 1273 2282 Bamesiusre·

60 2325 258 2401 posuisset,
277 2320 476 2388 confirmavit
492 2343 575 2386 nunc
586 2320 850 2409 Hamburgensis.
865 2322 948 2407 App.
963 2345 994 2408 p.
1011 2323 1101 2403 747.)
1122 2321 1207 2388 ἐστι
1233 2325 1273 2388 δέ
1362 2322 1366 2331 '

60 2412 147 2498 (uro
184 2429 217 2495 δέ
246 2431 340 2516 ἐστιν)
366 2427 533 2505 ἐπιπόνως,
559 2449 639 2513 quae
663 2429 779 2492 diserte
801 2428 834 2493 id
856 2433 962 2515 ipsum
987 2429 1167 2518 significant
1190 2431 1273 2516 quod
1312 2456 1315 2461 ·

58 2516 300 2602 Buttmannus
316 2536 457 2612 volebat,
477 2542 515 2599 ut
533 2537 643 2599 statim
664 2535 944 2600 demonstrabitur.
970 2536 1002 2601 N
1004 2559 1064 2602 une
1077 2544 1201 2603 tautum
1216 2537 1274 2602 hoc

57 2627 178 2730 Mida,
203 2644 408 2730 quodetiam
431 2641 580 2720 σμογερός
605 2641 768 2724 dicebant,
794 2644 821 2706 si
845 2640 1008 2730 Hesychia
1033 2643 1119 2709 fides.

112 2740 185 2816 Est
216 2756 326 2816 autem
357 2769 469 2835 operae
496 2750 633 2834 pretium
667 2748 705 2812 de
734 2748 844 2813 eodem
868 2749 1022 2814 vocabulo
1047 2750 1274 2835 Epimerismos

55 2833 271 2924 Homericos
300 2859 454 2941 inspicere
486 2875 504 2919 a
536 2852 686 2920 Oramero
710 2856 829 2932 editos,
855 2856 937 2920 unde
962 2877 1042 2941 quae
1068 2857 1106 2921 de
1131 2859 1198 2921 eius
1222 2877 1275 2942 pe·

53 2944 152 3025 titia
186 2967 222 3028 in
254 2959 482 3028 Grammaticis
512 2958 641 3026 Graecis
671 2960 815 3047 legendis
843 2963 1121 3046 supradiximus,
1147 2965 1174 3026 si
1198 2963 1276 3047 quid
1334 3005 1337 3009 ι

51 3063 322 3135 aonfirmetione
357 3088 450 3153 opus,
487 3066 721 3131 confirmentur.
770 3066 871 3131 Locus
906 3074 953 3132 est
987 3069 1162 3133 eiusmodi:
1186 3071 1274 3133 Ἐπι·

50 3176 260 3256 σμυγερῶςε
285 3174 438 3254 ἐπίρρημα
461 3174 646 3253 μεσότητος·
671 3176 753 3238 οὐδὲν
777 3176 808 3238 δέ
828 3174 869 3244 εἰς
892 3198 928 3245 ως
951 3175 1104 3253 ἐπίρρημα
1124 3178 1274 3260 σόνόετον,

49 3274 275 3348 μάλιστα
317 3283 357 3346 δὲ
401 3283 509 3360 παρόν
551 3282 752 3360 πρόθεσιν,
789 3278 867 3345 ὥστε
903 3281 938 3346 τὸ
975 3284 1186 3361 ἐπισμυγερῶς
1224 3282 1274 3347 δύο

50 3389 216 3460 fornic
246 3388 337 3467 με’ρη,
368 3388 580 3467 παρελκοιίσης
613 3397 668 3460 τῆς
694 3387 762 3450 ἐπί·
793 3388 899 3462 όμοίιος
924 3389 964 3467 τῷ
992 3387 1092 3465 ,βοῶν
1117 3386 1277 3464 ε’πιβουιιό·

49 3485 122 3554 λ’ἐς
166 3494 270 3573 &vaips
302 3490 366 3557 όόεν
393 3496 428 3557 τὸ
453 3493 651 3570 οόπαξαπλῶς
677 3493 744 3556 καί
770 3494 926 3557 σόνόετον·
952 3495 1039 3558 ιὶλλόι
1066 3494 1151 3559 κατόν
1174 3493 1276 3573 παροί-

50 3580 175 3665 ἐεσιν.
222 3601 307 3682 Quot
338 3607 535 3685 quantaeque
566 3597 720 3685 ineptiae!
753 3599 908 3677 Nullum,
939 3603 1063 3685 inquit,
1088 3602 1275 3667 adverbium

51 3687 95 3756 lh
142 3730 191 3780 ως
220 3710 439 3792 componitur,
464 3744 505 3755 -
531 3705 677 3783 μάλιστα
709 3708 739 3771 δέ
768 3711 854 3785 παρόν
886 3705 1041 3784 πρόόεσινέ
1074 3709 1146 3773 Non
1178 3708 1276 3795 signi·

54 3789 155 3873 fleat
181 3815 257 3897 hoo,
278 3814 361 3898 quod
385 3832 542 3878 nonnemo
565 3820 674 3898 putet,
702 3816 857 3889 „minime
881 3816 1025 3878 omnium
1052 3835 1125 3878 cum
1146 3834 1277 3898 praepo·

58 3904 232 3998 &tioudi
271 3922 318 3984 ita
360 3922 445 3984 enim
489 3916 637 3994 ἥκιστα
678 3919 710 3983 δὲ
749 3919 858 3995 μετόν
900 3919 1118 3998 προθέσεως
1153 3921 1277 3985 dictum

64 4025 259 4096 ⁰P0rtsbat.
295 4025 355 4091 Sed
379 4047 432 4090 me
455 4027 559 4090 iudice
583 4009 811 4112 grammaticus
830 4025 924 4112 longe
945 4026 1033 4090 aliud
1057 4029 1132 4111 quid
1156 4027 1276 4093 voluit:

72 4118 173 4190 Οὐδὲν
203 4131 229 4196 δέ
260 4135 302 4205 είς
327 4157 365 4204 ως
390 4134 542 4212 ἐπίρρημα
566 4133 722 4223 σύνθετον,
747 4137 909 4208 μαλλον
945 4132 984 4196 δὲ
1019 4133 1130 4197 κατα
1157 4133 1279 4214 παριό-

80 4222 215 4321 ltere,
253 4238 331 4303 ῶστε
376 4241 410 4303 τὸ
451 4241 662 4317 ἐπισμυγερῶς
700 4237 751 4301 δύο
787 4247 898 4302 ποιεῖ
931 4240 1026 4317 μέρη,
1065 4243 1276 4319 παρελκοιίσης

89 4339 141 4411 'sle
187 4344 240 4409 ἐπί.
287 4344 348 4411 Sed
384 4346 458 4410 ride
494 4366 573 4430 quae
609 4347 757 4410 continuo
787 4351 974 4430 sequantur:
1009 4341 1071 4411 όόεν
1095 4347 1128 4419 τὸ
1152 4345 1279 4427 όπαξα-
