2978 4950
10 4458 73 4910 l

710 228 731 304 i

128 427 159 495 cl
171 428 346 509 προλέγειν.
369 427 499 493 Etenim
512 426 616 492 Minos
627 447 688 491 non
700 425 897 492 vaticinandi
908 430 977 491 arte
988 424 1091 498 valet.
1104 447 1166 493 non
1179 423 1314 502 dicendi,

127 535 177 601 sed
189 556 252 621 qua
272 533 400 600 tandem
422 535 455 599 in
470 529 522 598 re?
535 530 654 618 Opinor
666 532 695 596 ἐν
708 535 749 611 τῷ
770 529 955 612 δικάζειν
975 540 1038 602 τοῖς
1051 533 1081 595 ἐν
1095 531 1206 610 Αἴδου,
1220 534 1316 619 idque

126 640 271 726 equidem
293 639 498 725 respondeam
519 638 557 704 ed
578 640 837 724 interrogationis
858 640 999 724 signum,
1014 637 1317 722 quodLudwichius

126 754 194 832 post
233 745 339 826 λέγειν
381 748 509 831 posuit,
549 745 683 810 verbum
723 751 908 830 corruptum
948 765 1016 809 esee
1059 747 1236 811 rectissime
1275 747 1319 810 ei·

128 851 290 940 gnificans.
344 850 474 918 Fefellit
515 850 701 924 librarium,
738 858 775 915 ut
808 871 919 935 saepe,
955 851 972 924 l
1015 852 1211 932 τοριὶχιιοιο,
1255 868 1318 935 qua

125 959 342 1025 observatione
377 977 454 1022 usus
489 959 555 1023 iam
592 962 685 1022 antea
719 956 758 1022 ad
790 957 815 1020 δ.
850 956 931 1021 lll:
967 955 1017 1020 ἐπὶ
1054 959 1089 1021 τὸ
1123 957 1316 1035 οἰκτρότατον

127 1065 289 1142 προήγαγε
313 1067 365 1130 τὸν
389 1062 515 1142 λόγον
539 1064 667 1129 restitui
690 1082 746 1148 pro
767 1063 818 1127 τὸν
837 1058 971 1127 οἶκτον
989 1058 1026 1146 ¹),
1045 1063 1315 1148 quemadmodum

126 1169 163 1234 ad
189 1194 222 1247 ιο,
247 1168 325 1248 276,
350 1190 424 1235 cum
447 1171 480 1233 in
506 1168 532 1234 Τ
555 1171 616 1234 eit:
641 1167 759 1248 εἴριροοιι
782 1168 813 1233 δὲ
838 1168 954 1234 ledan
978 1169 1022 1234 rol
1040 1172 1099 1242 τὴν
1123 1166 1240 1234 ἕδνον
1262 1168 1315 1234 arel

127 1279 313 1358 repruesip
350 1273 562 1356 προξενίζονοοι
593 1285 631 1358 τῇ
665 1275 782 1356 sepeque.
815 1276 910 1361 (App.
942 1295 973 1360 p.
1008 1273 1103 1359 738),
1134 1272 1317 1340 Dindorfius

127 1385 280 1448 correxit:
324 1382 367 1446 τοὶ
403 1382 458 1455 τὴν
493 1378 610 1460 ienae
646 1383 698 1446 sal
734 1382 936 1460 ποιροιμονὶρν
971 1379 1202 1465 προξενίζοντοι,
1238 1400 1317 1466 quae

126 1486 291 1554 emendate
322 1487 477 1576 leguntur
507 1488 540 1551 in
571 1486 638 1569 lto
668 1489 712 1574 (p.
737 1485 824 1551 501.
853 1484 926 1570 10);
952 1488 1095 1572 itemque
1118 1487 1157 1552 ed
1180 1487 1215 1565 β.
1241 1485 1318 1566 268,

127 1614 199 1659 oum
232 1596 348 1660 caeteri
380 1573 512 1659 Codices
545 1591 719 1677 (BEHQV)
750 1598 835 1658 recte
864 1591 1050 1677 praebeant:
1076 1590 1290 1672 ἦεροειδέιι,ιεό
1306 1628 1320 1643 -

129 1718 192 1766 ros:
217 1737 259 1749 -
276 1738 317 1749 -
342 1700 360 1775 ἢ
385 1700 451 1764 ἐπεὶ
477 1700 527 1763 τὸν
546 1699 624 1779 &ipe
644 1701 772 1776 κοιοοροῖν
792 1696 875 1764 ἔστιν
895 1699 924 1762 ἐν
945 1700 987 1779 τῷ
1007 1695 1095 1763 ὕδατι
1119 1699 1162 1784 (p.
1183 1698 1259 1784 104,
1273 1698 1320 1783 9),

129 1806 248 1872 scribto
275 1804 404 1871 Codicis
433 1813 463 1868 T
488 1804 562 1896 dure
585 1804 721 1890 placuit:
747 1806 764 1879 t,
789 1805 856 1869 trel
881 1804 1055 1882 ιιοιοοροῖν
1078 1806 1130 1870 τὸν
1154 1804 1231 1885 depe
1256 1828 1317 1869 κιο·

122 1913 243 2002 ΙΙοριῖν
268 1910 339 1999 (sic)
365 1912 395 1974 ἐν
420 1913 462 1992 τῷ
486 1908 574 1977 ὕδατι
601 1908 697 1998 (App.
727 1932 756 1995 p.
783 1909 875 1992 741),
900 1910 955 1974 ubi
984 1910 1154 1975 manifesta
1174 1913 1319 1996 repetitio

129 2018 340 2082 necessarium
365 2019 500 2082 verbum
524 2016 589 2080 ἔστι
614 2015 754 2102 expulit,
779 2017 870 2080 cuius
890 2019 1016 2102 generis
1034 2015 1195 2102 permulta
1213 2019 1246 2081 in
1259 2015 1321 2084 Ob-

129 2128 256 2188 serrati.
277 2144 309 2209 p.
331 2121 374 2187 49
394 2123 628 2207 indicavimus,
646 2129 769 2188 caetera
787 2143 870 2187 nunc
889 2143 946 2187 suo
966 2123 1112 2208 quodque
1124 2122 1192 2188 loco
1205 2124 1321 2192 daturi.

171 2227 293 2294 Pedem
316 2231 425 2294 omnis
448 2250 508 2294 usu
532 2231 640 2294 venire
662 2230 696 2292 in
721 2225 892 2293 (lodicibus
916 2226 1062 2311 Venetis,
1087 2229 1170 2294 unde
1193 2228 1321 2295 Scholia

130 2335 160 2398 in
182 2333 319 2399 Iliadem
342 2334 427 2400 edita
450 2341 541 2412 aunt,
566 2355 696 2420 eosque,
721 2333 798 2399 licet
817 2336 933 2399 nostris
952 2336 1158 2422 integriores,
1180 2337 1321 2401 centenis

129 2441 161 2505 in
178 2439 259 2506 locis
280 2440 433 2507 ridiculae
453 2441 547 2527 plane
567 2444 740 2526 scripturas
760 2440 925 2524 exhibere,
945 2440 1102 2506 sanabiles
1119 2441 1249 2525 quidem
1261 2443 1321 2507 etsi

129 2546 268 2612 nondum
289 2566 399 2612 omnes
419 2548 459 2612 ab
480 2547 654 2613 editoribus
673 2553 815 2623 sanates,
830 2583 870 2594 —
886 2545 1050 2612 Dindorfio
1070 2567 1188 2613 errores
1209 2546 1322 2613 Veneti
1415 2529 1429 2546 ⁹

129 2649 156 2717 B
187 2672 266 2730 ,nec
297 2651 396 2716 multi
426 2672 484 2718 nec
514 2651 646 2741 graves''
670 2653 828 2724 videntur,
854 2653 891 2735 (t.
916 2650 981 2728 Ill,
1006 2652 1110 2719 Praei.
1135 2674 1166 2738 p.
1191 2652 1251 2740 IX)
1278 2691 1319 2702 -

130 2760 200 2842 quis
235 2765 283 2822 est
318 2761 374 2843 qui
407 2759 554 2846 ignoret?
584 2758 634 2823 Ex
666 2765 802 2844 utroque
833 2753 948 2822 Codice
979 2780 1064 2823 nunc
1087 2759 1151 2825 duo
1174 2759 1322 2844 exempla

130 2884 318 2950 proponam,
350 2869 438 2950 post,
472 2864 527 2930 ubi
558 2886 608 2930 res
636 2863 797 2950 postulare
824 2864 1004 2948 videbitur,
1028 2864 1121 2950 plura
1144 2865 1320 2931 additurus.

131 2970 177 3036 Ad
209 2968 300 3036 Iliad.
332 2981 378 3048 A,
410 2969 454 3034 22
485 2969 564 3036 Cod.
597 2971 767 3056 Alidem.
793 2971 872 3054 454)
897 2973 1041 3035 omnium
1067 2970 1161 3036 laude
1184 2970 1321 3038 celebra-

131 3076 274 3143 tissimus
306 3075 384 3141 haec
414 3076 507 3141 nobis
538 3076 692 3143 credenda
720 3075 868 3163 praebet:
891 3076 989 3140 ἰστέον
1013 3073 1059 3139 ὅτι
1083 3079 1117 3142 rt
1142 3077 1277 3143 πολοιὸν
1303 3081 1319 3154 ἦ

131 3178 356 3256 Πελοπόννησος
380 3184 423 3256 εἰς
451 3186 482 3248 θ’
507 3184 632 3264 tapetes
655 3182 781 3261 μοΙροιρ·
806 3184 1008 3260 Ἀργολικὴν,
1034 3185 1186 3258 nostele,
1209 3195 1321 3250 Λοικοι-

131 3292 227 3368 ιιιιιίν,
252 3291 482 3364 Μενοιρνιοιιιιὶν.
508 3288 635 3354 Vitium
660 3289 929 3377 typographioum
953 3308 1021 3354 esse
1044 3296 1137 3373 putes
1156 3297 1188 3356 et
1206 3311 1321 3356 nomen

131 3395 289 3481 quoddam
322 3397 563 3481 typothetarum
595 3394 689 3481 culpa
720 3390 895 3460 excidisse?
928 3394 998 3459 Non
1030 3402 1143 3480 potest.
1168 3396 1253 3462 Nam
1276 3399 1324 3462 its

132 3500 315 3578 Bekkerus,
345 3501 392 3568 ita
416 3507 449 3566 et
472 3499 673 3577 Dindorfius,
697 3504 753 3586 qui
775 3508 881 3566 tamen
906 3500 1026 3566 dehoc
1052 3505 1118 3587 ipso
1143 3501 1212 3567 loco
1234 3501 1322 3568 aliud

133 3607 204 3693 quid
217 3607 394 3672 adnotavit.
414 3609 566 3672 Attamen
578 3610 635 3692 qui
647 3613 832 3692 computare
844 3605 957 3671 didicit
969 3605 1061 3672 facile
1075 3607 1157 3672 mihi
1170 3607 1260 3674 dabit
1270 3608 1323 3674 hic

134 3712 252 3800 aliquid
272 3714 408 3778 monstri
428 3712 482 3787 ali,
506 3715 622 3800 quippe
644 3713 784 3799 quinque
804 3719 910 3797 partes
929 3712 1081 3797 indicari,
1094 3720 1245 3797 quattuor
1255 3721 1323 3783 tan·

136 3824 200 3885 tum
225 3820 357 3885 nomina
380 3819 499 3885 edesse.
524 3820 609 3899 Quin
634 3822 848 3906 corrigemus:
872 3815 917 3882 ὅτι
937 3843 968 3884 τ.
991 3842 1025 3882 ιε.
1051 3822 1068 3893 ἦ
1097 3820 1323 3895 Πελοπόννησος

137 3926 175 3998 εἰς
188 3927 211 3990 ε’
223 3926 351 4005 peperero
362 3925 487 4004 μοίραις·
502 3923 562 4004 Ἀρ
572 3949 595 4003 γ
604 3940 644 3988 ολ
655 3927 750 4008 ιιινὶν,
763 3924 814 4008 (Ἀ
822 3946 893 4002 ριιοι
904 3921 967 3986 δικ
977 3924 1040 4007 ἦν)
1052 3928 1198 4003 Πνλιιιήν,
1213 3937 1324 3990 Λοιιιιο·

139 4032 224 4107 stads,
244 4031 475 4106 Μεοοιινιιιιιιίν,
496 4036 529 4097 et
548 4031 656 4096 omnin
675 4034 762 4096 recta
781 4034 883 4094 erunt.
908 4026 1090 4114 Speciosam
1102 4032 1321 4109 insertionem,

140 4135 250 4205 dixerit
271 4139 449 4225 quispiam
474 4137 594 4203 etenim
612 4134 780 4202 literarum
800 4134 976 4219 elementa,
997 4156 1015 4201 e
1034 4137 1150 4221 quibus
1169 4136 1325 4204 vocabule

171 4381 196 4446 l)
212 4380 348 4431 Obsenstt.
368 4397 391 4448 p.
412 4380 449 4430 60.
