2978 4950
679 200 744 269 303

126 399 174 465 ίει.
223 394 288 460 Sed
312 415 375 459 non
398 395 505 458 minus
529 397 731 478 perspicuum
752 400 819 464 est.
842 395 940 459 verba
959 393 1154 460 Scholiastae
1172 394 1220 457 ita
1243 410 1310 458 esse

126 500 331 570 mandanda:
365 501 479 574 ’Λίηνά
511 497 603 577 ἔλεγε
635 501 700 581 περί
733 504 806 566 τῶν
831 501 972 579 γάμων
996 501 1307 580 άπερικαλιίπτοιο,

126 618 144 677 rt
168 613 253 693 post
283 605 392 692 paulo:
428 606 508 679 αὕτη
540 606 571 672 δέ
602 608 656 680 τὴν
692 610 801 687 χρείαν
835 605 987 683 ἐνήλλαξε
1020 612 1080 672 τῶν
1103 612 1310 687 φορησΟντων

126 715 190 781 illus
227 720 348 790 vastes,
384 735 461 798 quas
495 714 613 779 nitidas
648 713 810 779 redditum
840 717 911 779 iret.
959 712 1117 779 Similiter
1149 713 1188 778 de
1219 713 1309 778 vario

126 819 318 906 alloquendi
354 821 467 903 modo,
504 841 567 906 qno
600 820 758 887 Nausicaa
793 821 832 886 ad
869 824 972 885 varias
1007 839 1153 904 personas
1185 820 1308 902 utitur,

126 928 232 1013 egitur
259 926 297 991 ad
329 925 349 1007 ζ
373 925 453 1009 187,
479 927 598 1011 ubilad
623 927 751 992 Ulixem
775 926 1007 1012 supplicantem
1033 945 1197 992 conversa:
1222 923 1308 1000 ξεῖν’,

127 1032 185 1095 ἐπεί
216 1033 280 1098 οὔτε
304 1035 390 1108 κακῶ
413 1031 478 1098 οὔτ’
500 1034 609 1112 άφρονι
633 1032 714 1113 φωτί
739 1034 838 1106 ἔοικας
864 1040 896 1099 ot
920 1053 1000 1119 quae
1027 1038 1210 1117 sequuntur.
1248 1029 1311 1095 Ob·

127 1145 265 1203 servatur
298 1141 416 1204 iterum
448 1141 480 1204 iu
513 1139 582 1220 PQ:
618 1137 714 1210 ἄλλος
739 1143 847 1217 τρόπος
872 1137 1046 1215 διαλίξειις.
1070 1137 1142 1216 πρός
1167 1137 1224 1212 μὲν
1247 1138 1311 1216 γάρ

128 1243 167 1306 τόν
212 1245 328 1325 πατέρα
364 1245 531 1327 ἧπλόίζεν,
568 1247 672 1311 tutare
707 1247 737 1312 δέ
773 1247 951 1328 ἐπιστρέφει
983 1247 1103 1318 ἑαυτήν.
1152 1243 1189 1308 In
1220 1242 1312 1309 libris

130 1347 282 1432 άσλοίζειν
304 1359 371 1429 est,
396 1353 478 1418 unde
502 1353 715 1418 Buttmaunus
737 1353 881 1435 ηπλόίζεν
901 1353 1019 1424 elleoit.
1040 1351 1187 1437 equidem
1207 1349 1312 1415 lenius

130 1453 279 1540 ίτλοίζ
284 1482 317 1523 ει
340 1459 511 1544 efficerem,
534 1465 570 1523 nt
590 1481 736 1545 praesens
755 1447 912 1546 praesenti
925 1458 1102 1540 ἐπιστρέφει
1114 1457 1311 1543 respondeat.

161 1661 201 1749 ζ,
217 1667 266 1735 76.
278 1671 458 1757 Exponitur
473 1672 549 1758 quid
571 1675 614 1737 sit
625 1673 732 1751 κίστη,
747 1672 829 1759 quod
842 1694 957 1738 nomen
970 1693 989 1738 a
1001 1672 1130 1737 Graecis
1142 1669 1181 1737 ad
1194 1668 1311 1735 Roma-

126 1785 192 1846 l⁰⁸2
231 1797 249 1841 a
281 1777 435 1844 Romanis
471 1783 508 1843 ad
544 1800 600 1844 nos
635 1799 759 1864 quoque
794 1783 948 1865 pervenit.
984 1780 1072 1859 παρά
1103 1779 1138 1842 τό
1171 1777 1200 1839 ἐν
1225 1776 1309 1854 αὐτῷ

126 1879 240 1945 νεῖσθαι
273 1883 326 1948 καί
362 1886 580 1966 φυλάττεσθαι
617 1888 658 1949 τά
692 1887 891 1963 βαλλόμεναι.
927 1885 1002 1950 οὕτω
1034 1885 1096 1964 γάρ
1122 1886 1147 1949 οί
1172 1882 1309 1947 Ἀττικοί

126 1990 248 2054 “soar
272 1991 307 2054 τί
332 1997 456 2069 σκεῦος,
480 1994 523 2065 είς
549 1984 562 2055 ό
586 1993 742 2068 βάλλουσι
767 1995 809 2058 τά
834 1993 1003 2069 ἐδέσματα.
1031 1992 1083 2078 (E)
1113 1991 1256 2056 Homero
1280 1994 1311 2055 et

126 2079 260 2164 Ηθῦἱοᾶο
272 2097 515 2182 relinquendum
537 2106 584 2162 est
605 2101 711 2178 Βορέαο
735 2100 878 2170 πεσόντος
899 2121 954 2185 pro
974 2099 1172 2178 ἐμπεσόντος.
1193 2096 1312 2177 Quam·

126 2187 227 2264 'brem
264 2206 297 2267 iu
330 2204 449 2269 scholio
481 2213 590 2270 nostro
623 2208 671 2270 bis
695 2209 960 2292 praepositionem
986 2207 1193 2270 neeessariam
1217 2204 1311 2268 resti·

126 2311 258 2372 nerem:
287 2310 373 2389 παρά
394 2309 428 2373 τό
454 2345 467 2357 ·
483 2347 502 2361 -
523 2311 740 2392 φυλάττεσθαι
761 2314 802 2376 τά
825 2312 1084 2390 ἐμβαλλόμενα,
1106 2318 1137 2377 et
1157 2312 1191 2375 τί
1204 2316 1309 2383 σκεῦος

126 2395 146 2467 ii
194 2400 211 2472 3
245 2416 459 2494 ἐμβάλλουσι
491 2419 533 2481 τά
566 2419 735 2495 ἐδέσματα.
784 2420 952 2484 Praeterea
974 2419 1196 2505 corrigendum
1221 2418 1309 2496 παρὰ

126 2500 136 2562 ἐ
161 2509 203 2575 ἕν
230 2525 328 2602 αὐτῇ
355 2524 488 2599 κεῑσίαι,
511 2529 548 2587 ut
569 2531 653 2590 reete
674 2528 826 2609 seriptum
849 2528 948 2589 estin
970 2525 1111 2590 eiusdem
1136 2527 1311 2590 sententiae

126 2614 183 2680 ota
219 2649 260 2693 ex
295 2628 392 2709 PQV,
425 2644 521 2714 quam
552 2633 662 2695 statim
696 2652 861 2716 apponam.
909 2631 970 2697 Sed
1002 2634 1090 2717 prius
1122 2634 1223 2696 obiter
1247 2652 1310 2696 mo·

126 2723 276 2818 ³11dum,
303 2735 397 2819 paulo
427 2736 509 2801 infra
532 2742 648 2801 iterum
674 2739 804 2802 eandem
831 2738 999 2803 desiderari
1024 2739 1308 2823 praepositionem,

126 2819 133 2884 ί
160 2827 192 2909 ζ
219 2840 307 2916 172,
333 2842 388 2906 ubi
413 2842 523 2908 Ulixes
550 2844 775 2909 miserabiliter
799 2844 838 2908 ad
862 2845 1074 2910 Nausioatim:
1097 2849 1145 2908 νῦν
1167 2843 1310 2909 δ’ἐνίάδε

126 2924 270 3013 ξΒιΒαλε
305 2949 432 3023 δαίμων.
481 2953 636 3014 Docemur
659 2972 716 3015 our
740 2955 833 3035 polita
857 2952 953 3016 verbo
978 2954 1132 3017 acerrimo
1155 2950 1311 3028 κάββαλε

126 3053 179 3105 ΜΒ
209 3058 258 3119 sit
283 3075 340 3140 pro
364 3055 528 3120 usitatiore
552 3056 678 3132 ἤγαγετ
704 3057 738 3120 τό
763 3057 819 3132 μὲν
844 3059 966 3133 ἤγαγεν
992 3056 1144 3121 άκίνδυνον
1167 3057 1309 3135 σημαίνει

126 3161 331 3256 ξῗᾱγωγιίν,
362 3163 397 3225 τὸ
429 3160 459 3224 δέ
484 3161 637 3240 κάββαλε
661 3164 716 3233 την
740 3164 816 3226 άπὸ
842 3163 1025 3238 πνευμάτων
1050 3162 1147 3227 δεινῶν
1173 3163 1310 3242 ἐξερριμ-

126 3268 201 3326 ⁵⁹⁸ss
241 3269 385 3333 δείκνυσι.
420 3266 546 3351 (Ero.)
580 3265 645 3332 Sur
675 3267 857 3333 Diudorfius
887 3272 1042 3353 spreverit
1066 3269 1149 3354 quod
1174 3268 1201 3349 Q
1226 3269 1311 3334 ultro

127 3365 270 3456 frigit:
307 3376 363 3447 την
388 3411 430 3421 --
455 3372 666 3453 ἐξερριμμένοι
703 3375 858 3449 κίνησιν
895 3375 1044 3451 δείκνυσι,
1080 3396 1142 3440 non
1174 3381 1309 3460 exputO,

126 3477 177 3529 ΠΙ
219 3481 263 3545 ad
295 3477 509 3556 ἐξερριμμένην
546 3481 733 3564 praecedens
769 3482 961 3558 καταγωγὴν
997 3484 1190 3569 rogitatione
1223 3503 1310 3567 repe·

126 3582 164 3632 ίθ
211 3592 399 3652 contortum
431 3591 489 3650 est.
539 3583 601 3650 Sed
625 3587 685 3651 hac
709 3608 784 3652 voce
808 3588 928 3653 adscita
953 3588 1004 3654 vel
1028 3588 1232 3653 manifestius
1257 3586 1310 3672 fit,

126 3673 272 3793 limum
310 3693 443 3757 verbum
479 3694 512 3754 in
545 3692 705 3756 ἐνδείκνυσι
738 3714 805 3758 esse
829 3692 1064 3780 retingendum,
1089 3695 1152 3758 nisi
1175 3696 1247 3779 quis
1274 3695 1308 3758 τό

126 3777 272 3863 ‘ssssoeas
303 3798 416 3869 κίνησιν
449 3797 578 3861 δείκνυσι
612 3795 730 3864 Graece
758 3799 819 3864 dioi
847 3820 937 3885 posse
961 3806 1053 3884 putet
1077 3820 1132 3885 pro
1156 3801 1309 3877 σημαίνει.

126 3885 236 3967 Μὶενοι]
270 3924 364 3988 opera
392 3906 446 3977 την
479 3904 549 3967 ὑπὸ
573 3903 756 3980 πνευμάτων
782 3905 994 3990 reponendum
1020 3913 1076 3970 est.
1125 3905 1185 3972 Sed
1210 3913 1247 3972 ut
1270 3905 1310 3972 ad

126 3988 223 4076 istm
243 4011 374 4094 eiusque
396 4017 527 4095 etymon
548 4020 703 4084 revertar,
728 4011 839 4076 eadem
860 4010 1015 4076 derivat-io
1036 4012 1122 4093 παρά
1144 4013 1177 4077 τὸ
1192 4013 1310 4077 κεῖσθαι

126 4093 286 4181 xhibatur
320 4136 445 4200 quoque
480 4118 514 4179 in
545 4114 647 4195 PQV:
682 4112 773 4191 άπαξ
797 4117 931 4181 ἐνταῦθα
956 4119 973 4192 ἦ
997 4117 1098 4192 κίστη.
1123 4117 1256 4195 λέγεται
1278 4118 1310 4183 δέ

126 4206 135 4280 't
165 4210 397 4300 ἕέεσματοίηκη
430 4225 482 4287 οὐκ
506 4220 618 4285 άποίεν
642 4227 695 4287 τοῦ
723 4223 882 4302 ἐγκεῑσίαί
905 4248 935 4288 τι
961 4224 990 4287 ἐν
1015 4226 1104 4304 αὐτῇ.
1153 4223 1311 4290 Similiter

127 4322 207 4398 *illd
230 4327 451 4414 Apollonium:
480 4327 618 4402 κίστη·
644 4329 774 4408 άγγεῖον
799 4330 829 4392 ἐν
854 4322 875 4411 ᾧ
899 4327 1054 4410 βρώματα
1079 4338 1196 4408 κεῖται,
1222 4336 1309 4411 παρ’
