2978 4950
191 135 228 188 τ,
253 109 306 176 64.
343 112 393 178 Ad
423 110 586 187 ξεινοδόκος
619 112 788 178 adnotatur
812 114 844 174 in
869 110 920 175 H:
946 111 961 174 ό
984 109 1055 180 τοὺς
1078 106 1179 185 ξένους
1204 107 1313 195 (ξενοδο

145 218 205 283 huc
232 223 379 295 accentu,
409 225 441 283 et
473 216 642 286 Gramerus
671 224 704 283 et
727 215 922 303 Dindorfins)
945 217 1184 297 ὑποδεχόμενος,
1210 216 1263 281 διά
1285 217 1363 281 rui

144 348 164 387 κ
196 323 266 389 άντὶ
302 329 356 389 τοῦ
392 350 435 405 χ,
474 326 512 396 cic
549 324 717 402 όττοδόκος,
749 325 797 410 [οἰ]
829 323 893 389 άπὸ
923 328 977 389 τοῦ
1008 324 1166 405 δόχεοόοιι.
1213 323 1319 388 Immo
1345 370 1363 401 a

145 430 262 496 omisso
297 431 314 506 ἦ
350 469 390 480 -
423 434 513 516 quasi
547 453 629 497 nova
665 432 824 496 accederet
853 433 944 520 origo
979 469 1018 478 —
1043 430 1277 516 supplendum:
1300 432 1363 501 ὃς

145 535 322 621 ἱττοδόκΗ,
358 538 420 600 άπὸ
455 541 508 601 τοῦ
546 537 684 622 (ἱστόν)
722 537 878 617 δέχευόιιι.
926 536 1055 602 Etenim
1092 542 1125 602 et
1158 537 1214 603 hie
1248 536 1266 611 ἤ

147 647 286 708 correcto
317 644 474 708 scribendi
505 665 608 709 errore
638 652 761 709 natum.
797 643 954 708 Similiter
985 644 1024 708 ad
1054 652 1077 708 Γ
1103 642 1188 709 354:
1211 643 1265 708 διά
1287 649 1363 711 aaz

144 743 169 811 κ’
190 748 429 820 devastaretur
456 749 581 836 (ABL),
607 771 668 836 quo
692 750 801 815 eodem
826 749 896 815 loco
918 752 1016 814 etiam
1040 750 1079 815 de
1099 752 1189 816 vocis
1208 751 1363 819 aduentu

151 858 259 942 agitur
290 877 328 921 ex
358 855 533 922 Herodiani
565 863 740 942 praecepto.
787 856 897 941 Neque
927 855 1020 921 aliter
1050 857 1090 921 ad
1120 867 1146 920 Α
1174 854 1261 933 434,
1286 857 1363 927 nbi

146 959 286 1037 όοτοδόκν
323 965 507 1048 exponitur:
544 964 579 1027 τὸ
614 964 699 1027 κοιτά
734 964 787 1038 τὴν
823 961 963 1040 τράμνοιν
1000 959 1107 1041 ἕξὲχον
1137 955 1241 1048 ξόλόν,
1273 966 1363 1027 ω’

145 1064 178 1132 οὖ
214 1069 352 1133 κλίνεται
389 1069 403 1133 ό
436 1069 528 1140 ἱστός.
562 1070 606 1134 τά
636 1069 667 1134 δὲ
699 1069 785 1149 πυρά
816 1068 851 1132 τό
884 1068 966 1149 δέχου
994 1067 1100 1133 τάντοι
1131 1071 1184 1134 διά
1215 1073 1272 1134 τοῦ
1302 1071 1363 1153 i,

144 1175 391 1253 ξεινοδόκος,
417 1175 620 1252 ἱστοδόκῃ.
658 1175 710 1242 Sic
734 1175 873 1241 Venetus
896 1177 946 1252 A,
971 1181 1003 1241 et
1026 1178 1072 1240 sic
1095 1177 1160 1242 lere
1183 1175 1242 1241 BL
1265 1196 1363 1262 qno-

148 1301 226 1368 que:
259 1282 310 1346 διά
342 1287 394 1346 τοῦ
418 1273 438 1346 sc
462 1280 643 1376 γράφετοοι,
667 1280 732 1346 ἔστι
756 1282 787 1346 δὲ
813 1284 898 1360 τοιρά
925 1282 959 1346 τό
984 1281 1085 1362 δόχιο,
1109 1284 1147 1354 τός
1172 1280 1363 1359 ξεινοδόκσς

146 1389 199 1453 sal
225 1389 410 1454 πανδοκεῖον.
445 1389 588 1474 Apparet
611 1410 736 1475 semper
759 1388 836 1453 haec
860 1394 917 1453 aut
939 1388 1002 1454 duo
1026 1396 1081 1454 aut
1105 1391 1168 1455 tria
1191 1388 1363 1475 exempla

146 1496 308 1584 coniungi.
356 1495 405 1560 lix
438 1494 599 1580 Apollonii
631 1492 797 1580 Sophistae
821 1494 937 1560 Lexico
960 1495 1019 1559 hoe
1043 1515 1168 1582 qnoque
1189 1500 1363 1585 apparet,

145 1603 242 1667 fuisse
277 1605 360 1667 inter
392 1608 515 1666 veteres
537 1604 593 1687 qui
616 1607 723 1666 nostro
746 1600 830 1678 loeo,
856 1638 896 1650 -
922 1599 1132 1667 Telemachus
1156 1602 1363 1688 adloquitur

144 1707 274 1774 Ulixem
310 1729 384 1774 cum
417 1707 467 1773 Iro
496 1710 627 1773 iamiam
658 1708 912 1792 decertaturum,
942 1745 984 1757 -
1013 1706 1245 1784 ξεινοδόκος
1280 1710 1357 1786 μὲν

147 1816 241 1894 ἐγών,
274 1813 324 1878 ἐπὶ
358 1812 385 1877 δ’
415 1815 544 1880 αἰνεῖτον
576 1815 729 1890 βασιλῆες
761 1813 953 1899 explicarent
977 1813 1131 1895 μάρτυροι,
1158 1820 1256 1900 atque
1275 1834 1353 1883 non

147 1920 274 1987 aliunde
306 1940 403 2005 quam
432 1942 471 1985 ex
504 1919 562 1986 tali
593 1923 756 2006 opinione,
789 1919 869 1985 falsa
900 1922 968 1984 sine
998 1919 1114 1997 dnbio,
1144 1918 1225 1986 alios
1255 1922 1350 1987 inter

146 2033 286 2110 veteres,
317 2025 493 2091 Pindarum
525 2033 557 2091 et
588 2025 801 2102 Simonidem,
828 2024 1019 2091 vocabulum
1043 2026 1155 2091 eadem
1179 2023 1344 2115 significa

147 2135 233 2198 tione
264 2132 445 2198 adhibuisse
470 2133 605 2198 credam.
653 2132 756 2197 Locus
780 2137 887 2197 autem
913 2131 1074 2218 Apollonii
1096 2132 1149 2197 hic
1173 2139 1239 2198 est:
1260 2129 1280 2207 ξ
1287 2156 1341 2196 ει·

145 2238 321 2309 νοδόκοςτ
351 2237 525 2322 ξενοδόχος,
555 2240 569 2304 ό
595 2239 664 2308 τοὺς
687 2237 787 2315 ξένους
813 2239 1046 2318 ὑποδεχόμενος.
1074 2239 1088 2303 ό
1112 2239 1144 2303 δὲ
1169 2239 1336 2318 Πίνδαρος·

148 2343 354 2424 ,ξεινοδόκητό
385 2345 472 2429 (-τέν
501 2345 618 2426 Belxlr.)
649 2370 684 2409 τε
709 2344 856 2425 δοιόμων”,
880 2346 948 2409 cirri
974 2350 1027 2409 τοῦ
1052 2346 1255 2426 ἐμαρτύρησε.
1278 2342 1332 2409 ul

145 2454 175 2517 ἐν
205 2460 244 2534 τῇ
275 2450 444 2534 Ὀδυτοεόρι
479 2449 660 2529 ,ξεινοδόκος
692 2453 749 2528 μὲν
781 2451 860 2529 ἐγό”
892 2453 1050 2537 (nostrum
1077 2451 1185 2517 locum
1214 2449 1330 2517 intelle·

143 2560 225 2646 git),
250 2556 331 2635 ἔδοξά
367 2582 426 2623 τισι
463 2559 567 2636 λέγειν
603 2557 782 2644 (μάρτυροι).
818 2557 895 2639 Φησὶ
921 2564 995 2635 γοῦν
1022 2558 1121 2644 (καὶ)
1146 2558 1325 2636 Σιριιυνόδνιι·

146 2664 336 2743 ,ξεινοδόκον
369 2664 395 2728 δ’
426 2664 546 2742 άριττος
578 2666 592 2730 ό
625 2668 736 2743 χρυσὸς
771 2665 800 2727 ἐν
831 2664 923 2741 οιόόέρι
955 2663 1146 2744 λοιμτρός”,
1169 2665 1238 2729 άντὶ
1261 2665 1320 2736 τοῦ,

144 2770 313 2849 μαρτύρων.
345 2770 379 2834 ln
405 2770 572 2855 Apollonio
596 2778 666 2855 pust
688 2771 791 2847 λέγειν
815 2769 963 2835 lacunula
986 2791 1052 2835 esse
1076 2768 1205 2836 videtur
1227 2789 1319 2856 quan,

146 2883 183 2941 ut
207 2898 245 2941 ex
270 2877 409 2963 Bergkio
433 2877 547 2953 didici,
573 2880 677 2942 nescio
700 2880 771 2960 quis
792 2880 910 2962 optime
934 2876 1075 2961 explevit
1095 2899 1150 2962 per
1175 2879 1317 2956 μάρτυρι,

146 2985 341 3069 turpiterque
373 3004 439 3047 sese
472 2983 557 3047 dedit
585 2982 797 3065 Villoisonus‚
822 3005 883 3047 non
907 2984 1010 3048 solum
1034 2987 1067 3047 in
1092 2984 1142 3048 his
1166 2985 1317 3050 dubitem.

146 3090 198 3155 sed
230 3092 328 3154 etiam
361 3109 440 3173 quae
472 3111 489 3153 a
519 3088 709 3154 Telemacho
741 3089 826 3154 dieta
856 3111 922 3154 esse
953 3098 1083 3175 apparet
1115 3113 1190 3155 cum
1220 3106 1318 3177 magua

148 3197 321 3261 sententiae
347 3195 527 3260 confusione
552 3196 694 3259 tribuens
717 3196 868 3260 Antinoo.
892 3195 953 3260 Sed
975 3200 1025 3261 hio
1044 3218 1102 3261 sua
1122 3199 1186 3263 sibi
1205 3198 1317 3268 haben,

148 3302 228 3366 mihi
253 3307 360 3365 autem
385 3303 416 3364 in
443 3300 602 3384 Apollonii
627 3302 732 3365 verbis
756 3307 826 3385 post
850 3304 926 3380 Φησὶ
952 3308 1040 3379 γοῦν,
1057 3304 1196 3387 —quod
1219 3307 1316 3368 iterun

145 3410 320 3473 rectissime
351 3428 406 3491 pro
431 3407 524 3485 Φοοὶν
548 3401 597 3470 οὖν
621 3415 669 3472 est
691 3410 884 3491 repositum,
911 3447 951 3454 -
977 3408 1029 3471 sal
1054 3413 1264 3475 necessarium
1283 3407 1318 3470 ri·

148 3515 251 3597 detur,
275 3514 357 3596 quod
383 3515 529 3596 quamvis
554 3515 689 3597 pessime
713 3514 829 3577 scribat
850 3513 1049 3598 Apollonius,
1071 3514 1181 3580 abesse
1204 3517 1319 3579 minime

149 3625 264 3704 potest.
277 3619 404 3683 Etenim
418 3619 500 3703 apud
513 3619 691 3683 Homerum
706 3640 839 3703 quoqne,
849 3622 962 3703 inquit,
971 3619 1134 3694 ξεινοδόκος
1147 3620 1318 3706 quibusdan

146 3735 243 3790 tectum
270 3724 446 3812 significare
468 3729 571 3791 visum
593 3733 656 3801 est,
679 3712 752 3790 eum
774 3732 861 3789 etiam
882 3726 1060 3790 Simonides
1083 3727 1144 3791 hoo
1167 3749 1260 3792 sensu
1279 3743 1319 3812 ro

149 3831 297 3896 nabulum
334 3834 541 3916 usurpaverit.
592 3829 758 3896 Caeterum
796 3832 954 3919 Bergkius
988 3834 1034 3915 (in
1070 3836 1165 3898 tertia
1200 3834 1321 3899 editione

146 3941 311 4000 Poetarum
331 3937 521 4022 Lyricorum
534 3935 741 4017 Graecorum)
756 3938 885 4001 Pindari
897 3942 1112 4024 fragmentum
1126 3960 1259 4006 numero
1270 3932 1322 4003 304

145 4044 271 4131 posuit,
301 4043 501 4120 ξεινοδόκητέν
533 4069 566 4108 τε
593 4044 709 4122 δοιόμιυν
734 4045 890 4122 scribens,
916 4065 973 4109 neo
997 4064 1110 4110 curans
1133 4045 1323 4134 drymolop'·
