2978 4950
701 196 764 280 183

135 408 198 470 tur.
242 393 331 468 Haeo
351 402 455 490 igitur
476 423 516 468 ex
537 401 657 468 Veneto
680 403 828 468 sananda.
860 400 921 468 Sed
946 401 1008 467 alia
1031 406 1122 483 sunt,
1147 403 1179 466 in
1204 397 1319 486 quibus

128 508 241 578 nullus
275 508 370 574 codex
406 529 497 596 opem
531 510 602 575 fert.
649 508 740 575 Sicut
774 512 807 574 in
840 531 877 576 ea
910 509 979 594 ipsa
1001 509 1173 584 sententia,
1198 510 1232 573 in
1257 527 1319 592 qua

126 637 217 684 nuno
244 636 426 693 versamur,
457 619 525 683 siue
556 618 767 683 controversia
797 636 981 702 perversum
1013 621 1062 681 est
1093 621 1182 680 τοῦτο
1211 617 1245 680 in
1267 614 1318 678 his

126 723 256 790 verbis:
290 719 371 793 ὅπως
405 722 437 788 δὲ
472 723 588 789 ίοῦτο
624 723 780 788 όπέδωκεν
809 723 910 787 οὐκέτι
942 722 1167 798 ἐπεσημήνατο.
1222 719 1320 785 Recto

126 828 243 894 babet:
273 827 403 903 ποιήσας
434 832 490 904 τήν
514 828 646 905 Ἀόηνῖιν
661 864 680 879 ·
694 865 713 878 -
728 829 795 892 -τό
823 827 889 907 δόρυ
914 826 1024 892 δοῦσαν
1048 829 1089 908 τῷ
1114 828 1319 904 Τηλεμοίχω,

126 935 233 1000 οὔκέτι
254 936 332 1014 Φησὶ
357 941 421 1008 πῶς
445 941 563 1002 τοῦτο
588 940 724 1001 ἀπιοῦσα
748 934 931 1012 οίπέλαβεν,
957 955 1019 1000 non
1042 941 1146 1000 recte:
1176 933 1210 997 πδ
1233 929 1319 1007 τόξον

126 1076 181 1095 ·-
199 1077 222 1092 ·
254 1043 406 1122 Μηριόνης
442 1041 559 1107 δίδωσιν
599 1045 759 1120 Ὀδυσσεῖ,
804 1040 883 1112 όπωο
927 1040 957 1107 δέ
1001 1046 1121 1105 τοῦτο
1165 1038 1321 1105 ἀπέδωκεν

126 1149 233 1215 oxon
263 1149 489 1224 ἐπεσημήνατο.
537 1149 626 1215 Ulixi
659 1152 744 1215 enim
769 1148 944 1215 reddendus
968 1168 1059 1214 arcus
1082 1153 1145 1222 est,
1170 1167 1249 1222 non,
1276 1180 1319 1195 -

126 1255 235 1339 quod,
265 1276 460 1341 quamquam
484 1256 657 1321 absurdum
681 1265 757 1332 est,¹
772 1255 868 1320 rerba
891 1259 937 1319 sic
961 1256 1079 1339 scripta
1103 1255 1194 1318 unice
1218 1251 1321 1319 decla·

126 1367 223 1437 rant,
246 1399 288 1412 -
312 1361 461 1429 Merioni.
508 1362 705 1448 Quapropter
736 1365 825 1426 τοῦτο
858 1360 1049 1425 mutandum
1081 1367 1129 1425 est
1159 1363 1191 1425 in
1215 1356 1321 1432 οὖτοςι

126 1461 216 1540 ίτως
237 1469 268 1534 δὲ
290 1464 405 1540 οὗτοι
434 1468 590 1534 ἀπέδωκεν
613 1469 713 1533 οὐκέτι
738 1468 973 1542 ἐπεσημήνατο,
1002 1487 1063 1551 quo
1087 1467 1170 1532 facto
1194 1474 1227 1532 et
1246 1487 1321 1532 oon·

126 1573 278 1640 cinnitati
301 1575 451 1641 orationis
475 1575 675 1640 consulemus
698 1581 729 1639 et
753 1558 845 1639 sanae
868 1576 994 1638 rationi.
1044 1573 1105 1637 Sed
1128 1572 1232 1638 multo
1251 1595 1322 1660 gra·

126 1678 211 1744 rius
230 1683 341 1746 vitium
365 1687 414 1747 est
435 1685 470 1745 in
493 1681 750 1747 antecedentibus
773 1679 875 1745 hisce:
896 1677 996 1759 ὥσπερ
1015 1674 1064 1743 οὖν
1085 1680 1145 1744 οὐδ’
1160 1680 1321 1759 αἰρομένοις

126 1783 185 1855 λὶς
229 1786 384 1868 τραπέζας
417 1788 557 1862 έποίησεν
585 1787 651 1852 οὐδὲ
682 1789 724 1851 τότ
757 1787 790 1851 έκ
822 1791 874 1851 τοῦ
907 1785 1077 1860 συμποσίου
1101 1785 1320 1863 συναγόμενα,

126 1885 229 1964 οὕτως
256 1894 320 1958 οὐδέ
352 1891 476 1969 μεταξὺ
507 1895 703 1968 νιπτομένους
736 1894 788 1957 καί
812 1895 898 1969 μετοὶ
921 1892 957 1956 τό
981 1893 1097 1957 δεῖπνον
1123 1892 1322 1968 έπινιπτομέ-

126 2014 220 2066 Μῦς·
243 1999 306 2063 ἐπεὶ
333 2000 385 2063 καί
410 2005 499 2065 τοῦτο
522 2002 555 2064 οὐ
578 2001 666 2073 δηλοῖ
686 1997 801 2074 όέπαξ
824 1998 859 2061 τὸ
882 1998 1032 2078 νίψασόαι
1051 1997 1224 2075 έκόμισεν,
1247 1999 1322 2062 ἀλλ’

126 2095 166 2163 lte
216 2105 341 2181 ίκόμισε
371 2106 415 2171 τόν
449 2107 634 2186 χερόνιπτρα
666 2107 695 2170 ἐν
720 2105 840 2186 προχόῳ
863 2104 978 2185 χρυσέη
1000 2105 1053 2168 καί
1076 2104 1188 2182 λέβητι
1215 2104 1321 2169 ὑποδε·

126 2210 254 2289 reatae
276 2217 384 2276 ταῦτα
408 2213 539 2291 ἀργυρῷ.
565 2217 606 2294 (p.
636 2210 709 2287 177,
734 2215 755 2275 i.
782 2209 930 2295 20-24)
955 2210 1116 2276 Pervelim
1140 2214 1220 2276 scire
1244 2212 1320 2296 quid

126 2309 186 2374 sit:
229 2316 387 2383 Homerus
419 2322 452 2383 οὐ
476 2320 564 2389 δηλοῖ
596 2316 709 2393 ἅπαξ
741 2319 775 2381 τό
799 2318 946 2395 νίψασθαι
972 2318 1146 2393 ἐκόμισεν,
1172 2318 1248 2382 ἀλλ’
1273 2313 1319 2382 ότι
1361 2399 1367 2408 .

126 2411 277 2491 Mum.
325 2423 404 2504 Quis
428 2422 571 2498 έκόμισεί
596 2425 637 2490 Et
660 2428 730 2509 quis
754 2427 859 2510 capiat
881 2422 972 2500 όέπαξ
994 2427 1039 2489 sic
1064 2429 1219 2510 positum,
1245 2448 1320 2490 cum

126 2522 146 2580 ό
195 2529 254 2594 οὐδ’
276 2528 369 2608 ἅπαξ
398 2530 485 2604 δηλοῖ
513 2534 635 2595 dictum
665 2536 822 2616 oporteret
852 2536 884 2595 et
914 2534 959 2595 sic
988 2551 1114 2615 prorsus
1136 2553 1322 2615 supervaca-

126 2643 230 2700 1011m
259 2636 322 2703 sibl
354 2637 390 2702 Si
421 2640 627 2724 corrigimus:
653 2638 718 2701 έπεί
744 2637 797 2700 καί
822 2642 911 2701 τοῦτο
935 2640 967 2701 οὐ
992 2639 1080 2709 δηλοῖ
1109 2639 1254 2703 όπόόεν
1285 2641 1320 2704 τό

126 2728 280 2808 'labantur
298 2743 479 2820 ἐκόμισαν,
505 2745 579 2807 αλλ’
603 2742 648 2808 ότι
673 2745 833 2820 ἐκόμισαν
857 2745 900 2808 τόν
925 2745 1122 2824 χειρόνιπτρα
1147 2748 1176 2808 έν
1202 2744 1322 2825 προχόῳ

126 2848 264 2924 ouran,
298 2853 472 2931 sententia,
496 2849 607 2921 credo.
633 2848 727 2934 paulo
751 2851 887 2935 apertior
910 2853 971 2914 erit
993 2850 1032 2913 ad
1056 2849 1320 2936 intellegendum.

126 2936 242 3039 leque
271 2956 363 3020 aliter
394 2954 490 3039 paulo
513 2965 600 3039 post:
627 2957 695 3026 τοὺς
722 2957 851 3025 Πυλίους
879 2958 1007 3028 ποιήσας
1033 2991 1121 3007 -·-
1145 2958 1320 3035 εὐωχουμέ-

126 3064 201 3127 ίυς
226 3060 324 3125 οὐκέτι
357 3061 524 3135 δεδήλωκεν
548 3058 627 3132 ὅπως
652 3097 672 3110 -
687 3098 706 3110 -
721 3097 739 3110 -
764 3062 1012 3138 οίπηλλοίγησαν.
1066 3063 1114 3127 Ne
1139 3085 1223 3128 nuno
1247 3068 1319 3148 qui·

126 3145 207 3229 ίθω
234 3167 313 3233 haec
343 3168 562 3253 Porphyriana
592 3176 756 3252 persanata
787 3171 952 3244 existimo,
985 3189 1059 3233 nam
1091 3191 1171 3253 quae
1195 3173 1227 3233 in
1251 3174 1319 3255 ipso

126 3260 225 3337 'litio
245 3271 400 3360 leguntur
425 3272 447 3336 l.
472 3273 601 3339 14-17
627 3269 700 3336 όταν
723 3275 786 3351 γὰρ
808 3275 887 3351 λέχη
910 3311 955 3322 -
981 3275 1080 3356 (λέγει
1105 3273 1144 3356 Q)
1168 3311 1187 3324 -
1202 3312 1221 3325 ·
1236 3279 1318 3342 -έπί

126 3382 141 3422 “·
184 3375 214 3442 δ.
233 3378 318 3455 λέγει
339 3380 433 3465 gravi
456 3380 540 3463 apud
564 3402 616 3444 me
639 3379 771 3445 lacunae
795 3381 971 3465 suspicione
993 3388 1200 3465 premuntur3
1224 3405 1318 3466 quarn

126 3483 206 3548 ‘¹111
238 3505 301 3550 non
332 3485 466 3550 habeam
498 3485 654 3569 quomodo
684 3486 890 3570 probabiliter
921 3489 1096 3573 suppleam,
1125 3489 1246 3554 diutius
1270 3490 1321 3554 bis

126 3590 295 3658 mmomri
319 3590 392 3657 nolo
417 3589 550 3657 ulterius
574 3612 751 3677 properans.

169 3796 210 3880 δ,
242 3802 294 3868 61.
342 3802 548 3889 interrogabo
576 3823 633 3868 ros
664 3803 717 3888 qui
750 3806 837 3888 sitis,
864 3843 904 3855 -
938 3806 1101 3875 Menelaus
1131 3812 1250 3895 inquit,
1277 3846 1318 3857 -

126 3901 251 3974 Εἷπνου
274 3909 477 3984 πασσαμένω.
503 3908 850 4001 Observatintarpres:
875 3922 936 3985 τοῖς
962 3914 1171 3995 ὁδοιπορήοασι
1200 3917 1319 3980 δείπνου

126 4017 267 4081 Ινλιιότι
291 4016 464 4093 γενομένου.
489 4013 625 4098 (HMQ).
651 4015 788 4081 bobono
810 4020 978 4084 verborum
1004 4020 1184 4097 collocatio,
1210 4030 1242 4088 et
1264 4031 1321 4088 aut

126 4121 269 4208 'astigia
296 4121 413 4187 codicis
443 4119 470 4200 Q
495 4157 536 4168 -
562 4123 617 4204 qui
646 4121 764 4186 δεῖπνον
792 4129 855 4196 τοῖς
880 4125 1060 4204 ίδοιποροῦσι
1083 4128 1179 4194 habet
1204 4165 1243 4180 -
1269 4152 1318 4196 se·

126 4230 218 4290 tutis
239 4228 329 4293 uobis
352 4227 472 4293 δείπνου
496 4250 525 4290 τ.
551 4227 643 4292 όδοιπ.
669 4228 803 4301 δηλονότι
826 4232 988 4307 γενομένου
1013 4236 1214 4301 scribendum
1244 4240 1319 4308 erit.

126 4333 211 4405 lut,
240 4335 321 4422 quod
347 4333 450 4399 multo
474 4336 656 4399 concinnius
678 4336 758 4399 mihi
781 4337 926 4417 videtur,
950 4351 1013 4412 τοῖς
1039 4343 1247 4422 έδοιπορήτκτι
1273 4345 1323 4424 δη-
