2978 4950
754 101 757 107 ⁴
797 142 862 210 σοι

232 323 278 391 θοι
313 328 392 402 ariri
428 330 509 395 ἐστιν
545 332 562 403 θ
599 330 744 400 ὑπόθεσις.
772 330 830 415 (V)
862 330 1002 396 Obscura
1035 331 1117 395 mihi
1140 335 1218 395 eunt
1241 331 1282 395 ad
1304 353 1320 409 ρ
1343 329 1418 396 25οι

230 435 322 509 τιμην
343 440 403 518 ἀφ’
425 435 458 512 ἧς
479 435 536 513 ἔξω
556 437 680 509 τίθησιν.
697 437 755 521 (Η)
779 438 852 503 Non
874 441 978 524 magio
996 435 1242 522 eapioad189:
1263 438 1419 511 ε’πηκολοθ·

232 546 274 610 θει
297 555 336 627 τῇ
353 543 526 624 παραθέσει
549 548 603 607 τοῦ
628 549 726 608 λατοῡ
750 542 884 621 θλεθρος,
909 544 987 608 ὥστε
1011 544 1062 608 καί
1089 548 1105 620 ἦ
1131 544 1234 610 εὔνοια
1260 545 1314 607 καί
1340 547 1418 624 ἧφι-

231 651 408 729 λοινθριιπίιι
435 649 486 714 τθν
518 650 633 728 ὄλεθρον
664 658 797 729 περιεῖλε
829 656 887 713 τῶν
919 652 1130 730 εὐτυχούντων
1156 651 1216 715 ὑπὸ
1242 653 1350 726 ἡδονῶν
1371 657 1417 715 τοῦ

232 758 411 838 ίθίσροατος.
436 755 490 843 (Τ)
512 755 706 844 Aenigmata
729 757 811 822 mihi
834 757 983 822 videntur
1001 761 1035 822 in
1052 759 1168 836 ‘eodem
1186 757 1271 824 libro
1293 761 1316 844 (ι
1329 757 1417 836 229);

232 865 280 931 δεῖ
307 864 339 931 δὲ
366 865 425 936 τοὶς
449 863 637 942 κατηγορίας
661 872 756 929 ποιεῖν
779 865 832 928 οὐκ
857 864 890 927 ἐκ
914 871 971 929 τῶν
994 865 1201 940 ἀποβάντων·
1227 862 1341 938 ἄθηλον
1363 865 1418 941 γὰρ

230 973 256 1038 εί
294 972 426 1045 ἐπιεικὴς
457 968 492 1043 ἦν
524 971 616 1049 οίνιίρ·
647 972 672 1035 εί
707 971 759 1034 καί
784 971 839 1049 πρὸ
864 979 919 1043 τῆς
944 972 1051 1049 πείρας
1076 973 1139 1050 γθιρ
1163 972 1255 1049 λέγει
1279 974 1347 1050 περί
1371 978 1417 1035 τοῦ

232 1080 444 1160 Πολυφιίμου,
480 1078 523 1141 τοὶ
558 1077 685 1142 ἐπίθετα
716 1081 820 1141 ταῦτα
850 1078 933 1142 δεινοὶ
963 1076 1079 1142 ἄλλοτε
1110 1077 1307 1158 ε’προίττετο,
1333 1081 1358 1142 εί
1381 1082 1418 1154 μὴ

231 1186 282 1251 ἐπὶ
317 1193 376 1251 τῶν
411 1183 505 1262 ἔργων
536 1187 589 1249 οὐκ
621 1181 784 1260 ἔγνωσται.
820 1185 886 1270 (Q),
916 1185 954 1249 de
978 1186 1094 1270 quibua
1117 1187 1216 1250 etiam
1243 1183 1417 1250 Dindorfiue

231 1293 415 1367 admonuit,
448 1291 511 1354 eibi
540 1311 602 1355 nou
633 1293 759 1378 integra
782 1291 890 1357 videri.
939 1292 1069 1357 Frustra
1092 1299 1163 1376 poet
1185 1291 1417 1356 Buttmannnnr

231 1400 393 1485 quaesivi,
419 1396 496 1480 quid
519 1395 634 1462 lateret
657 1400 690 1461 in
714 1397 765 1462 his
788 1398 840 1482 (ad
865 1423 883 1462 κ
909 1395 1005 1484 185):
1031 1397 1095 1462 οὐδὲ
1120 1398 1206 1471 μετα
1230 1398 1288 1470 την
1311 1401 1418 1478 τροφίην

232 1505 319 1582 λέγει
352 1504 424 1580 πρὸς
457 1502 569 1571 αὐτοὺς
602 1503 669 1583 περί
702 1512 757 1578 τῆς
789 1512 1011 1581 κατασκοπῆς,
1036 1506 1125 1569 αλλ’
1151 1506 1194 1587 ἐᾷ
1220 1507 1276 1579 την
1297 1508 1420 1583 πρώτην.

233 1612 321 1700 (HQ)
357 1610 469 1696 Neque
498 1610 648 1695 expedire
678 1613 786 1696 potui,
817 1631 898 1695 quae
925 1614 958 1675 iu
990 1613 1060 1696 ipeo
1083 1610 1290 1679 scholiorum
1315 1614 1420 1679 limine

232 1720 286 1806 (ad
317 1743 338 1782 οι
365 1719 397 1801 l)
430 1717 585 1804 leguntur
613 1716 785 1804 Porphyrii
816 1719 931 1782 verba:
965 1725 1079 1795 γελοῖοι
1103 1721 1129 1783 οἱ
1152 1720 1189 1782 τθ
1217 1718 1336 1798 ,ἄνδρα
1359 1721 1423 1810 oo?

232 1827 365 1906 θνθρείον
397 1825 569 1897 οίιιοθοντες.
603 1859 623 1875 -
637 1825 722 1888 -τοὶ
754 1824 816 1903 γθιρ
841 1826 969 1889 ἐπίθετα
993 1824 1065 1905 πρθς
1090 1824 1133 1892 τοὶ
1157 1828 1249 1906 κύρια
1273 1827 1292 1900 ἢ
1318 1851 1421 1908 προοη·

231 1935 342 2014 γορικθι
373 1931 542 2009 τάττεται,
573 1952 647 1997 oum
676 1934 799 1997 dietum
832 1938 993 2016 oporteat:
1023 1933 1056 1996 οὐ
1087 1933 1151 2012 γιὶρ
1174 1935 1352 2012 εὑρίσκεται
1374 1935 1420 1999 δίο

231 2042 358 2106 ἐπίθετα
388 2038 461 2103 θνευ
492 2037 592 2118 κυρίου
623 2038 639 2112 ἢ
673 2042 905 2121 προσηγορικοῦ,
933 2045 971 2102 ut
998 2052 1081 2103 reete
1104 2039 1202 2104 habet
1227 2040 1370 2125 epitome
1389 2043 1419 2104 iu

230 2148 296 2230 EQ.
329 2148 370 2215 nt
403 2149 436 2212 in
472 2147 521 2212 hie
556 2151 589 2210 et
621 2148 654 2210 in
690 2145 762 2209 aliie
792 2144 872 2209 bene
902 2145 1033 2229 multis,
1066 2151 1103 2210 ut
1133 2143 1296 2232 Sisyphus
1325 2147 1417 2223 olim,

233 2276 366 2340 ,auxum
396 2255 521 2320 versavi
551 2252 712 2328 sudando,
741 2271 843 2335 neque
871 2251 989 2336 profeci
1011 2251 1151 2318 hilum’‘.
1198 2253 1294 2319 Haeo
1318 2257 1421 2340 itaque

231 2371 288 2429 aut
313 2361 461 2427 meliorne
484 2360 560 2425 libri
581 2361 706 2426 exoueoi
738 2395 780 2408 -
811 2361 838 2423 ei
861 2361 1032 2444 quierunt
1060 2365 1102 2409 :..
1134 2358 1214 2425 olim
1243 2363 1418 2436 sanabunt,

230 2476 286 2535 ant
308 2469 422 2554 quibus
445 2489 528 2532 nnnc
551 2471 675 2532 utimur
698 2465 813 2530 melius
838 2473 870 2530 et
886 2468 1040 2532 intentius
1057 2467 1182 2543 collati,
1207 2476 1265 2534 aut
1291 2470 1420 2555 deniqne

232 2577 397 2660 patefaciet
420 2574 553 2639 aliorum
579 2573 704 2639 felicius
728 2594 872 2637 acumen.

368 2683 388 2747 ὦ
412 2685 516 2764 φίλοι,
542 2687 573 2747 οὐ
597 2683 654 2758 μὲν
677 2683 738 2758 ἐγὼ
763 2684 882 2758 τανύω,
910 2683 1037 2758 λαβέτω
1062 2682 1093 2745 δὲ
1118 2685 1171 2745 καὶ
1194 2683 1305 2756 ἄλλος.
