2978 4950
716 202 760 274 90

144 402 248 464 tenter
282 409 526 482 proponentem,
551 399 642 482 quasi
666 418 740 464 vero
763 397 802 462 de
824 417 861 462 ee
884 418 917 462 re
941 396 1009 462 ulla
1032 400 1131 483 poeeit
1153 419 1221 465 esee
1243 395 1331 462 dubi·

145 506 233 576 tatio,
265 512 331 567 tum
362 506 468 590 magis
499 506 596 568 etiam
628 503 809 568 Bekkerum
842 507 988 589 ineptum
1018 505 1152 584 λέγομεν
1176 506 1244 569 aine
1266 502 1334 567 ulla

146 608 416 674 animadversione
458 612 655 675 retinentem.
693 646 734 657 -
770 633 805 680 τ.
844 607 898 673 64.
941 611 1054 684 νήησαν
1088 610 1172 685 ξύλα
1207 608 1332 685 πολλαί,

145 714 227 795 Φθυς
261 711 343 793 ἔμεν’
380 716 429 790 ήδὲ
460 715 604 795 θέρεσθαι.
641 715 691 781 Ad
715 715 792 780 haee
815 714 866 778 H:
891 716 992 781 λείπει
1016 718 1058 782 τὸ
1082 719 1116 782 εί
1126 744 1140 790 ς
1165 724 1232 798 Φῶς
1256 711 1334 780 εἶναι

146 820 198 885 καὶ
220 822 442 900 θερμαίνεσθαι.
474 821 563 887 Haec
586 824 631 887 eie
654 821 800 908 intellegi
824 830 992 907 nequeunt.
1017 826 1085 889 Ant
1111 822 1333 889 scribendum:

146 929 246 993 λείπει
277 928 319 993 τὸ
351 931 389 999 ὠς
413 935 479 1008 Φῶς
503 924 598 1005 εἶναι,
624 927 676 994 vel
698 933 798 993 λείπει
824 930 866 994 τό
879 951 886 968 ·
912 931 969 1002 είς
994 931 1064 1016 (τὸ)
1087 937 1154 1011 φῶς
1178 926 1256 995 εἶναι
1281 931 1334 994 καί

147 1036 370 1114 θερμαίνεσθαι.
408 1073 448 1084 -
485 1034 628 1122 Denique
665 1038 702 1107 ιθς
738 1034 824 1100 male
860 1036 966 1101 abesse
1001 1038 1136 1103 arbitror
1172 1040 1206 1102 in
1242 1036 1337 1102 initio

126 1141 384 1228 vPorphyrinnae
415 1142 637 1226 disputationis
667 1141 707 1206 ad
737 1166 769 1217 ε,
806 1141 880 1226 118,
913 1164 951 1208 er
979 1142 1096 1223 HPQ'I‘
1121 1144 1241 1209 editae:
1268 1143 1335 1208 ε’πι·

148 1249 370 1327 λαμβάνονταί
392 1272 470 1320 τινες
494 1257 549 1322 τῆς
574 1252 741 1327 Καλυψοῦς
767 1250 799 1334 (ὦ
810 1249 838 1331 ς)
862 1249 1019 1328 διαρρήδην
1048 1249 1335 1330 ὑναισχυντούσκς,

148 1355 232 1421 unde
261 1354 349 1421 alind
382 1354 480 1421 simul
510 1355 613 1421 levius
644 1356 798 1421 mendum
830 1359 967 1421 eximere
990 1356 1072 1421 nihil
1095 1358 1210 1422 ebetat.
1258 1355 1337 1421 Poet

149 1482 249 1545 pauca
271 1460 406 1548 legitur:
434 1462 656 1538 ὑπομιμνήσκει
682 1461 712 1524 δὲ
740 1459 902 1547 (Calypso)
926 1460 988 1538 dre,
1014 1463 1074 1540 ἐγὼ
1095 1463 1145 1527 διὸ
1164 1462 1336 1543 φιλανθρνν·

150 1567 225 1631 πίαν
258 1569 409 1631 σαύσασα
433 1576 599 1646 κατεῖχον,
625 1569 654 1631 εί
680 1569 730 1631 καί
756 1569 770 1631 ὑ
795 1567 871 1638 Ζεὺς
894 1577 953 1642 νήα
976 1570 1041 1642 θοήν
1064 1570 1179 1647 οὑργήτι
1202 1570 1336 1649 κεραυνῷ

148 1674 256 1753 βαλὼν
287 1671 411 1738 ίκὲασεν
442 1675 473 1737 ε’ν
504 1672 587 1753 μέσῳ
619 1671 729 1752 πόντῳ.
775 1673 881 1739 Immo
904 1695 997 1740 vero:
1026 1675 1113 1739 ἐπεί
1139 1675 1191 1739 καί
1218 1676 1232 1739 ὸ
1258 1675 1335 1747 Ζεὺς

150 1787 207 1855 νιῑα
232 1816 251 1830 -
265 1816 284 1830 -
300 1816 319 1829 -
343 1779 480 1856 ἐνένιπεν,
505 1786 541 1844 ut
563 1780 647 1865 apud
669 1780 848 1845 Homerum
874 1786 922 1846 eet
945 1788 977 1845 et
1000 1781 1156 1846 sententia
1175 1779 1335 1866 postulat,

149 1907 222 1952 nem
253 1889 300 1951 ita
329 1886 461 1952 demum
492 1908 604 1952 verum
637 1906 703 1951 eeee
727 1893 847 1972 puteat:
871 1888 1019 1968 φαίνεται
1044 1888 1074 1952 δὲ
1098 1886 1144 1952 ὑτι
1167 1890 1200 1952 σθ
1225 1887 1278 1951 διὰ
1301 1888 1336 1952 τί

149 1993 319 2058 κωλύεσθαι
354 1993 533 2074 εὐνάζεσθαι
569 1993 765 2074 σχετλιιίζει,
798 1994 886 2058 σίλλιὸ
916 1993 968 2058 διὰ
1000 1995 1033 2058 τὸ
1062 1993 1267 2072 εὐλαβεῖσθαι
1292 1994 1336 2071 μὸν

149 2099 230 2182 ζήλῳ
252 2103 294 2177 τῷ
318 2102 388 2177 πρὸς
414 2102 510 2174 αὑτήν
533 2101 732 2165 οίποκτείνυσι
757 2100 808 2164 τὸν
832 2100 997 2164 Ὀδυσσέα.

196 2205 314 2272 Contra
333 2206 363 2284 δ,
384 2205 465 2271 143:
488 2207 615 2271 πλείονα
634 2203 696 2286 ’γὰρ
709 2207 818 2286 Φιλίαν
832 2209 883 2272 καί
897 2209 1050 2288 προσοχήν
1061 2203 1147 2288 είχον
1159 2207 1338 2292 (Menelaus

150 2319 183 2378 at
203 2312 338 2396 Helena)
351 2313 423 2391 πρὸς
437 2313 488 2376 τὸν
500 2312 655 2378 Ὀδυσσέα
668 2313 747 2393 παρὸ
759 2316 831 2393 πρὸς
844 2313 895 2378 τὸν
908 2313 1059 2392 Νέστορα,
1080 2315 1147 2378 καί
1168 2316 1213 2386 νίς
1227 2313 1336 2391 οὶκμθ·

151 2420 242 2500 ζοντα
255 2419 307 2482 καί
321 2425 501 2500 σφριγῶντα
513 2419 579 2503 (Ε),
592 2427 647 2485 aut
660 2421 712 2484 καὶ
725 2419 809 2486 male
821 2421 969 2504 abundat,
982 2426 1037 2486 eut
1055 2445 1074 2483 κ
1084 2422 1126 2484 αθ
1136 2422 1182 2491 ὼς
1200 2422 1337 2486 scriban-

151 2527 229 2591 dum
250 2534 314 2603 est,
339 2526 422 2610 quod
441 2529 523 2591 inter
541 2526 619 2605 παρὸ
639 2533 671 2591 et
687 2528 760 2592 καθὸ
780 2548 842 2591 non
863 2528 1015 2592 absonum
1037 2527 1153 2610 poterit
1173 2528 1287 2604 videri,
1301 2548 1336 2592 ae

150 2636 270 2721 legitur
294 2655 323 2698 v.
338 2654 365 2697 e.
390 2632 472 2697 infra
495 2632 534 2697 ad
558 2658 590 2709 ε,
618 2634 700 2697 432:
726 2634 849 2704 καθὼς
875 2634 906 2698 δὲ
930 2635 963 2699 ἐκ
987 2633 1144 2709 θαλύσσνρς
1166 2635 1336 2706 πολύποδος

149 2740 311 2817 ἑλκομένου
346 2738 450 2804 πυκνοὶ
483 2762 510 2803 κ.
529 2763 559 2803 σ.
591 2741 665 2804 λίθοι
698 2740 769 2818 πρὸς
802 2743 861 2812 τοὶς
885 2741 1019 2813 κοτύλας
1045 2743 1238 2822 συνθχονται.
1263 2740 1336 2827 (Τ),

150 2846 419 2932 quemadmodum
459 2845 627 2930 Apollonio
661 2846 799 2933 Dyscolo
833 2849 866 2911 in
901 2846 1023 2912 delieiie
1058 2855 1124 2925 eet,
1160 2869 1218 2912 nee
1253 2847 1336 2933 apud

150 2952 335 3018 Strabonem
360 2952 500 3037 aliosque
522 2951 575 3016 vel
597 2952 630 3016 id
655 2956 768 3017 aetatis
792 2959 934 3018 auotoree
954 2974 1070 3018 rarum,
1118 2952 1278 3019 Similiter
1297 2956 1335 3026 ὑς

150 3060 340 3125 eliciendum
376 3065 423 3125 eet
458 3080 475 3123 e
506 3059 721 3145 dittographia
752 3074 858 3124 ortum
891 3084 925 3143 κ,
951 3057 1006 3143 34,
1039 3062 1073 3124 in
1096 3062 1276 3125 narratione
1299 3059 1337 3125 de

148 3169 240 3232 sociis
268 3165 357 3231 Ulixi
381 3166 421 3231 ob
445 3163 535 3230 Aeoli
558 3172 663 3230 utrem
687 3165 927 3241 insidiantibus,
952 3169 1006 3249 qui
1031 3167 1071 3231 iis
1094 3186 1170 3231 auro
1192 3171 1337 3253 argento

149 3295 209 3359 qne
244 3274 377 3339 refertus
408 3293 474 3337 esse
505 3271 681 3337 videbatur.
716 3273 778 3336 Διὸ
812 3271 844 3335 τί
865 3274 897 3336 οὑ
920 3281 1060 3351 προεῖπεν
1084 3275 1204 3348 αθτοίς;
1233 3272 1336 3347 ἐπειδή

148 3383 202 3447 οὑκ
237 3379 364 3457 ήλπιζεν
399 3378 641 3452 ὑπονοήσαντας
679 3380 714 3462 [ὑ
726 3381 754 3461 ς]
790 3387 1011 3457 κακουργῆσαι.
1045 3378 1096 3442 καί
1127 3380 1189 3457 γιὸρ
1219 3385 1279 3442 τῶν
1307 3380 1337 3444 ἐν

151 3485 286 3567 Ἰσμσίρῳ
305 3485 448 3566 λαφύρων
469 3487 523 3558 τήν
545 3485 610 3557 ίσιρν
628 3493 734 3561 μοῖραν
755 3481 845 3549 ἔδωκε
866 3485 916 3548 καί
939 3492 997 3549 τῶν
1021 3485 1135 3562 οίγρίυν
1160 3487 1259 3562 αἰγῶν
1283 3486 1335 3549 καί

149 3595 192 3658 τὸν
216 3594 281 3671 περὶ
307 3591 502 3662 Κύκλωπας.
529 3589 581 3674 (Τ)
607 3589 741 3657 Credam
765 3613 878 3656 verum
902 3613 984 3657 esee:
1011 3591 1113 3665 ἐπειδή
1137 3594 1191 3656 οὑκ
1209 3591 1337 3673 ήλπιζεν

151 3699 376 3774 ὑπονοήσαντας
406 3703 614 3774 κακουργῆσαι
640 3734 680 3745 -
705 3697 737 3760 id
763 3707 828 3774 eet,
852 3696 886 3772 ἐξ
911 3699 1049 3769 ὑπονοίας
1073 3698 1186 3770 αὑτοὺς
1211 3723 1336 3778 κακουρ·

150 3814 247 3885 γῆσαι
265 3845 300 3855 —-
316 3812 348 3871 et
368 3811 440 3868 τῶν
464 3802 528 3883 περί
555 3803 688 3867 Κύκλυπ
698 3826 730 3867 α.
755 3842 796 3852 -
822 3803 960 3868 Unicum
982 3804 1110 3868 tandem
1129 3804 1236 3870 locum
1259 3806 1338 3890 vidi,

151 3914 207 3979 ubi
243 3913 294 3977 καί
329 3915 368 3985 ὡς
399 3911 491 3976 ambo
521 3909 745 3974 desiderentur.
779 3911 827 3975 Ad
856 3937 891 3985 ν,
918 3910 1002 3974 214:
1028 3906 1106 3974 θσσα
1131 3936 1170 3988 γε
1196 3912 1232 3986 δή
1257 3910 1335 3988 ξύμ·

150 4044 258 4086 ταντα
289 4023 359 4083 θεῶν
383 4018 478 4090 ίθτιρτι
502 4016 631 4093 μθγνσα
656 4017 714 4081 hoo
739 4017 931 4100 (Nicanoris)
957 4016 1103 4082 Seholion
1134 4025 1182 4082 eet
1205 4019 1239 4082 in
1262 4017 1334 4083 Br:

151 4131 241 4192 τοὺτο
264 4127 323 4204 ὑφ’
347 4124 451 4203 ἑτέρας
476 4124 575 4202 οίρχής
600 4123 629 4185 ἐν
653 4124 827 4202 θαυμασμῷ
853 4124 1061 4203 σίνεφύνιρσεν·
1087 4124 1266 4209 (hueusque
1288 4124 1334 4202 B;

152 4231 338 4319 Tpergltz)
374 4226 431 4309 ,μ’ίς
462 4229 491 4293 κ’
523 4229 578 4305 ἐμὲ
601 4228 652 4292 τὸν
676 4229 817 4301 δύστανον
841 4230 916 4305 {air
939 4230 1106 4306 ἐπιβήσετε
1132 4229 1252 4309 ποίτρνς
1283 4266 1335 4280 --

154 4338 271 4420 ὸῶμιι.”
296 4343 355 4425 (vs.
380 4333 583 4418 223-225.)
607 4337 747 4420 Apparet
769 4336 847 4400 haee
870 4337 916 4400 ita
939 4337 1126 4402 annectenda
1149 4357 1234 4404 esee:
1250 4373 1269 4388 -
1283 4373 1334 4388 -·
