2978 4950
648 200 713 269 399

71 390 160 453 vitio
195 389 315 476 legitur
348 393 382 454 in
416 390 641 478 lltymclcgico
670 391 790 479 Magno
824 415 849 456 s.
874 393 906 455 h.
935 414 967 456 v.
995 388 1022 476 1)
1052 392 1136 455 unde
1169 395 1201 455 et
1238 392 1272 454 iu

72 498 180 560 nostri
215 496 276 560 loci
310 499 399 562 exitu
430 499 656 573 excitaverim,
690 519 751 582 quo
782 520 875 586 aegre
907 519 1015 575 caree,
1038 498 1191 562 verbum:
1216 496 1270 560 καί

74 603 143 679 γὰρ
168 602 266 672 ἁλὸς
289 599 401 674 ἵππους
425 605 483 674 τοὶς
508 607 581 674 ναῦς
610 605 743 688 (καλεῖ
765 605 996 688 τροπικῶς,)
1028 611 1060 668 et
1083 606 1215 669 fort-asse
1237 603 1272 666 in

74 711 227 772 introitu:
264 710 579 793 (μεταφορικῶς)
620 720 658 790 τῇ
696 712 759 787 vni,
796 711 880 794 quod
916 718 948 775 et
982 688 1133 790 in'PQV
1170 710 1271 774 adest.

77 814 175 879 Nunc
199 815 238 880 ad
262 822 385 881 caetera
406 837 462 881 nos
483 823 714 889 convertamus.
751 818 842 882 Nihil
863 823 910 882 est
934 819 960 880 οἱ
986 817 1016 881 δὲ
1042 817 1078 880 δι’
1104 819 1195 894 ὑγροῦ
1217 815 1270 877 ιιιιὶ

77 921 156 1001 ζῶν,
183 923 381 987 —debebat
408 923 522 987 saltem
553 924 592 987 δι’
625 925 755 1001 ὑγρὸν,
780 961 824 973 -
848 945 949 1008 neque
978 924 1080 988 solent
1107 926 1153 987 sic
1177 922 1269 1005 sous

77 1028 193 1093 liastae
227 1043 258 1093 et
296 1028 513 1116 lexicographi
547 1034 737 1122 vetustiores
772 1052 852 1115 quae
883 1030 1042 1095 Homerus
1075 1032 1169 1094 tertio
1198 1046 1272 1092 casu

79 1138 208 1218 posuit,
239 1156 275 1200 ea
306 1139 410 1220 primo
440 1157 516 1200 casu
546 1140 649 1220 posita
671 1141 882 1221 interpretari.
932 1137 1015 1216 Quid
1040 1133 1162 1200 multa?
1188 1133 1273 1198 Scri·

80 1242 240 1305 bendum:
265 1243 290 1306 οἱ
315 1243 346 1305 δὲ
366 1243 509 1322 διύγρῳ
531 1243 582 1305 καὶ
604 1241 624 1320 ζ
629 1245 706 1325 &adr
715 1245 755 1328 ι),
769 1245 837 1321 πρὶν
856 1244 914 1306 ὑπὸ
934 1244 1097 1318 πολεμίους
1118 1241 1273 1319 γενέσθαι.

79 1345 134 1410 Sic
165 1368 196 1408 v.
221 1370 247 1410 c.
272 1348 459 1431 Apollonius
485 1370 507 1412 s.
536 1372 567 1412 v.
593 1353 736 1428 Διερῷι
761 1351 882 1428 διύγριρ.
929 1350 1095 1434 Sequitur:
1125 1349 1217 1413 ιὶιινιοι
1241 1348 1273 1411 δὲ

79 1460 144 1522 τοὶς
169 1452 289 1517 σκεύεσι
315 1455 366 1516 ιιιιὶ
391 1457 432 1534 τῷ
457 1456 543 1535 ἱστίῳ
568 1456 630 1519 dri
658 1462 711 1519 τοῦ
735 1461 833 1538 πλοῦ,
858 1478 937 1541 quae
958 1458 1055 1521 verba
1073 1478 1165 1521 sensu
1186 1477 1274 1521 cassa

79 1564 175 1640 suut,
201 1561 254 1623 sed
274 1561 408 1626 Prelleri
429 1563 523 1647 culpa
543 1584 622 1646 quae
643 1565 741 1628 codex
766 1564 915 1627 mendose
939 1564 1068 1627 exhibet
1080 1565 1272 1628 correctione

80 1667 281 1730 mendosicra
304 1668 474 1732 reddentis.
524 1669 650 1733 ldtenim
676 1673 709 1732 in
734 1670 840 1734 codice
864 1690 931 1733 csse
954 1671 1099 1733 ridetur:
1126 1669 1216 1733 ἄλλοι
1241 1670 1273 1733 δὲ

81 1773 164 1851 ὑγρῷ
187 1775 248 1837 απὸ
273 1782 335 1842 τοῖς
358 1775 496 1838 σκεύεσιν
522 1801 550 1838 κ.
576 1802 604 1837 τ.
632 1777 716 1854 ἱστίῳ
740 1776 880 1839 ἀπὸτοῦ
905 1780 996 1838 πλοῦ.
1022 1778 1115 1860 (App.
1139 1799 1170 1860 p.
1195 1776 1275 1855 777)

79 1878 163 1942 Ἀπί
187 1900 288 1969 errore
312 1884 437 1965 saepius
462 1882 544 1945 mihi
567 1887 675 1947 notato
700 1903 863 1966 perperam
888 1883 937 1946 bis
959 1904 1024 1947 esse
1044 1885 1216 1966 scriptum,
1231 1921 1272 1930 -

81 1993 132 2048 cst
155 1986 232 2049 haec
256 1988 433 2051 scribarum
459 1989 613 2071 quaedam
637 1989 809 2072 πρόληψις,
825 2027 864 2035 -
891 1990 969 2053 bene
992 1989 1094 2070 vidit,
1118 1989 1172 2052 sed
1198 2010 1272 2065 cur,

80 2112 217 2174 quaeso,
248 2093 363 2173 simul,
383 2094 462 2174 ὑγρῷ
495 2098 693 2180 proscripsit,
722 2098 789 2160 sinc
813 2116 893 2178 quc,
918 2095 972 2158 sed
996 2097 1181 2177 emendato,
1206 2117 1274 2158 seu·

38 2207 41 2211 ’
81 2200 185 2261 tentia
208 2206 291 2263 stare
314 2222 375 2264 non
398 2199 526 2286 potest?
550 2201 649 2265 Recto
674 2201 738 2266 talo
763 2202 861 2265 stabit
884 2203 945 2265 sic:
971 2198 1061 2265 ἔνοικοι
1083 2203 1113 2265 δὲ
1136 2203 1272 2279 ὑγροῖς

81 2312 146 2372 τοῖς
171 2304 292 2369 σκεύεσι
317 2307 368 2369 καὶ
393 2310 434 2387 τῷ
458 2307 544 2385 ἱστίῳ
568 2308 632 2371 σὶπὸ
657 2312 710 2373 τοῦ
736 2312 825 2371 πλοῦ.

130 2543 154 2595 ι,
181 2518 235 2582 44.
281 2518 403 2582 Ismaro
439 2524 531 2603 capta
563 2518 675 2582 Ulixes
706 2519 827 2583 milites
859 2520 1020 2602 hortatur,
1046 2525 1083 2584 ut
1107 2523 1218 2584 statim
1243 2541 1275 2585 se

83 2628 162 2713 suga
193 2627 383 2709 proripiant,
415 2624 459 2687 rol
495 2624 528 2688 δὲ
558 2626 647 2700 μέγα
676 2628 771 2696 νήπιοι
803 2627 855 2689 οὐκ
881 2627 1024 2689 ἐπίθοντο.
1072 2626 1158 2690 Hinc
1182 2647 1277 2691 causa

82 2735 186 2818 petita
227 2736 351 2816 poetam
396 2731 596 2817 obiurgandi
659 2732 821 2806 Ἐναντίοι,
857 2738 935 2810 φησί
978 2731 1151 2818 (Zoilusl),
1187 2734 1276 2810 λέγει

82 2841 184 2918 ἑαυτῷ
217 2838 230 2899 ὂ
260 2835 407 2914 ’Ὀμκρος
443 2837 472 2898 ἕν
497 2839 553 2913 μὲν
578 2839 639 2914 γοὶρ
667 2837 776 2902 ’ίλιοὶδι
803 2839 942 2916 παρνῖγει
966 2838 1017 2901 τὸν
1044 2837 1200 2903 Ὀδυσσέα
1225 2840 1277 2904 σύ-

83 2969 203 3009 πτοντα
239 2943 290 3006 καί
324 2943 394 3012 τοὺς
426 2944 519 3018 μηδὲν
552 2945 636 3024 αὐτῷ
668 2945 873 3023 προσήκοντας
905 2952 963 3008 τῶν
987 2953 1197 3023 στρατιωτῶν·
1224 2982 1278 2996 --

84 3053 138 3115 καὶ
171 3057 275 3114 ταῦτα
300 3052 390 3114 ποιῶν
416 3048 538 3113 ἔπειθεν.
567 3051 699 3114 ἐνταῦθα
724 3052 755 3114 δὲ
780 3051 845 3115 οὐδὲ
871 3059 929 3116 τῶν
954 3052 1032 3116 ἱδὶοιν
1057 3051 1165 3134 ἄρχειν
1190 3054 1278 3118 δύνα-

84 3183 157 3241 ται,
191 3161 223 3221 οὐ
253 3158 315 3234 γὰρ
347 3159 430 3236 αὐτῷ
463 3158 617 3221 πείθονται
642 3159 807 3221 ἀποπλεῖν.
834 3164 1010 3236 στρατηγοῦ
1035 3158 1066 3223 δέ
1092 3160 1157 3223 ἐστι
1182 3166 1277 3224 κακοῦ

84 3267 120 3329 τὸ
146 3265 417 3342 καταφρονεῖσθαι.
446 3263 515 3327 οὔτε
540 3258 588 3327 οὖν
613 3264 717 3339 λέγειν
741 3264 831 3336 δεινὸς
858 3262 890 3338 ἦν
915 3265 1027 3350 (ἔπειθε
1051 3266 1115 3344 γὰρ
1135 3266 1188 3352 ἄν)
1207 3268 1278 3348 οὔτε

84 3370 156 3449 δόξρ
180 3371 300 3446 μέγας,
328 3372 343 3432 ε’
353 3370 456 3434 δέδιε
480 3370 569 3447 γοὶρ.
594 3370 663 3434 οὔτε
689 3372 749 3453 μὴν
769 3372 924 3455 χρηστός,
946 3374 1113 3452 ᾑροῦντο
1136 3375 1209 3452 γοὶρ.
1225 3375 1280 3459 (Q)

86 3480 227 3544 Dixisset
255 3477 368 3542 saltem
400 3478 502 3540 ἐδεδίει
535 3477 606 3555 γοὶρ.
656 3477 718 3542 Sed
742 3499 842 3561 neque
865 3479 925 3543 hcc
950 3500 1079 3555 verum,
1107 3482 1277 3565 (nusquam

82 3588 173 3651 enim
219 3586 252 3647 in
294 3583 435 3648 Homero
474 3584 511 3647 de
555 3583 651 3648 Ulixe
691 3582 825 3650 Ciconas
860 3592 1023 3650 metuente
1058 3607 1160 3652 sermo
1198 3593 1279 3671 est),

118 3819 147 3881 l)
171 3817 232 3865 'Pota
254 3817 411 3880 Etymolcgici
434 3823 491 3866 nota
514 3819 547 3866 sic
569 3814 592 3866 sc
617 3819 704 3869 habet:
725 3822 849 3881 Asrpdc·
871 3820 884 3867 δ
903 3818 984 3882 ὑγρός.
1004 3823 1168 3885 Καλλίμαχος
1189 3821 1281 3885 »διερὴν

77 3903 102 3956 δ’
122 3906 278 3955 ἀπεσείσατο
296 3901 416 3969 astons:
435 3933 461 3940 -
484 3906 588 3967 λέγεται
607 3905 679 3970 διερός
699 3910 740 3958 καί
759 3910 772 3957 δ
791 3907 836 3971 ζοὶν
855 3913 881 3959 'cs
900 3911 1071 3971 μιταλῆψευς.
1097 3912 1201 3975 Ὅμηρος
1221 3913 1280 3963 »οὐκ

76 3995 133 4048 trt'
159 3990 229 4052 οὗτος
255 3996 310 4059 ἀνὴρ
336 3995 408 4059 διερὸς
435 3992 555 4058 βροτός,”
582 3997 700 4047 τουτέστι
724 3996 768 4061 {ss
794 4002 835 4048 καί
855 4006 994 4063 ἐρρωμένος,
1018 3996 1161 4060 Ὀδυσσείας
1182 3999 1211 4065 ζ’
1233 4007 1278 4070 (vs.

76 4092 152 4154 201).
182 4089 205 4134 οἱ
227 4088 275 4147 γὰρ
300 4084 387 4148 ζῶντες
412 4085 492 4150 ὑγροί.
514 4084 566 4136 αὖοι
592 4087 618 4135 δὲ
639 4091 662 4137 οἱ
678 4089 813 4146 τεθνεῶτες.
836 4093 900 4152 παρὰ
919 4093 949 4139 τὸ
970 4089 1049 4140 διαὶνιι
1069 4094 1098 4140 τὸ
1118 4091 1221 4154 ὑγραίνω
1239 4090 1280 4154 γί-

76 4195 151 4229 νεται
177 4175 269 4240 διαρός.
293 4178 323 4233 οἱς
345 4178 428 4237 μιαίνει
454 4180 550 4239 μιαρός,
583 4180 682 4227 λιταίνω
710 4183 822 4237 λιπαρός,
848 4180 889 4228 καί
915 4187 992 4246 τροπῇ
1012 4180 1093 4243 διερός.
1116 4191 1189 4247 Διερῷ
1211 4184 1280 4242 ποδί,

46 4320 51 4327 ,
75 4265 231 4323 Ὀδυσσείας
251 4266 276 4325 ι’,
292 4273 458 4329 μεταφορικῶς
478 4272 511 4330 τῇ
530 4267 579 4326 νιρὶ·
602 4269 643 4316 καί
661 4270 709 4330 γδιρ
734 4269 793 4326 ἁλὸς
812 4272 900 4327 ἵππους
920 4273 966 4321 τὰς
987 4275 1042 4328 ναῦς
1062 4271 1138 4322 καλεῖ
1155 4283 1280 4337 τροπικῶς,

74 4365 101 4412 ρί
118 4357 162 4416 δέ,
183 4363 220 4420 τῷ
240 4353 289 4416 ὀξεῖ
305 4359 346 4406 καὶ
365 4361 457 4420 ταχεί
482 4355 496 4412 ll
516 4356 552 4421 τῷ
573 4359 712 4423 θαλασσίῳ·
732 4357 805 4421 διερὸν
824 4361 872 4421 γαρ
894 4365 1004 4424 χλιιρόν,
1023 4363 1191 4425 βεβρεγμένοι.
