2978 4950
193 124 256 170 non
286 102 522 170 accuratissime
553 104 678 188 scriptis
707 104 866 191 editisque
895 111 960 171 tam
991 128 1061 175 raro
1083 112 1118 175 in
1141 108 1194 176 his
1216 116 1383 198 peecatum

192 232 268 276 esse.
293 209 377 276 Nam
396 214 521 295 praeter
539 215 684 275 nostrum
704 208 811 275 locum
832 218 865 277 et
884 238 903 276 ν
926 212 1002 293 495,
1020 215 1060 283 de
1076 237 1139 303 quo
1162 219 1279 304 inipeo
1289 218 1385 287 huius

193 317 417 404 disputationis
440 318 575 382 introitu
597 317 642 400 (p.
655 313 704 399 6.)
725 321 870 383 accurate
888 321 1026 406 egimus,
1046 326 1131 388 etin
1150 326 1388 393 vicinianostra

192 450 215 504 γ
242 424 307 492 106
329 426 372 511 (p.
400 421 481 501 130,
507 420 558 507 3),
578 442 673 507 quem
696 426 898 489 restituimus
921 428 953 489 in
978 425 1156 496 Observatt.
1180 452 1210 517 p
1237 430 1295 510 38,
1314 456 1384 519 qao

193 538 261 596 tuor
281 537 407 595 tantum
429 535 588 615 praeterea
608 526 686 593 locis
706 528 772 608 περὶ
792 535 825 594 et
847 532 930 608 ταρὰ
944 533 1072 600 confusa
1084 536 1296 621 deprehendi,
1308 558 1387 623 quae

189 658 274 703 nunc
304 640 339 701 in
371 644 552 702 transcursu
583 633 740 698 indicabo.
788 633 924 701 Initium
954 638 1109 706 faciamus
1139 642 1268 709 alibro
1292 664 1331 710 eo
1353 647 1385 708 in

191 762 254 829 quo
284 764 367 808 nnnc
396 761 561 807 versamur
590 762 613 816 γ
646 736 720 816 171,
754 740 809 804 ubi
841 742 926 826 quod
956 746 1042 830 apud
1064 745 1246 814 Homerum
1269 748 1385 815 Nestor

191 848 292 914 dixit:
329 847 346 923 ή
381 846 550 927 καθύπερθε
585 845 664 910 Χίοιο
699 846 839 922 νεοίμεθα
873 851 1128 936 παιπαλοέσσης,
1159 855 1178 929 ΙΙ
1209 856 1301 930 νήσου
1334 856 1384 921 1σ1

191 956 323 1035 Ψυρίης,
359 956 455 1029 αὐτήν
491 954 541 1017 ἐτ’
572 950 705 1032 ἀριστέρ’
737 952 862 1032 ἔχοντες
894 957 941 1021 ita
970 957 1148 1043 explicatur
1177 963 1213 1026 in
1244 961 1298 1029 M:
1329 966 1383 1037 τήν

192 1062 261 1128 Χίον
295 1063 343 1126 ἔτ’
374 1059 530 1140 οὶρνστερά.
559 1060 627 1123 ἀντὶ
659 1062 713 1123 τοῦ
745 1059 834 1137 περὶ
869 1068 955 1137 νήσου
980 1065 1105 1143 Ψυρίαν.
1154 1066 1241 1135 Luce
1265 1068 1384 1136 clarius

190 1174 254 1247 est,
289 1171 395 1253 priora
425 1169 580 1253 pertinere
602 1165 641 1232 ad
664 1167 761 1239 αὐτήν
785 1167 1030 1252 explicandum,
1055 1177 1127 1236 tum
1152 1174 1225 1239 inde
1249 1176 1292 1242 ah
1314 1178 1382 1241 ἀντὶ

98 1266 106 1281 '
190 1277 245 1340 τοῦ
276 1277 330 1362 agi
361 1274 534 1339 dererbis
564 1270 744 1337 Homericis
774 1274 955 1347 vrisovici
988 1278 1110 1356 Ψυρίης.
1157 1278 1229 1347 Hoc
1260 1302 1385 1369 quoqne

190 1391 336 1467 apparet,
359 1382 476 1445 iterum
500 1378 563 1443 duo
587 1379 696 1442 brevia
721 1377 847 1445 Scholia
870 1383 904 1444 in
928 1402 1029 1446 unum
1055 1382 1226 1464 coaluisse,
1252 1386 1384 1455 alterius

189 1486 343 1554 lemmate
362 1489 493 1562 omisso,
511 1488 619 1569 itaque
632 1484 863 1549 emendandum
877 1507 961 1551 esse:
975 1493 1029 1560 τήν
1045 1493 1114 1554 Χίον
1124 1488 1177 1555 ἔτ’
1190 1496 1349 1573 discerpe.
1363 1530 1383 1547 -

189 1595 323 1678 (νήσου
355 1593 420 1658 tri
449 1593 633 1673 scitne:
663 1590 732 1654 cirri
759 1596 812 1655 τοῦ
833 1594 942 1672 ταροὶ
967 1602 1054 1669 νήσου
1076 1598 1212 1681 Ψυρίαν,
1234 1605 1276 1665 ut
1297 1608 1381 1667 reete

190 1704 345 1786 seriptum
377 1712 425 1766 est
457 1702 491 1763 ln
517 1696 620 1778 HQR,
646 1701 734 1771 νήσου
758 1698 808 1762 ἐπὶ
834 1701 964 1778 lopiac:
989 1701 1058 1766 αντὶ
1083 1707 1138 1767 τοῦ
1161 1706 1274 1784 ταρὰ
1297 1714 1382 1781 νήσου

190 1809 327 1888 Ψυρίαν,
352 1810 390 1877 ὥς
416 1806 561 1883 ,Ὄσσαν
584 1801 636 1868 ἐτ’
661 1806 817 1885 Ὀλύμπῳ
840 1805 1007 1882 pluerat?
1028 1814 1079 1887 (λ,
1103 1807 1196 1889 314),
1217 1832 1302 1897 quae
1320 1832 1381 1879 nou

190 1917 298 1981 minus
329 1912 412 1978 belle
434 1914 617 1996 comparata
641 1917 715 1975 sunt
739 1931 834 1996 quam
859 1915 1018 1998 exposita,
1042 1918 1101 1980 etsi
1125 1914 1227 1982 nihilo
1250 1918 1382 1985 meliora

190 2020 259 2087 loco
291 2023 360 2106 ipso
391 2020 444 2086 hic
475 2018 572 2084 allato
602 2017 655 2100 (λ,
680 2016 759 2097 313)
790 2016 943 2102 leguntur
972 2022 1004 2084 in
1036 2018 1165 2088 Scholio
1195 2021 1379 2093 Harlsiano.

190 2126 309 2193 llladem
331 2146 393 2192 non
416 2127 485 2190 sine
508 2121 684 2208 multiplici
707 2123 879 2189 infortunio
903 2126 952 2190 his
975 2126 1071 2192 habet
1088 2127 1114 2192 Τ
1134 2131 1176 2215 (p.
1193 2127 1259 2195 746
1273 2133 1378 2221 App),

189 2235 278 2320 prius
300 2239 333 2299 et
355 2233 472 2297 omisso
497 2231 600 2308 ταρὰ,
624 2229 658 2293 iu
682 2248 743 2313 quo
767 2229 921 2295 vocabulo
945 2238 1031 2298 totus
1051 2236 1097 2298 rei
1115 2235 1377 2315 carceraretur,

189 2348 223 2407 et
244 2343 282 2414 ὥς
319 2336 338 2404 ὅ
344 2363 418 2403 ταν
455 2337 504 2401 ἐπ’
530 2334 688 2413 Ὀλύμτρ
712 2333 816 2434 lepide
840 2340 960 2421 scripto
983 2360 1039 2423 pro
1062 2340 1101 2411 dr
1127 2344 1304 2419 ,Ὄσσαν
1329 2344 1376 2409 δι’

189 2444 383 2529 ’ολύμτῳ,”
418 2466 454 2509 ac
489 2441 601 2507 deinde
634 2460 754 2505 novum
789 2441 828 2506 de
863 2443 974 2508 eadem
1005 2466 1039 2510 re
1069 2444 1220 2514 Scholion
1249 2451 1375 2536 insipit:

190 2553 336 2629 Ἀλκμὰν
363 2586 382 2600 ·
396 2586 416 2601 -
430 2586 449 2599 -
470 2549 613 2626 ἄγοντες.
634 2544 674 2633 (l)
693 2548 706 2610 ὃ
727 2547 758 2611 δὲ
778 2545 871 2625 λόγος
892 2550 981 2628 περὶ
1002 2560 1087 2626 νήσον
1108 2556 1237 2632 suptar.
1262 2554 1375 2621 Immo:

187 2662 201 2726 ὃ
234 2660 265 2725 δὲ
297 2660 388 2738 λόγος
416 2664 538 2739 (sensus
561 2657 639 2738 est),
665 2655 773 2732 ταροὶ
797 2664 883 2729 νήτον
907 2661 1039 2743 Ψυρίαν,
1065 2665 1101 2724 ut
1123 2664 1240 2726 caeteri
1262 2662 1460 2729 habnt..-

188 2787 306 2833 omnes
333 2803 374 2815 -
399 2764 520 2829 lterum
552 2761 661 2826 eadem
694 2761 835 2826 conlusio
866 2767 1005 2829 cernitur
1028 2766 1060 2829 in
1084 2765 1275 2855 longissimo
1298 2768 1373 2835 Por·
1424 2800 1462 2813 -

185 2874 295 2960 phyrii
329 2870 455 2937 Scholio
489 2891 527 2933 er
562 2864 732 2931 Heraclide
764 2867 895 2934 Pontico
926 2870 1093 2956 desumpto
1127 2873 1166 2938 ad
1190 2899 1205 2938 ν
1231 2873 1316 2954 119,
1338 2875 1469 2940 dee

187 3000 248 3066 quo
280 2985 312 3044 et
342 2976 479 3043 (lohetus
513 2973 548 3038 V.
575 2971 623 3038 cl.
656 2972 769 3037 multis
792 2973 970 3059 disputarit
995 2998 1030 3042 ac
1054 2979 1135 3043 mihi
1159 3000 1286 3066 quoque
1308 2978 1474 3069 poet-³l

185 3085 346 3174 agendum
376 3086 453 3165 erit,
483 3101 566 3145 nunc
598 3081 656 3144 hoc
688 3099 789 3143 unum
813 3087 961 3168 tangam,
987 3094 1149 3149 auctorem
1173 3107 1235 3151 non
1260 3088 1479 3153 ominosa

185 3192 344 3257 κάνταῦθα
369 3194 425 3265 μὲν
449 3187 496 3251 δεῖ
518 3189 632 3265 θεωρεῖν
657 3187 767 3264 ταρὰ
791 3187 823 3250 τί
842 3211 916 3251 τοτε
938 3190 992 3261 τήν
1013 3191 1189 3269 ἀπολογίαν
1209 3196 1481 3272 coccinatos*

183 3302 227 3386 (p.
253 3297 329 3375 565,
354 3296 400 3378 2),
423 3294 478 3360 sed
502 3293 589 3370 τερ)
614 3293 653 3355 ri
661 3316 735 3363 νος.
761 3330 802 3341 -
827 3291 944 3360 Contra
964 3296 996 3359 in
1019 3299 1188 3381 vicinia‚v
1216 3300 1299 3379 142,
1321 3300 1408 3366 uhi·
1418 3288 1487 3355 (λὶ

184 3406 225 3472 ad
254 3404 338 3470 lovis
363 3402 459 3467 verbe
482 3401 630 3485 Neptuno
654 3399 692 3464 de
715 3401 833 3465 iniuria
856 3405 999 3485 querenti
1023 3404 1258 3489 respondentis:
1279 3416 1487 3488 zare-²⁵·

185 3513 242 3578 τὸν
272 3510 304 3575 δέ
328 3533 378 3573 κεν
401 3508 464 3584 εἴη,
490 3511 506 3590 ΙΙ
532 3505 746 3584 πρεσβύτατον
770 3508 822 3569 καὶ
846 3505 968 3585 ἄριστον
993 3510 1153 3589 οὶτνμίήσνν
1176 3511 1300 3577 νὀὶλλενν
1323 3513 1487 3578 oh-Gl·

185 3623 329 3683 servatur
348 3618 382 3679 in
402 3613 483 3693 HQ:
505 3616 592 3677 τοῦτο
613 3611 756 3687 μάλιστα
778 3615 925 3677 Ποσειδῶν
945 3614 1106 3699 aivitiae,
1127 3617 1245 3697 rotza
1269 3619 1297 3685 δ’
1314 3619 1376 3685 ὅτ.
1430 3629 1484 3670 ‘¹

185 3724 237 3789 καὶ
269 3721 540 3801 τεροτσριφθήναν
572 3718 665 3783 αὐτὸν
697 3720 750 3782 ὑπ’
781 3717 905 3803 ἄλλων,
939 3722 998 3800 οὐχ
1025 3721 1075 3785 ὑπ’
1097 3723 1215 3787 ἐκείνων
1236 3724 1306 3810 ἔδει,
1328 3714 1477 3792 ἰὶλὲὒῑ

184 3832 286 3918 igitur
305 3836 336 3893 et
356 3828 604 3906 τεροτερφθήναν
625 3845 809 3910 perversum
828 3832 877 3890 est
897 3833 929 3890 et
949 3830 1049 3893 oratio
1068 3828 1256 3897 inconcinna
1268 3839 1300 3899 et
1311 3839 1471 3899 totns·

183 3938 361 4002 observatio
385 3955 459 4000 cum
482 3930 614 3997 Homeri
632 3931 750 4004 verbis,
772 3951 851 4015 quae
871 3934 900 3996 ei
920 3932 1083 3999 lemmatis
1104 3934 1172 4003 loco
1184 3942 1458 4025 praescript==³

183 4049 276 4127 sunt,
307 4063 369 4106 non
393 4038 534 4105 multum
556 4037 652 4102 hehet
676 4058 856 4103 commune.
904 4037 1016 4124 ltaque
1040 4042 1229 4109 retrahenda
1251 4048 1312 4111 erit
1333 4030 1450 4111 sd
