2978 4950
674 252 739 327 229

126 446 293 538 >Libyae
316 453 446 520 ovibus:
470 453 532 534 τρὶς
558 454 622 533 γὰρ
646 453 743 517 τίκτει
768 459 857 528 μῆλοι
881 451 1067 531 τελεσφόρον
1088 453 1131 527 εἷς
1152 452 1299 520 ἐνιοιοτόν.

126 556 136 621 l
190 558 270 624 haec
298 561 332 624 in
363 558 578 626 HM'oritica
608 565 684 624 uota
707 559 841 645 legitur,
868 559 1042 624 Aristonici
1066 565 1194 645 putem:
1220 563 1299 634 τινὲς

126 665 236 734 καίοι
269 665 425 747 γρόφοιισι
456 666 522 744 „tls
547 667 610 745 γὰρ
635 664 760 730 τόκτει”.
787 670 865 736 τῶς
889 665 970 743 γὰρ
994 664 1074 730 ital
1082 690 1097 729 ν
1120 690 1157 730 τι
1181 665 1300 743 λέγει

126 768 157 848 p?
211 778 266 836 τῶν
297 773 327 836 ἓν
358 783 396 855 τῇ
428 777 515 857 χῶροι
546 773 729 858 spolicium
761 770 805 836 At
836 772 896 837 hoo
926 775 1071 857 ineptum
1100 778 1165 855 est,
1189 793 1300 860 rogare

126 878 267 944 omodo
296 878 463 945 Menelaus
491 879 612 966 aliquid
642 882 718 945 novi
748 879 854 943 narret
886 877 925 944 de
954 879 1050 943 huius
1073 880 1212 966 regionis
1234 881 1301 945 ovi·

126 1000 173 1058 s,
214 1021 254 1033 -
278 991 385 1050 narret
415 988 517 1057 enim.
546 994 587 1034 -'
611 991 706 1070 atque
729 988 763 1049 in
788 986 947 1049 neminem
971 985 1093 1058 εὐήθειοι
1115 984 1300 1050 huiusmodi

126 1088 219 1154 haus
246 1090 333 1156 cadit
363 1112 459 1176 quam
492 1095 526 1156 in
556 1091 789 1157 Aristarchum.
838 1092 882 1156 Aa
904 1111 1014 1156 sensus
1037 1092 1105 1155 sine
1127 1091 1225 1156 dnbio
1247 1091 1301 1156 hio

126 1199 157 1258 t:
209 1197 366 1282 quomodo
392 1197 474 1263 illud
505 1198 553 1282 (τὸ
584 1198 641 1270 δὶς
671 1197 798 1283 τίκτειν)
824 1198 900 1263 novi
923 1196 999 1282 quid
1024 1196 1146 1262 dictum
1170 1205 1243 1261 creet
1266 1216 1302 1262 ac

126 1298 235 1387 byae
256 1301 441 1391 singulare?
474 1303 687 1384 Quamobrem
712 1304 862 1392 legerim:
887 1309 950 1376 τῶς
976 1303 1040 1384 γὰρ
1064 1302 1122 1390 (όν
1145 1306 1205 1383 ὡς)
1228 1300 1301 1367 locu

139 1421 177 1472 λ
193 1408 283 1488 lysi
307 1409 454 1489 περὶτῶν
479 1411 508 1476 ἑν
533 1420 571 1494 τῇ
596 1411 683 1494 χῶρρι
707 1409 888 1495 apolloinem

131 1604 309 1698 Sequitur
327 1614 469 1681 scholion
489 1614 528 1679 ad
547 1611 733 1693 τελεσφόρον
756 1615 799 1684 εἰς
823 1613 960 1678 όνιοιντόν
983 1616 1017 1678 in
1039 1612 1142 1689 QTV:
1163 1612 1301 1678 διόλου

126 1735 148 1775 ιι
165 1720 307 1785 atra!
337 1723 410 1785 εἰσιν
434 1721 467 1785 ci
492 1721 600 1803 μονοιό,
624 1725 683 1799 οὐχ
706 1722 743 1791 ὦς
777 1722 850 1799 παρ’
875 1723 948 1796 ἡμῖν
973 1720 1053 1800 μόνςο
1076 1722 1118 1800 τῷ
1146 1714 1200 1797 ἦρι.
1226 1720 1302 1805 [ria-

126 1827 240 1916 ccea]
271 1824 336 1891 (tur
366 1826 450 1891 letus
481 1827 556 1890 talea
585 1828 667 1904 sint,
698 1847 759 1891 non
789 1830 838 1891 est
861 1825 1036 1891 admodum
1061 1824 1153 1890 facile
1176 1832 1303 1910 repertu

126 1944 212 2008 que
230 1934 334 2019 magis
352 1953 410 1998 our
428 1932 545 1997 omnino
568 1931 691 2016 (διόλου)
710 1931 790 1997 tales
810 1934 885 2016 sint,
898 1930 1006 2017 quales
1018 1952 1111 1996 nemo
1123 1931 1302 2017 intelleget.

166 2032 212 2098 V
244 2044 292 2103 est
315 2040 432 2103 ἄλλοτε
453 2037 560 2117 ἄλλοι,
581 2039 598 2114 ἢ
619 2039 717 2103 διόλου
737 2039 832 2102 οὑτοιὶ
857 2052 927 2102 κτλ.
954 2037 1125 2122 eademque
1148 2038 1245 2103 verba
1268 2040 1302 2101 in

133 2139 287 2209 adsunt
318 2144 442 2211 Priora:
467 2143 583 2211 ἄλλοτε
606 2142 695 2210 ἄλλοι
713 2145 827 2210 itidem
847 2144 988 2233 glossam
1009 2143 1110 2208 habeo
1133 2141 1172 2210 ed
1196 2149 1302 2209 totum

126 2262 241 2314 rsurn
264 2254 494 2338 pertinentem,
515 2272 577 2317 non
598 2252 771 2318 admodum
793 2259 920 2317 acutam
939 2250 1029 2315 illam
1052 2272 1109 2315 nec
1132 2249 1301 2328 disertam,

126 2348 226 2423 lude
243 2356 367 2443 reliqua
389 2361 435 2424 ita
459 2364 552 2423 erunt
576 2358 779 2447 corrigenda:
805 2358 850 2423 δι’
874 2357 965 2422 daco
989 2360 1058 2421 τοῦ
1084 2358 1303 2441 (ἑνι)οιιτοῦ

156 2479 252 2528 nam
284 2463 454 2552 explicatio
486 2470 535 2529 est
563 2465 601 2529 ad
626 2465 722 2530 verba
745 2463 930 2545 τελεσφόρον
955 2465 997 2536 εἰς
1023 2463 1157 2528 ἐιιοιντόι
1181 2485 1305 2549 voxque

126 2573 251 2634 κυτοῦ
279 2570 331 2637 vel
353 2570 425 2637 ideo
450 2571 558 2636 abesse
580 2573 690 2656 nequit
716 2571 804 2657 quod,
822 2573 851 2636 ei
874 2577 1002 2636 tentum
1026 2577 1109 2636 recte
1132 2582 1306 2656 opponetur

126 2688 187 2749 *qo
219 2679 259 2756 τῷ
284 2675 349 2755 ἦρι,
377 2716 418 2764 -Ι
444 2676 518 2742 εἰσὶν
543 2679 576 2741 al
601 2680 708 2754 γονιιί,
735 2680 794 2759 οὐχ
817 2681 854 2749 ὠς
880 2684 953 2756 παρ’
978 2681 1051 2754 ἡμῖν
1076 2676 1156 2757 μόνῳ
1179 2679 1221 2757 τῷ
1241 2672 1303 2754 ἦρι,

126 2791 138 2836 ³
178 2784 273 2849 1nihi
292 2783 440 2870 displicet
456 2783 539 2869 quod
563 2806 637 2850 cum
657 2783 683 2846 V
703 2783 959 2872 Hamburgenais
981 2785 1016 2848 in
1040 2785 1129 2848 exitu
1152 2784 1305 2849 τίκτουσιν

126 2880 253 2974 ritus,
284 2911 346 2956 non
376 2911 522 2978 perverse
546 2891 674 2975 quidem
699 2891 879 2967 adiectum,
904 2890 958 2955 sed
982 2891 1030 2954 ita
1052 2898 1090 2954 ut
1113 2888 1217 2955 multo
1242 2889 1304 2955 ele·

126 2994 245 3063 atius
267 2998 359 3063 absit.

128 3194 187 3287 δ,
219 3207 270 3275 93.
295 3209 377 3277 Eece
400 3213 516 3277 iterum
541 3214 684 3277 criticam
710 3210 889 3276 Aristarchi
912 3233 950 3277 ex
973 3209 1154 3278 Aristonico
1177 3216 1302 3277 notam:

152 3330 252 3380 ’τισιν
285 3317 343 3381 ὑτό
376 3321 481 3382 τοῦτον
513 3319 642 3398 Φόρετοιι
666 3318 796 3398 στίχος·
823 3317 910 3396 „otte
933 3343 963 3382 τι
987 3316 1191 3397 βουλόμενος,
1216 3317 1304 3382 &aad

126 3430 260 3502 “reptio
285 3423 337 3489 ὑπ’
361 3423 532 3502 οἱνόγκιρς”,
555 3426 694 3503 γελοίως.
720 3423 812 3495 οὐδεὶς
838 3425 916 3505 γὰρ
941 3424 1023 3501 μετόι
1046 3425 1187 3502 dodrans
1208 3424 1305 3489 οὶνοόσ·

126 3536 131 3576 ¹
171 3532 367 3610 χρημάτων.
391 3532 425 3596 τό
449 3533 527 3611 γὰρ
552 3531 759 3612 προειρημένον
783 3531 883 3595 ἱκοονόν
908 3528 975 3611 ἔχει
999 3537 1074 3595 νοῦν.
1103 3531 1240 3617 (HMQ.)
1266 3529 1303 3593 In

126 3640 158 3687 fl
178 3680 196 3715 ,
225 3639 372 3722 quamvis
394 3638 446 3704 vel
476 3639 560 3724 apud
589 3645 731 3704 auctores
759 3636 936 3726 elegantiae
961 3640 1067 3725 magis
1093 3638 1250 3703 studiosos
1273 3637 1307 3701 in

126 3734 240 3808 *abus
264 3748 431 3811 sententiis
453 3748 561 3811 statim
587 3767 622 3811 ee
646 3745 889 3829 exsequentibus
913 3747 1096 3831 saepissime
1120 3745 1169 3808 his
1192 3744 1307 3828 repeti·

126 3853 173 3902 ¹¹¹
221 3853 400 3918 inveniatur
427 3851 509 3936 γάρ,
543 3858 648 3917 tamen
680 3852 732 3915 hio
762 3851 936 3916 secundum
967 3851 1030 3931 γάρ
1061 3847 1306 3936 argumentandi

126 3943 244 4026 libus
277 3958 437 4023 adversari
473 3958 554 4023 mihi
590 3958 727 4023 videtur.
779 3957 851 4022 Non
886 3959 990 4041 enim,
1026 3958 1163 4042 poectum
1197 3950 1334 4022 versus

126 4062 303 4128 ancedeus
323 4063 362 4129 ad
382 4064 572 4129 sententiam
592 4064 669 4128 satis
681 4062 952 4147 estnequealium
967 4065 1200 4148 perspicuitatis
1212 4082 1307 4127 cansa

126 4166 267 4253 quirit,
301 4170 373 4236 ideo
405 4192 515 4236 versus
545 4170 601 4235 ille
632 4170 795 4235 abundans
826 4171 954 4246 γελοίοις
986 4170 1146 4235 abundare
1170 4170 1303 4234 dicetur.

126 4275 233 4347 “que
264 4298 319 4363 pro
354 4277 489 4344 seeundo
523 4276 587 4355 γὰρ
623 4282 696 4342 aut:
732 4277 766 4341 τό
798 4276 835 4341 δὲ
861 4276 1067 4356 τροιιρκμένον
1091 4276 1185 4360 (acci)
1206 4277 1307 4340 ἱκοινόν

126 4386 182 4442 6⁶¹
225 4386 285 4446 νοῦν
319 4384 534 4469 reponendum
571 4387 635 4455 est,
662 4419 703 4431 -
728 4382 791 4460 γάρ
825 4388 857 4448 et
892 4383 923 4448 u
959 4385 993 4447 in
1024 4385 1138 4448 nostris
1169 4382 1208 4447 de
1237 4381 1306 4447 loco
