2978 4950
655 238 665 257 .
713 135 778 231 ooo

145 378 232 422 nuno
268 356 400 423 demum
435 357 468 420 in
505 356 609 441 aprico
640 377 708 422 esse
738 359 852 442 potest.
901 353 1129 435 Quaestionum
1159 352 1343 419 auctoribus

145 461 366 530 artificiosiora
396 460 579 548 placabant:
613 461 736 544 Κινύρου
768 459 969 532 ύπούοινίνπσς
994 461 1128 540 Δμύπωρ
1153 458 1342 537 ἐβασίλευσε

145 569 278 651 Κύπρου.
318 570 335 644 ἣ
367 568 433 635 οὐδὲ
463 568 580 649 είρηποιι
613 571 627 634 ί
659 568 789 651 Κινύρας
823 568 853 632 ἐν
886 566 997 633 Ἰλιοίδι
1021 564 1144 646 Κύπρον
1167 563 1340 644 βοισιλεύς,

143 679 236 743 οίλλύι
261 677 390 757 Κύπριος
416 675 535 747 danus.
566 675 646 764 (BQ)

194 916 226 974 ρ,
252 889 329 957 465.
377 890 471 957 Ἀλλ’
496 892 593 956 σ’κίων
618 892 718 967 κίνησε
738 889 827 970 κούρης
850 888 1017 969 σίκεύνπως,
1050 886 1195 978 ἡσύχως,Ι
1212 891 1341 972 aposta

146 1001 185 1085 (i.
211 1020 238 1065 o.
261 997 462 1074 clanculum,
483 1004 520 1062 ut
541 997 606 1064 fere
625 1019 686 1064 non
704 998 884 1084 appareat)·
906 996 1036 1076 λέγεται
1056 997 1118 1078 γὰρ
1137 997 1187 1062 ἐπί
1202 994 1340 1078 προίξεως

145 1105 183 1171 sd
208 1106 323 1190 οὶκίων,
347 1106 401 1169 ούκ
424 1106 472 1169 οέεί
498 1105 548 1169 ε’πὶ
573 1112 671 1188 φωνῇ.
697 1104 756 1189 (Η)
780 1103 985 1191 Legendum:
1007 1103 1138 1184 λίγεποιι
1158 1104 1222 1185 γὰρ
1246 1104 1341 1191 (sal)

146 1211 200 1277 ἐπὶ
226 1209 364 1294 προίξεως
388 1212 422 1276 sd
447 1211 560 1290 οὶκέων,
588 1214 642 1278 ούκ
665 1212 715 1276 ύεί
739 1211 790 1276 ἐπὶ
815 1217 959 1292 Φωνῆς.

195 1446 229 1502 ρ,
244 1419 321 1487 581.
349 1422 511 1488 Eumaeus
523 1422 564 1488 ad
576 1420 754 1508 Penelopen
768 1422 807 1488 de
819 1421 914 1488 Ulixe
927 1423 967 1488 ad
979 1443 1048 1488 eam
1062 1423 1170 1488 venire
1183 1424 1341 1487 cessante:

285 1529 427 1606 ρουύείποιι
453 1530 537 1594 κριτοὶ
560 1537 688 1614 μιῖριιν,
713 1526 792 1607 ι’ίπερ
817 1529 846 1592 κ’
874 1527 961 1594 οίοιπο
987 1527 1038 1594 aa>
1065 1527 1182 1602 ἄλλος,
1231 1611 1234 1619 ⁸

286 1632 372 1715 ὕβριν
396 1637 580 1718 ύλοσκιίζων
603 1638 714 1716 ἀνδρῶν
740 1635 1001 1715 ὑπερηνορεόντων.

144 1740 293 1806 Varietas
316 1742 462 1808 lectionis
485 1744 589 1808 datur·
603 1746 636 1808 in
660 1764 723 1808 uno
747 1743 780 1808 Η
806 1745 851 1828 (et
874 1743 1030 1809 Laroehio
1054 1747 1181 1809 auctore
1200 1741 1340 1808 inVind.

147 1845 248 1927 133):
281 1847 310 1912 ἔν
341 1856 404 1921 τοῖς
434 1849 591 1919 πλείστοις
616 1846 691 1925 ύλην
718 1848 914 1931 ύλνσκιίζων.
961 1840 1045 1925 Quid
1068 1851 1103 1914 in
1128 1847 1204 1924 ύλην
1227 1847 1342 1915 lateret

145 1954 235 2019 viros
268 1953 376 2020 dootos
406 1957 510 2021 adhue
542 1957 625 2041 quod
650 1959 748 2045 sciam
773 1959 877 2022 torsit.
925 1953 1160 2040 „Corruptum”
1183 1975 1249 2020 esse
1272 1955 1342 2020 bre·

144 2062 233 2127 viter
256 2058 451 2148 significavit
474 2060 666 2128 Dindorfius.
690 2063 733 2128 ut
752 2062 942 2129 Laroohius:
965 2061 1062 2146 „quid
1082 2082 1139 2144 pro
1161 2056 1236 2135 ύλην
1257 2061 1341 2147 quod

144 2172 250 2232 metro
273 2168 446 2254 repugnat'
469 2169 515 2253 (et
539 2170 663 2246 sensui,
683 2170 806 2255 opinor)
829 2172 1006 2254 ‚scriptum
1026 2164 1341 2252 fueritnonliquet.”

143 2271 239 2338 Nihil
271 2273 418 2358 equidem
451 2277 484 2339 in
517 2282 664 2361 corrupta
693 2296 769 2341 voce
802 2275 890 2342 aliud
919 2274 1018 2341 latere
1042 2279 1153 2360 putem
1178 2294 1273 2360 quam
1297 2311 1340 2322 -

145 2377 200 2457 ύβ
208 2402 274 2459 ριν.
322 2378 368 2444 At
402 2381 479 2466 quid
509 2381 586 2459 hoa,
618 2384 742 2467 inquiet
773 2382 944 2468 quispiam.
978 2382 1143 2447 varietatis
1167 2385 1230 2446 est:
1256 2377 1341 2461 ύβριν

143 2485 331 2567 ἀλυσκάζων
367 2507 424 2572 pro
458 2485 544 2566 ύβριν
576 2486 780 2568 ύλυσιιύζωνί
813 2489 884 2554 Non
917 2493 982 2572 est,
1011 2488 1126 2564 fateor,
1154 2487 1208 2552 sed
1233 2493 1341 2553 contra

142 2600 349 2677 reputemus,
383 2594 466 2678 quod
499 2593 587 2660 aliud
611 2597 850 2661 substantivum
876 2596 930 2659 hio
953 2592 1095 2660 locorum
1118 2593 1215 2659 fuisse
1239 2597 1338 2678 possit

145 2719 204 2785 pro
229 2696 326 2776 ύβριν.
351 2698 488 2765 Nullum
513 2704 706 2787 reperiemus
728 2700 889 2766 idoneum.
914 2701 957 2766 ut
980 2701 1103 2765 dixerat
1125 2698 1251 2765 Ulixes:

239 2805 328 2869 οξλλιὶ
353 2807 530 2887 μνηστήρων
553 2814 704 2888 χαλεπῶν
730 2808 872 2874 ὑποδείδι’
895 2802 1017 2890 ύμιλον,

241 2917 298 2975 πῶν
323 2908 437 2991 ὕβρις
463 2937 507 2978 πε
531 2914 600 2990 βίη
626 2939 669 2979 τε
693 2913 825 2993 σιδήρεον
849 2913 969 2995 ούριινδν
988 2911 1045 2978 ίκει
1065 2912 1142 2998 (vsa.
1159 2910 1232 2989 564,
1250 2910 1343 2996 565),

147 3015 191 3082 ad
223 3038 303 3102 quae
333 3031 441 3084 nostra
471 3027 577 3106 aperte
609 3020 792 3105 respiciunt.
840 3020 952 3106 Itaque
983 3022 1172 3085 varietatem
1203 3055 1244 3067 -
1270 3039 1341 3084 narn

148 3125 340 3189 varietatem
373 3127 532 3210 quandam
557 3128 664 3193 adesse
689 3132 811 3212 oportet
836 3165 876 3176 -
901 3128 1060 3213 pertinere
1083 3131 1193 3210 putem
1216 3145 1279 3190 non
1303 3124 1341 3191 ad

148 3229 389 3295 substantivum
421 3233 475 3297 sed
506 3232 545 3297 ad
576 3234 665 3299 verbi
697 3216 849 3298 formam:¹
875 3234 905 3297 ἐν
929 3240 992 3303 τοῖς
1016 3232 1173 3304 πλείστοις
1200 3230 1345 3312 »ὕβριν

147 3335 410 3401 ιίλυσκύΖΕΙΝ.”
456 3338 498 3403 ut
530 3337 727 3405 infinitivum
761 3345 937 3427 agnoscunt
961 3346 993 3405 et
1016 3337 1089 3405 Mu.
1113 3334 1344 3404 Barnesianum

147 3440 370 3523 (οὶλυσκιίζεινι
404 3445 568 3530 ἐκφυγεῖν)
600 3451 632 3511 et
664 3453 756 3512 vetus
781 3428 941 3533 Odysseae
966 3445 1062 3510 editio
1086 3444 1270 3511 Florentino
1295 3444 1346 3531 (F)

147 3549 234 3634 apud
276 3549 479 3615 Laroehium.
528 3551 653 3626 Quibus
689 3553 933 3618 auetoritatibus
969 3571 1043 3615 oum
1079 3572 1142 3616 non
1165 3549 1346 3636 plurimum

147 3655 337 3728 tribuerim,
368 3655 512 3720 multum
535 3656 620 3743 apud
643 3678 695 3723 me
720 3657 803 3723 valet
829 3660 930 3743 ipsius
954 3659 1118 3722 varietatis
1142 3658 1345 3743 praestantia,

147 3761 228 3826 adeo
255 3767 292 3825 ut
317 3781 387 3826 eam
412 3764 472 3827 etsi
496 3783 514 3827 a
537 3762 627 3827 nullo
650 3784 752 3848 neque
776 3763 884 3829 codiee
906 3783 1008 3848 neque
1033 3764 1205 3828 recentiore
1229 3761 1348 3827 editore

149 3869 297 3956 agnitam
321 3867 473 3955 vulgatae
497 3867 627 3933 lectiani
652 3870 691 3934 ab
716 3872 803 3934 omni
824 3874 913 3955 parte
933 3867 1169 3954 praeferendam
1191 3887 1348 3935 censeam.

151 3973 284 4060 Optime
315 3981 534 4060 opponuntur:
566 3976 709 4051 μυύεῖπωι
736 4014 776 4024 --
803 3973 889 4054 ὕβριν
921 3970 1108 4053 οὶλνσκύζειν
1143 3974 1178 4060 (i.
1204 3996 1234 4060 q.
1259 3973 1347 4051 λέγει

147 4081 206 4153 πίον
239 4079 325 4159 ὕβριν
356 4080 522 4157 ἐκκλίνειν,
557 4080 741 4160 ἐκφεύγειν,
774 4081 912 4161 δεδιέναι)
944 4087 976 4146 et
1006 4079 1117 4144 ύλλιί
1142 4104 1177 4145 σε
1200 4088 1347 4156 μεῖνιιι

150 4189 319 4265 ἄνωγεν.
347 4187 473 4252 Dicitur
497 4196 521 4251 Φ
548 4186 632 4252 462:
660 4190 712 4271 οὐκ
737 4185 774 4251 νίν
799 4211 839 4264 με
864 4187 1020 4269 σκύφρονοι
1038 4188 1188 4265 ρονύύσιοιο
1210 4187 1228 4259 ΙΙ
1252 4185 1349 4266 datae·
1411 4208 1415 4225 ¹

150 4318 221 4379 νοιι,
245 4300 341 4380 atque
364 4297 411 4360 ita
434 4314 577 4380 prorsus:
602 4295 747 4372 μυύείσιιι
771 4293 970 4376 ύλνσκιίζειν.
