2978 4950
653 218 695 288 81

10 418 14 456 ;
117 410 212 476 omittit
238 411 295 477 D.”
326 411 409 478 Mihi
443 418 549 477 autem
580 419 611 478 et
641 414 701 479 hoc
727 416 880 479 omissum
905 418 1112 478 correctorem
1136 434 1268 501 arguere

115 515 227 603 ridetur,
244 524 290 599 ,11
320 506 555 585 coniunctiones
585 521 625 585 oh
656 520 755 607 siglas
785 518 964 586 consimiles
995 519 1099 584 locum
1128 527 1269 586 mutasse

10 651 12 655 ·
113 624 160 687 iarn
190 628 218 690 in
250 625 430 690 Observatt.
470 628 511 710 (p.
548 623 603 711 13)
640 625 717 691 dixi.
753 626 846 691 Nihil
880 627 953 691 vitii
981 626 1142 690 habebunt
1171 626 1265 692 haec:

111 734 225 804 σημαίνει
258 728 303 797 ὅτι
336 732 370 796 τὸ
403 732 538 796 παλαιὸν
563 732 652 809 ὤμοις
676 733 719 797 τά
743 731 820 814 ξίφιρ
845 731 1106 812 περιεβάλλοντο,
1129 735 1174 805 cic
1199 734 1266 798 xci

111 833 132 895 tr
155 837 250 903 Ἰλιάδι
283 838 379 919 φησὶν
410 839 423 902 1
449 840 575 912 ποιητής
608 854 689 915 κτλ,
721 860 801 923 quae
831 860 906 904 cum
929 841 994 903 iem
1018 840 1064 903 ihi
1087 839 1269 904 dubitanter

107 948 329 1026 proposuissem,
364 944 458 1009 lectio
493 944 627 1030 repetita
650 947 704 1033 111
733 966 798 1011 1111
830 945 912 1009 mihi
943 946 1171 1030 comprobavit.
1218 946 1268 1013 Ex

106 1043 150 1111 hec
176 1060 276 1117 autem
308 1052 526 1117 observatione
557 1051 649 1137 plura
681 1052 911 1117 eiusdemmodi
946 1052 1036 1118 velut
1069 1075 1151 1118 nexa
1185 1077 1268 1121 nunc

103 1154 219 1232 proferre
246 1161 279 1222 in
303 1160 411 1223 animo
438 1165 493 1224 est.
519 1157 642 1243 Nempe
666 1164 792 1243 propter
815 1179 975 1223 summam
1000 1159 1173 1245 siglarum,
1199 1164 1268 1246 qui·

101 1254 147 1323 bus
169 1266 219 1329 ιιοί
241 1271 273 1329 11
296 1267 335 1336 ὡς
360 1266 394 1328 in
419 1264 580 1329 codicibus
603 1269 789 1340 exarantur,
815 1263 1062 1330 similitudinem
1097 1271 1152 1330 ant
1181 1288 1267 1353 prae-

95 1374 207 1446 postere
228 1371 335 1436 lucum
359 1375 542 1448 mutarunt,
567 1370 651 1455 quod
673 1392 756 1435 nunc
780 1370 938 1454 vidimus,
963 1392 1043 1455 quae
1066 1379 1114 1437 est
1133 1376 1301 1439 minima·

10 1443 17 1535 ί
93 1472 166 1540 ndi
199 1478 301 1561 labes,
338 1486 394 1542 aut
428 1476 529 1542 altera
560 1479 739 1542 coniunctio
770 1475 902 1542 alteram
935 1481 1087 1554 extrusit,
1113 1486 1168 1544 aut
1191 1480 1268 1546 haec

84 1591 134 1658 pro
160 1584 217 1650 illa
240 1585 343 1669 posita
366 1589 431 1666 est,
456 1587 512 1647 aut
536 1581 689 1648 alterutra
711 1581 795 1647 male
819 1583 976 1667 abundat,
1002 1590 1049 1648 est
1073 1587 1189 1662 etiarn,
1213 1587 1268 1651 sed

79 1687 196 1766 rarius,
231 1692 285 1754 uhi
318 1690 431 1755 amhse
462 1689 581 1767 desint;
616 1709 750 1773 quornm
774 1691 917 1754 omnium
942 1689 1087 1775 exempla
1110 1693 1265 1776 quaedam

75 1785 252 1882 insigniora
287 1797 346 1860 suh
380 1816 480 1860 unum
518 1802 718 1880 conspectum
756 1815 919 1880 ponamus.
967 1796 1113 1860 Primum
1138 1799 1267 1883 prodeat

71 1891 225 1969 Scholion
248 1901 511 1988 intermarginale
536 1922 574 1966 en
598 1899 713 1967 Codice
738 1901 857 1967 Veneto
880 1903 908 1966 A
933 1901 971 1966 ad
995 1905 1137 1986 primum
1158 1903 1266 1969 Iliadis

67 2015 225 2085 Versum,
247 2011 293 2075 sic
313 2030 331 2073 1
350 2007 513 2073 Dindorfio
530 2008 671 2073 editum:
692 2008 866 2078 illucescis
881 2008 1074 2092 (Alexander
1087 2007 1265 2096 (lotyensis)

68 2102 249 2191 Ἀχιλῆος·
287 2115 337 2180 διά
373 2114 408 2177 τὸ
444 2116 550 2195 μέτρον
582 2110 611 2178 ἓν
644 2113 664 2179 X
696 2119 910 2194 γράφεται
941 2114 993 2177 καὶ
1027 2118 1061 2178 τὸ
1087 2116 1265 2196 Κάμανδρος

66 2208 146 2325 {vri
183 2229 234 2287 τοῦ
267 2221 467 2301 Σκάμανδρος
501 2221 723 2302 γράφεται.
757 2218 875 2305 (Codex
907 2220 944 2284 de
976 2240 1062 2286 more
1085 2223 1135 2286 bis
1158 2247 1206 2303 γρ.
1232 2230 1264 2289 11

59 2327 135 2412 dm)
169 2335 254 2416 Quae
273 2344 322 2402 est
334 2337 410 2401 hacc
424 2338 521 2400 etiam
535 2338 568 2399 in
580 2333 690 2398 infimo
703 2332 880 2399 Scholiasta
891 2331 1099 2398 intolerabilis
1111 2333 1262 2401 infantia!

57 2420 185 2507 S&nsit
214 2441 397 2520 Bekkerus,
423 2445 530 2527 itaque
552 2442 636 2526 apud
660 2461 733 2505 eum
757 2439 894 2527 legitur:
918 2442 964 2511 ὡς
989 2438 1168 2521 adparens
1194 2445 1262 2507 ἀντὶ

57 2541 119 2600 1θῦ
169 2548 274 2624 Σκάμ.
312 2547 512 2624 Scribamus,
549 2558 684 2632 utraque
715 2549 935 2611 coniunctione
966 2547 1136 2632 adsumpta
1167 2545 1211 2631 ¹):
1248 2550 1261 2613 l

57 2642 225 2729 Κοτιαεὺς
258 2653 459 2744 (Κοτοαεὺςῖ)
486 2653 692 2738 ,Ἀχιλῆος”·
717 2653 768 2718 διά
792 2653 825 2717 τὸ
854 2651 962 2731 μέτρον
987 2650 1016 2716 ἓν
1040 2646 1062 2717 X
1084 2653 1263 2734 γράφεται,
1345 2711 1349 2722 .

60 2740 154 2845 (ὥς)
191 2763 258 2828 καὶ
296 2763 331 2827 τὸ
364 2762 543 2842 Κάμανδρος
575 2761 643 2826 uiuri
675 2765 728 2825 τοῦ
762 2758 973 2839 Σκάμανδρος.
1007 2759 1199 2846 [γράφεται]
1233 2770 1266 2828 et

60 2846 298 2947 importunnm
332 2872 366 2934 in
400 2868 460 2935 fine
496 2868 629 2934 verbum
665 2866 750 2932 ultro
784 2867 916 2931 excidet.
964 2865 1057 2931 Nunc
1088 2874 1195 2932 nostra
1227 2869 1266 2933 ad

63 2949 251 3056 O‘lysseam
283 2997 496 3060 procuremus.
544 2974 598 3039 Ad
627 2973 876 3058 pulcherrimam
912 2971 1179 3056 comparationem
1205 2959 1247 3060 ⁸(s

68 3057 284 3168 394111)1

127 3185 208 3258 11ςῖ
233 3185 278 3253 ὅτ’
302 3187 340 3252 οἰν
365 3185 521 3260 άοτάοιος
546 3188 649 3266 βίοτος
676 3185 819 3252 παίδεσσι
845 3186 949 3268 φανήῃ

129 3296 254 3376 τατράς,
281 3291 312 3365 ὃς
336 3298 367 3360 ἐν
391 3295 483 3373 νούσῳ
508 3301 601 3367 κῆται
627 3292 664 3378 (l)
691 3292 811 3374 κρατέρ’
836 3290 944 3370 άλγεα
969 3290 1102 3371 πάσχων
1126 3308 1196 3356 κτλ.
1276 3375 1280 3385 Ι

81 3379 154 3466 haec
176 3404 324 3468 adnotate
343 3409 417 3466 sunt
438 3404 471 3465 in
489 3401 560 3481 PQ:
586 3400 798 3465 κάλλιστα
823 3399 1159 3477 παραδείγματα
1180 3402 1266 3481 νεαροὶ

84 3509 185 3574 horico
216 3515 406 3588 χρηστῶς
438 3508 591 3573 ἐκτίθεται
616 3509 629 3571 ὁ
653 3508 778 3580 ποιητὴς
804 3506 971 3582 παιδεύων,
996 3511 1058 3576 τῶς
1085 3504 1169 3586 ἔχειν
1193 3507 1264 3587 πρὸς

10 3670 17 3707 f
85 3615 184 3688 71αὲ11
220 3615 354 3679 δίκαιον·
390 3616 459 3678 καὶ
498 3613 600 3698 ,ζώειν
635 3614 699 3689 μάιν
735 3612 780 3676 ἔτι
816 3613 896 3693 φασὶ
933 3613 1105 3689 Μενοίτιον,
1139 3611 1204 3693 ζώει
1237 3613 1264 3678 δ’

10 3717 13 3763 i
84 3721 224 3797 Αίακιῒιια
262 3723 383 3793 Πηλεὺς
418 3721 501 3797 μετά
538 3719 783 3800 Μυρμιδόνεσσι,
816 3724 875 3782 τῶν
908 3743 940 3782 κε
973 3718 1055 3803 μάλ’
1081 3719 1264 3799 άμφοτέριον

83 3827 304 3912 άκαχοίμεία.”
329 3837 388 3907 (Π,
417 3827 483 3910 14),
509 3829 542 3891 in
566 3828 682 3912 quibus
706 3833 737 3892 et
761 3825 824 3891 alia
847 3824 931 3889 mihi
954 3826 992 3890 de
1015 3826 1095 3891 vitio
1119 3834 1264 3912 suspecta

81 3941 157 4001 sunt.
181 3935 268 4001 Nem
293 3955 369 3998 num
399 3934 574 4000 secundnm
599 3933 744 4024 exempla
768 3931 861 4016 quale
885 3937 932 3996 est
952 3932 1010 3996 hoc
1032 3931 1262 4018 Polybisnum:
1356 3963 1360 3971 ·

80 4041 271 4129 (Philippus)
307 4049 423 4120 προῆγε
459 4041 554 4104 πάλιν
592 4043 630 4112 ὥς
667 4039 715 4103 ἔτί
747 4039 900 4122 Κορίνθου,
932 4036 1027 4102 καλὸν
1058 4037 1176 4117 δεῖγμα
1207 4048 1262 4116 τῆς

76 4200 221 4211 ———

106 4304 132 4368 1)
152 4302 262 4365 Utraque
280 4277 397 4366 particula
415 4317 474 4365 opus
492 4307 540 4359 est,
560 4299 671 4365 quonism
689 4298 733 4346 hoc
751 4297 885 4363 exemplum
902 4314 975 4347 unum
993 4301 1088 4346 tantum
1105 4302 1140 4349 111
1157 4301 1185 4348 dc
1203 4300 1263 4350 mul·
1374 4340 1376 4344 ,

72 4387 116 4447 iis,
135 4402 183 4435 non
202 4383 305 4432 unicum.

1125 4479 1139 4526 o
