2978 4950
613 185 678 260 307

126 382 229 449 addidi
265 381 444 448 defensione
478 401 540 446 non
576 401 668 468 egere
703 386 823 466 putem.
872 379 918 445 Ut
953 381 1129 467 plurimum
1159 379 1235 445 Din-

126 511 169 555 .us
205 488 301 566 talia¹
326 489 500 554 minutiora
539 488 740 553 inemendata
788 491 968 572 praeteriit,
1012 509 1236 572 nonnunquam

126 594 335 662 :deficientia
360 595 553 660 restituenda
576 594 748 678 indicavit,
774 597 864 658 cuius
888 597 933 658 rei
957 616 1057 658 unum
1080 595 1236 678 proferam

126 702 247 788 nplum,
280 703 318 767 de
350 723 412 786 quo
444 700 543 765 simul
575 711 606 765 et
638 701 725 765 aliud
757 701 1074 766 animadvertendum
1098 703 1235 765 videtur.

126 829 157 872 ra
178 816 223 874 est
246 829 339 893 quem
361 808 431 872 dieo
455 808 493 871 ad
518 810 612 884 ὀρώρει
638 807 662 871 δ’
685 808 837 886 οὐρανόθεν
863 808 915 887 νύξ
940 816 968 886 (ε
993 808 1083 893 294),
1108 809 1163 872 ubi
1187 829 1236 872 os·

126 913 191 978 itur
219 937 275 979 our
307 912 429 979 eaelum
458 914 596 977 nubibus
629 914 831 979 obscuratum
864 919 999 998 apotta
1024 915 1236 999 metaphorice

133 1018 267 1085 dicatur.
302 1019 393 1084 τοῦτό
425 1019 505 1083 ἐστιν
538 1020 741 1098 ἐπιφώνημα,
769 1020 841 1083 ἴδιον
866 1020 895 1084 δὲ
921 1027 972 1085 τοῦ
999 1023 1236 1099 ἕτοφυνήματοο

126 1120 241 1202 ’χεσθοον
273 1128 329 1202 μὲν
361 1133 420 1189 τῶν
450 1127 585 1205 οόνυτέρον
617 1133 771 1205 ττροσεχῶς
804 1128 946 1206 ῥηθέντων
978 1127 1061 1190 κατοθ
1085 1150 1135 1203 τι,
1161 1129 1237 1207 uitli-

126 1234 184 1295 θαι
205 1234 236 1298 δὲ
255 1234 368 1298 τούτων
390 1234 431 1311 τῷ
452 1231 536 1296 κατό
561 1256 590 1295 τι
615 1234 667 1296 καὶ
695 1232 790 1296 δοκεῖν
814 1234 973 1312 ἀλλότριον
999 1230 1095 1308 εἶναι,
1121 1236 1159 1304 ὡς
1184 1234 1235 1297 καὶ

126 1341 195 1403 toa.
220 1340 327 1411 σκότος
351 1340 408 1415 μὲν
433 1340 494 1417 γὰρ
519 1339 640 1413 ἐγένετο
666 1339 728 1402 aiud
755 1347 810 1414 τῆς
830 1349 1015 1418 συναγωγῆς
1036 1343 1235 1419 νεφελῶνκαὶ

126 1451 295 1524 ταραγμοῦ
322 1451 373 1509 τοῦ
399 1445 508 1508 τόντου
533 1444 585 1508 καὶ
611 1451 668 1508 τῶν
692 1447 833 1520 αἐλλῶν,
859 1448 891 1509 οὐ
915 1448 975 1522 μὴν
1000 1447 1139 1512 καθόλου·
1166 1450 1182 1522 ἡ
1206 1449 1233 1511 θ’

126 1552 242 1643 σκότος
274 1551 339 1615 ἐστὶ
365 1551 504 1615 καθόλου.
531 1552 583 1614 καὶ
609 1548 720 1633 ἔχεται
745 1554 801 1627 μὲν
827 1553 844 1626 ἡ
869 1553 921 1628 νὺξ
943 1557 996 1616 τοῦ
1021 1554 1142 1631 μερνκοῦ
1166 1551 1238 1617 σκό-

126 1711 127 1715 ,
156 1658 227 1723 ἐπεὶ
252 1658 304 1722 καὶ
332 1659 411 1727 αὐτόν
436 1657 553 1728 σκότος·
579 1659 758 1737 ἀφίσταται
783 1659 812 1723 δὲ
837 1660 962 1734 τούτου,
989 1661 1013 1723 ei
1038 1655 1086 1722 οὖν
1109 1661 1141 1723 οὐ
1162 1685 1239 1738 συγ·

126 1784 181 1829 ταν
220 1768 292 1844 τορός
328 1771 417 1829 τοῦτο
452 1766 485 1829 οὗ
521 1764 627 1834 σκότος
662 1761 738 1831 οὖσα
771 1766 912 1830 καθόλου.
946 1767 996 1849 (Β)
1032 1765 1156 1842 „lmmu
1180 1775 1237 1831 τῶν

126 1876 217 1955 acius·
240 1874 463 1958 pronunciavit
488 1870 669 1936 Dindorfius
692 1875 725 1936 in
749 1876 828 1956 App.
855 1895 882 1957 p.
909 1872 992 1951 763,
1013 1873 1237 1958 nequehercle

126 1981 239 2064 equis
264 1978 467 2043 contradicet.
515 1976 622 2042 Simul
645 1978 684 2042 de
707 1978 833 2044 ultimis
857 1978 1040 2054 videamus,
1064 1979 1236 2063 dequibus

126 2101 135 2143 ι
170 2085 403 2150 Buttmannum
438 2084 567 2149 adducit
597 2087 641 2148 sie
674 2085 906 2169 disputantem:
934 2087 1058 2162 „neseio
1081 2079 1236 2170 quomodo

135 2192 327 2257 medendum
362 2194 422 2273 sit,
447 2191 479 2254 in
505 2191 620 2275 quibus
643 2197 705 2255 tres
729 2190 859 2256 rosulae
883 2188 930 2256 οὖν
953 2193 985 2255 οὐ
1000 2193 1087 2257 -οὖ
1110 2214 1237 2258 τουτου]

126 2304 203 2372 ant,
234 2301 290 2382 qui
323 2318 389 2361 esse
421 2297 548 2361 ridetur
570 2297 639 2361 hio:
664 2299 843 2377 ἀφίσταται
868 2297 899 2361 δὲ
920 2299 1027 2363 τούτου
1051 2302 1081 2379 (ἡ
1107 2300 1161 2377 νὺξ
1184 2306 1236 2364 τοῦ

128 2423 177 2472 ους
203 2403 255 2467 vel
279 2407 385 2489 potius
409 2408 462 2466 τοῦ
486 2407 608 2479 μερνκοῦ
632 2403 743 2476 σκότ.),
769 2404 793 2467 εἷ
819 2404 1013 2481 συγκρίνεται
1038 2406 1109 2484 τορός
1132 2412 1235 2484 τοῦτο,

128 2531 162 2581 ος
184 2509 259 2576 οὖσα
284 2511 441 2575 καθόλου.”
464 2510 534 2575 Non
559 2517 668 2574 tamen
691 2510 852 2577 Dindorfio
872 2515 1043 2597 persuasit,
1066 2517 1121 2598 qui
1143 2517 1237 2580 inter-

126 2619 221 2682 :tione
254 2624 379 2680 tantum
413 2623 567 2687 correcta,
600 2653 641 2663 -
667 2616 750 2701 apud
775 2616 1006 2682 Buttmannum
1029 2626 1100 2704 poet
1123 2621 1235 2698 όφόστ.

126 2723 206 2788 νότον
232 2744 288 2808 pro
312 2738 471 2789 commate
494 2732 649 2808 punctum
674 2730 760 2799 erat,
775 2761 817 2771 —
831 2730 953 2789 eaetera
976 2727 1010 2788 in
1033 2732 1123 2790 textu
1144 2740 1238 2812 prout

126 2831 219 2895 :edice
243 2852 334 2896 sensu
358 2851 445 2895 cassa
467 2829 620 2917 leguntur
643 2831 899 2914 repraesentavit.
945 2830 1030 2895 Mihi
1052 2835 1239 2897 Buttmanni

126 2941 207 3003 entia
232 2940 398 3002 verissima
420 2935 565 3013 ridetur,
590 2937 652 2999 nisi
675 2935 757 3018 quod
782 2935 875 3019 paulo
898 2940 1035 3019 pressius
1057 2937 1096 3001 ad
1119 2939 1237 3004 eodieis

126 3050 241 3110 ituram
267 3045 312 3108 sie
336 3042 423 3106 loeus
446 3040 598 3106 constitui
622 3047 744 3125 potest:
771 3041 822 3103 uui
849 3038 958 3119 ἔχεται
982 3044 1038 3116 μὲν
1063 3046 1079 3118 ἡ
1105 3045 1158 3122 νὺξ
1182 3049 1235 3109 τοῦ

126 3157 175 3216 κοῦ
194 3151 339 3232 σκότους,
463 3147 643 3228 ἀφίστασαν
676 3147 706 3210 δὲ
740 3147 864 3224 τούτου,
898 3149 923 3211 εἰ
953 3153 1051 3225 γοῦν
1076 3151 1136 3235 [οὐ]
1159 3176 1236 3227 συγ·

126 3279 185 3321 οταν
217 3256 289 3335 πρὸς
321 3259 427 3337 τοῦτο,
460 3255 506 3323 ὤς
539 3251 653 3334 σκότοςν
670 3249 746 3316 οὖσα
770 3252 907 3319 καθόλου.
956 3253 1101 3319 Primum
1127 3259 1158 3321 οὐ
1183 3278 1238 3343 per

126 3365 304 3451 >graphium
329 3381 368 3447 erp
392 3385 429 3425 συ
455 3365 567 3424 natum
591 3365 656 3436 est,
677 3359 850 3424 seeundum
874 3361 907 3423 in
930 3363 969 3432 ὡς
994 3364 1129 3426 mutavi.

126 3622 138 3647 ‚
162 3573 236 3639 164.
285 3571 398 3636 Ulixes
427 3569 639 3655 pulcherrima
669 3570 854 3654 metaphora
885 3591 957 3634 oum
979 3570 1103 3656 palmae
1127 3595 1234 3655 ramo,

126 3697 149 3741 n
170 3678 242 3744 Deli
265 3677 390 3742 viderat
413 3676 607 3745 ’Λπόλλωνος
631 3674 716 3755 τυρόν
742 3675 853 3755 βωμῷ,
878 3675 1053 3742 Nausicaae
1077 3699 1236 3763 proceram

126 3805 208 3850 uram
239 3802 424 3867 comparans
457 3781 559 3846 addit:
588 3775 676 3854 ἦλθον
709 3781 771 3859 γὰρ
800 3781 852 3844 καὶ
885 3790 987 3860 κεῖσε,
1012 3785 1108 3856 πολὺς
1130 3785 1163 3850 δέ
1185 3812 1236 3864 μοι

126 3913 162 3954 Βνο
194 3890 282 3960 λαός.
330 3887 417 3953 Haeo
452 3886 654 3951 illustrantur
672 3889 736 3952 ita:
762 3886 899 3964 λέγονθ’
924 3887 1178 3957 όνντολὺνλοοόν
1203 3897 1236 3960 οὖ

129 3994 196 4061 lirae
221 3994 347 4064 στόλον.
374 3996 460 4057 σἰλλόο
482 3994 532 4057 τόν
551 3993 749 4071 Ἑλληνικόν,
771 3991 788 4057 ό
794 3995 822 4057 τ’
843 3995 1058 4072 ἀφηγούμενος
1081 3999 1122 4069 εἷς
1138 4008 1239 4074 Δῆλον

126 4127 128 4151 =
156 4103 315 4172 Μενέλαος
347 4100 401 4164 σὺν
433 4099 581 4165 Ὀδυσσεῖ
608 4100 658 4164 ἐστὶ
690 4101 748 4172 τὰς
781 4100 880 4165 ’Λνόου
914 4101 1102 4181 θυγατέρας,
1129 4098 1163 4170 ai
1186 4108 1238 4172 καὶ

126 4207 230 4292 ῐτροτον
257 4211 431 4272 ἐκαλοῦντο.
457 4206 566 4291 (EPQ)
591 4207 694 4282 Quem
714 4207 767 4273 vel
790 4208 866 4293 quid
887 4207 1126 4287 όφυγοόμενοτθ
1149 4211 1239 4294 Quod

128 4317 241 4381 trustra
275 4335 483 4401 quaeramus,
518 4315 739 4382 emendemus:
769 4315 802 4379 od
832 4317 882 4380 τὸν
906 4313 978 4379 ἴδιον
1000 4317 1125 4395 στόλον,
1151 4320 1237 4385 όλλόι
