2978 4950
718 232 783 303 aad

156 422 369 511 Etymologus
401 422 452 487 καὶ
482 423 649 500 derasisse
674 426 776 513 addit)
800 449 874 493 cum
898 428 1008 494 eodem
1032 428 1191 494 lemmata
1215 428 1250 492 in
1272 424 1349 513 lay·

155 528 314 617 mologico
353 528 472 616 Magno
505 530 667 619 leguntur.
722 533 935 600 Multifariam
971 536 1073 622 igitur
1108 535 1189 600 haec
1225 538 1346 600 mnata

155 641 290 701 aetatem
323 634 484 707 tulerunt,
516 658 618 722 neque
649 658 685 702 eo
716 642 822 704 minus
852 641 976 705 mendis
1008 642 1213 728 gravissimis
1236 638 1341 706 obsita

155 741 282 820 Unum,
307 763 381 807 cum
404 745 467 809 iam
492 741 665 808 Lamchius
688 744 810 810 idoneis
834 749 1033 833 argumentis
1056 749 1218 834 arguerit,
1243 747 1340 812 breri-

155 855 204 915 ter
238 847 432 936 significasse
463 850 541 914 satis
572 850 690 925 habeo,
724 853 970 940 expungendum
1003 875 1070 918 esse
1099 853 1238 934 γράφει,
1261 852 1336 938 quod

156 958 311 1021 omittunt
343 955 443 1018 HMV
476 976 576 1040 neque
607 964 768 1042 comparet
799 959 882 1044 apud
914 959 1157 1047 Etymologum.
1192 960 1233 1025 nt
1260 965 1333 1025 recta

155 1065 328 1144 omittunt,
360 1082 421 1126 non
453 1065 538 1126 enim
570 1066 658 1128 varia
681 1067 855 1129 Aristarchi
879 1065 1157 1130 le'ctioindicatur
1180 1066 1234 1131 sed
1256 1086 1273 1131 a
1292 1084 1330 1130 re

154 1168 251 1253 liquis
282 1168 450 1232 abhorrens
482 1170 711 1253 interpretandi
744 1172 867 1236 modus.
915 1171 1015 1236 Erant
1045 1175 1101 1256 qui
1134 1171 1264 1238 ridiculo
1284 1170 1327 1236 ad·

153 1276 285 1341 modum
318 1274 413 1350 δέοιμι
437 1296 455 1339 a
478 1275 575 1340 verbo
598 1274 656 1348 isio
680 1284 873 1360 repeterent,
896 1283 929 1342 et
951 1299 1007 1362 per
1034 1279 1215 1356 εὐρίσκοιμι,
1237 1300 1323 1342 ura·

155 1381 352 1460 λαμβάνοιμι
376 1389 584 1466 exponerent,
609 1390 698 1446 erant
721 1384 777 1467 qui
792 1421 832 1432 -
846 1391 883 1448 ut
902 1391 1004 1449 est-
1017 1390 1180 1450 verterent
1198 1385 1320 1460 deinceps,

153 1489 376 1564 δεσμεύσιιιμι,
414 1488 471 1571 (sic
502 1487 529 1551 Ε
558 1508 700 1572 quoque:
732 1489 863 1570 ἐπιζητῶ
894 1491 937 1562 εἷς
970 1493 1040 1562 τοὺς
1072 1492 1156 1561 θεοὺς
1190 1488 1317 1577 (sicud

155 1593 346 1670 δισμήσιιιμι
371 1594 450 1657 uoci
476 1593 527 1656 τὸν
547 1593 652 1671 Ἄρηι,
675 1595 729 1660 sad
749 1598 869 1660 mirum
888 1597 923 1659 ni
943 1597 1040 1661 homo
1060 1595 1315 1671 δεσμεύσιιιιι

154 1703 331 1785 scripserit,
376 1706 413 1764 ut
454 1699 567 1784 reliqui
607 1702 749 1786 omnes),
786 1702 912 1766 tandem
950 1704 1151 1787 Aristarcho,
1187 1707 1213 1768 si
1243 1701 1313 1768 modo

153 1807 329 1872 Aristarchi
360 1813 408 1870 est
437 1808 499 1870 ista
530 1808 764 1890 interpretatio,
799 1807 894 1882 δέοιμι
925 1807 1031 1873 valere
1055 1812 1162 1874 visum
1187 1816 1233 1875 est
1252 1806 1313 1872 stet

155 1936 241 1991 ιιιμι.
290 1912 456 1977 Praeterea
480 1932 553 1975 cum
577 1915 610 1975 in
635 1912 857 2000 Etymologico
880 1917 940 1979 sit:
965 1950 985 1964 ·
999 1950 1019 1965 -
1045 1915 1311 1994 κιιτιιλιιμβάιιιιι,

156 2020 219 2084 ἀπὸ
248 2024 302 2083 τοῦ
329 2016 477 2095 „hisee”
502 2034 571 2081 κτλ.
596 2019 681 2083 istud
706 2020 835 2103 quidem
858 2041 970 2085 verum
993 2040 1054 2086 non
1078 2028 1144 2097 est,
1168 2023 1221 2088 sed
1240 2039 1311 2086 mana

155 2128 244 2192 ducit
275 2126 314 2190 ad
348 2146 458 2189 verum
484 2125 561 2189 hoc:
584 2125 661 2187 ιέιιὸ
685 2130 752 2189 τοῦ
775 2127 888 2210 (tie).
916 2126 1038 2203 „iisse”
1063 2143 1134 2192 κτλ.
1160 2149 1233 2194 nam
1252 2122 1310 2212 qood

153 2237 187 2299 in
221 2232 369 2320 Vulgatis
399 2230 520 2298 editur,
554 2234 650 2296 nimis
682 2232 814 2316 abrupte
844 2254 939 2318 quam
972 2255 1027 2318 pro
1054 2237 1309 2321 grammaticum

154 2340 380 2406 consuetudine
416 2338 455 2400 ab
491 2340 685 2421 expositione
720 2342 832 2402 transit
866 2340 906 2403 ad
939 2341 1134 2427 exemplum.
1183 2341 1241 2408 Sed
1266 2343 1309 2404 ion

153 2450 319 2512 veniamus
352 2444 468 2519 adea,
494 2463 574 2527 quae
598 2443 775 2509 difficiliora
798 2444 948 2509 videntur
972 2467 1007 2511 ac
1032 2449 1154 2512 maiore
1175 2446 1308 2512 molimine

152 2554 298 2619 sananda.
324 2551 405 2629 Quid
431 2551 585 2613 faciamus
609 2550 675 2612 his:
699 2551 749 2613 usi
776 2550 813 2612 σὺ
838 2551 947 2625 toxotis
969 2553 1053 2634 ὂρᾷι,
1076 2553 1173 2631 φησιν
1193 2555 1205 2617 ὃ
1224 2543 1307 2628 tiro?

151 2661 256 2725 Torsit
288 2658 365 2721 olim
399 2656 533 2729 scribas,
569 2658 659 2719 torsit
689 2665 720 2719 et
745 2660 930 2722 recentiores
955 2661 1152 2743 interpretes.
1199 2659 1305 2738 Quotus

150 2767 318 2831 Barncsius
354 2783 411 2837 „ex
442 2761 492 2824 his
524 2764 646 2824 omittit
678 2763 774 2825 verba
799 2764 850 2826 κιιὶ
877 2766 913 2827 σὺ
939 2765 1048 2842 θριισὺς
1074 2786 1241 2850 eorumque
1262 2763 1306 2826 ino

151 2873 318 2937 substituit
350 2870 400 2930 ιιιιὶ
434 2870 621 2941 issemus.
655 2867 866 2955 Etymologo,
900 2879 936 2934 ut
960 2874 1023 2947 ait,
1048 2872 1204 2936 auctore.”
1243 2864 1305 2948 Quod

148 2980 230 3042 unde
248 2978 432 3059 arripuerit,
457 2995 550 3057 supra
570 2975 724 3039 vidimus.
749 2997 850 3060 neque
874 2980 1012 3059 mirum,
1037 2978 1097 3042 hoc
1120 2982 1304 3043 commentam

149 3107 209 3150 non
235 3083 344 3147 tulisse
369 3081 558 3144 Buttmauni
583 3082 759 3145 adsensum.
784 3083 830 3146 At
855 3084 1069 3148 Buttmannus
1093 3087 1164 3168 ipse
1182 3078 1305 3169 quomodo

149 3194 225 3257 haec
257 3185 438 3273 expedivit?
471 3188 573 3250 Nixus
604 3191 756 3252 varietate
787 3189 930 3253 lectionis
954 3191 1164 3273 Homericae,
1187 3189 1305 3274 quaeest

147 3303 180 3362 in
223 3297 375 3360 lemmate
417 3294 528 3357 scholii
572 3316 609 3358 ex
653 3295 694 3361 Ε,
738 3295 819 3377 quod
862 3318 957 3379 supra
1000 3296 1096 3381 paulo
1140 3296 1304 3361 emendatio

148 3406 297 3490 apposui,
329 3409 391 3464 arci:
422 3400 459 3461 dcv
491 3400 551 3475 ἐγώ
576 3425 626 3473 σε,
658 3402 803 3477 wiperto,
838 3406 908 3476 μετ’
941 3404 1121 3467 &discretos
1154 3404 1257 3477 δέειμις
1276 3400 1305 3461 iit

147 3514 305 3595 disputat:
343 3507 579 3582 „memorabilis
610 3510 762 3573 varietas.
795 3510 887 3591 cujus
922 3513 1059 3595 vestigia
1084 3512 1116 3573 in
1142 3502 1305 3594 praecedenti

147 3638 270 3702 quoque
300 3614 418 3678 scholio
444 3613 673 3697 deprehendere
698 3614 806 3677 videor
831 3617 863 3677 in
888 3615 1014 3679 bisnai
1040 3618 1078 3679 σὺ
1103 3619 1229 3695 θρασύς,
1250 3627 1304 3698 quat

147 3747 264 3789 novum
300 3724 405 3806 potius
439 3719 596 3783 scholium
629 3719 825 3783 ordiuntur.’'
867 3722 915 3786 Ne
947 3731 1069 3787 caetera
1092 3729 1237 3809 tangam,
1258 3718 1305 3803 quit

145 3836 270 3910 Φέριστε
302 3830 527 3912 interpretetur
549 3829 600 3889 xxi
628 3827 664 3888 σὺ
690 3825 821 3904 dpsndei
846 3829 896 3892 Me
921 3830 1048 3912 quidem
1075 3833 1180 3896 iudice
1204 3831 1259 3895 alia
1274 3827 1304 3888 io·

144 3937 315 4026 grediendo
348 3938 399 3998 via
430 3942 496 4015 est,
527 3955 588 4016 qua
618 3936 737 3997 insonis
769 3956 894 3997 sensum
921 3938 1137 4001 restituamus.
1185 3936 1303 4000 Inducen-

146 4047 221 4109 dum
249 4052 296 4107 est
321 4043 410 4122 ipsis,
435 4062 496 4102 non
520 4040 601 4123 quod
629 4039 655 4117 Q
680 4039 760 4103 illud
786 4045 925 4111 omittit.
954 4080 994 4090 -
1021 4042 1105 4107 idem
1132 4047 1236 4107 statim
1257 4040 1303 4124 poti

146 4154 268 4216 omittit
287 4169 413 4233 prorsus
430 4150 639 4209 necessarium
662 4148 798 4222 ιέριιῑτιιι
821 4148 868 4223 δέ,
884 4149 993 4212 —sed
1019 4166 1056 4213 ut
1079 4172 1135 4234 per
1156 4143 1301 4233 antiquissi-

147 4277 232 4319 mam
260 4253 507 4340 dittographiam
534 4267 638 4315 ortum
666 4273 701 4315 ex
725 4254 925 4318 antecedente
948 4256 1097 4338 θρασ(·ιί).
1147 4256 1213 4322 Hoc
1230 4257 1302 4342 igitur

146 4368 303 4448 expuncto
336 4359 524 4446 legendum,
557 4358 717 4423 lenissima
742 4361 933 4441 pronominis
958 4365 1164 4439 correctione,
1190 4363 1236 4426 xci
1254 4357 1299 4422 cci

1355 4458 1361 4639 ι
