2978 4950
728 227 793 297 261

162 416 386 482 meriamornm
414 415 662 484 Homerioornm
682 424 793 485 anator
813 425 846 486 'et
864 426 998 507 uterque
1017 421 1240 512 Etymologna.
1268 425 1362 507 Quod
1437 512 1439 515 .

159 542 217 608 pro
250 524 358 609 inepta
388 524 524 589 seeundo
555 546 686 610 persona
710 530 837 592 restitui
860 525 945 604 εἴτε,
973 529 1167 594 monendum
1192 536 1241 596 eat
1262 553 1356 620 saepe

156 632 205 694 ita
235 628 326 715 loqui
355 629 540 696 scholiastae
571 631 609 696 de
633 630 789 710 Homero,
815 655 846 698 v.
875 655 902 698 ο.
925 635 1022 721 paulo
1044 634 1128 700 intra
1152 636 1192 701 ad
1215 659 1262 703 va.
1288 639 1358 705 456

153 734 282 802 ὄπισθεν
305 735 419 815 ἑρπετὰ
441 733 510 803 εἶπε
534 738 638 815 μθνον,
663 738 716 801 καὶ
740 744 792 802 νῦν
817 738 928 805 λέοντα
952 740 1006 805 καὶ
1031 742 1185 820 ποὶρδαλιν
1210 743 1263 808 καὶ
1288 750 1355 824 σῶν,

152 865 169 906 ε
197 840 241 907 69
266 842 305 908 ad
329 843 432 922 ἡμερὶς
457 842 606 920 θβῶυσαε
631 847 686 919 την
710 843 853 922 θμπελον
876 843 971 924 εἶπεν,
996 853 1028 913 et
1050 850 1096 913 aio
1121 850 1308 918 sexcenties.

204 1054 239 1130 δ,
276 1052 350 1120 418.
386 1055 540 1133 Ἑρπετθτ
575 1061 627 1121 νῦν
656 1065 913 1138 καταχρηστικῶς
946 1057 989 1122 τθο
1020 1056 1086 1139 ζῷα
1109 1060 1227 1140 ἑρπετὰ
1250 1061 1352 1141 λέγει.

150 1159 253 1245 (ΒΡ.)
292 1161 339 1227 Ex
369 1161 616 1248 Vreponendnm
647 1185 729 1229 esee:
763 1170 815 1230 νῦν
839 1171 1096 1248 καταχρηστικῶς
1120 1168 1284 1255 (ταντα)
1310 1170 1353 1235 τοὶ

148 1264 223 1347 ζῶα
249 1268 364 1348 έρπετδ
386 1268 486 1348 λέγει,
511 1276 621 1356 sponte
644 1275 741 1355 patet.

203 1481 239 1557 δ,
263 1479 337 1546 441.
371 1481 445 1547 κεῖθι
476 1482 511 1556 δη
541 1482 720 1557 αἷνθτατορτ
749 1484 783 1548 αθ
807 1483 930 1556 πλεθονς
958 1483 1049 1561 ,ἔνθα
1074 1509 1125 1549 κεν
1149 1484 1351 1565 αθνθτατος,”

145 1587 195 1659 ὥς
226 1589 263 1654 πθ
292 1586 381 1665 ,ἔνθα
404 1614 438 1653 κε
463 1588 566 1667 λοιγθς
590 1587 670 1664 ἔην.”
694 1590 736 1674 (Θ
763 1589 850 1668 130).
887 1591 974 1655 οὶντὶ
1006 1594 1061 1655 τοῦ
1088 1591 1349 1674 δυσχερέστατορ.

146 1692 274 1781 (HPQ)
295 1694 427 1771 Malim,
450 1699 585 1782 repetito
609 1697 763 1763 vocabulo
782 1698 970 1781 Homerico,
994 1697 1258 1785 (atvtraroc):
1279 1702 1349 1767 ἀντὶ

144 1804 210 1865 ποῶ
237 1801 495 1883 δνσχερέστατος,
527 1806 711 1889 praesertim
743 1825 817 1869 oum
847 1810 920 1870 ante
943 1804 1012 1869 οθντθ
1037 1808 1091 1869 τοῦ
1114 1805 1269 1872 facillimo
1292 1829 1349 1894 po-

146 1909 256 1972 tuerit
277 1906 430 1974 excidere.

202 2117 235 2194 δ,
261 2116 339 2185 474.
376 2116 459 2185 Onm
490 2119 641 2186 lemmate
673 2119 781 2186 πθντον
814 2121 935 2209 legitur
963 2122 1056 2187 futile
1080 2121 1221 2188 scholion
1246 2125 1280 2188 in
1303 2123 1346 2189 E:

146 2220 329 2290 tortor-tn
361 2226 413 2290 δύο
436 2226 598 2303 σημαίνει,
623 2228 690 2291 τδν
714 2228 899 2304 ποταμὸν
922 2227 957 2292 τθ
980 2229 1104 2308 ρἐῖθρον,
1129 2229 1182 2294 καθ
1206 2229 1257 2294 τθν
1280 2231 1346 2295 έπι-

146 2336 332 2396 στατοῦντα
367 2332 516 2410 δαίμονα,
549 2335 587 2403 ῶς
618 2328 701 2396 εἶπον
732 2333 757 2398 οἱ
782 2329 925 2412 θεολθγοι.
975 2335 1010 2399 In
1036 2334 1176 2401 Homero
1199 2342 1264 2402 est:
1289 2336 1345 2411 σὺν

145 2438 184 2508 ἐς
208 2438 332 2515 πατρίδ’
354 2435 426 2503 ἵκοιο
449 2438 549 2502 πλέον
573 2438 623 2502 ἐπὶ
648 2438 752 2504 οἴνοπα
778 2440 885 2505 πθντον
912 2479 952 2490 -
978 2440 1113 2506 Proteus
1138 2441 1282 2526 loquitur
1302 2480 1344 2493 —

145 2545 237 2609 unde
271 2545 388 2611 frustra
421 2546 575 2610 extundaa
610 2546 694 2631 quod
729 2547 923 2613 annotationi
967 2546 1019 2613 vel
1061 2547 1262 2632 aliquatenus
1300 2569 1348 2614 re·

145 2651 315 2736 spondeat.
347 2650 408 2717 Sed
437 2657 493 2718 ant
515 2653 718 2717 vehementer
741 2652 849 2729 fallor,
876 2660 932 2718 aut
955 2652 1066 2718 notula
1089 2652 1211 2738 aliquot
1233 2675 1343 2720 verane

145 2757 285 2822 inferius
319 2758 506 2824 retrahenda
537 2765 602 2831 eat.
633 2765 671 2824 nt
702 2760 859 2844 pertineat
890 2760 928 2825 ad
959 2781 1005 2825 va.
1040 2758 1122 2825 477:
1148 2762 1340 2838 Αἰγύπτοιο,

146 2862 300 2934 διιπετέος
320 2872 472 2938 ποταμοῖο
493 2871 590 2950 utque
610 2866 669 2931 hoc
693 2866 904 2942 vocabulum,
925 2886 987 2931 non
1009 2865 1342 2943 advroaeiualemma

144 2973 204 3035 ait.
251 2969 363 3056 Itaque
397 2973 442 3036 aio
476 2970 620 3036 refietnm
653 2972 793 3037 scholion
825 2973 975 3036 idoneum
1007 2993 1134 3037 sensnm
1160 2975 1342 3057 praebebit:

146 3086 372 3153 ποταμοῖο;
397 3077 494 3142 ἷσπέον
517 3076 563 3142 ὅτι
588 3079 637 3142 δθο
661 3080 804 3155 σημαίνει
828 3078 869 3140 τὸ
895 3077 1094 3153 ποταμός.
1116 3078 1150 3142 πθ
1170 3081 1277 3158 ῥεῖθρον
1289 3082 1341 3145 καθ

146 3183 204 3247 τὸν
239 3183 466 3249 ἐπιστατοῦντα
495 3184 638 3260 δαίμονα.
665 3184 792 3249 Similia
814 3186 1022 3249 observantur
1045 3184 1083 3249 od
1108 3211 1123 3248 ε
1149 3184 1214 3248 445
1237 3188 1271 3251 in
1295 3185 1340 3251 ¹1¹:

146 3289 285 3371 εὔχεται
316 3289 451 3376 (Ulixes)
484 3293 526 3371 τῶ
558 3292 709 3375 ποταμῷ,
734 3292 771 3362 ῶς
796 3288 833 3354 ἂν
858 3290 988 3354 ἕκαστον
1012 3290 1135 3369 ἔχοντος
1161 3291 1302 3367 δαίμονα.
1327 3293 1341 3354 θ

147 3397 185 3463 δέ
217 3397 401 3481 (ποιητθιι
434 3400 564 3463 omnino
594 3397 806 3463 inserendum.
841 3395 1021 3462 Observatt.
1052 3418 1083 3482 p.
1117 3396 1211 3478 (58.1)
1235 3398 1287 3461 καὶ
1312 3399 1342 3462 έν

146 3511 223 3573 ταῖς
247 3506 368 3581 κρήναις
392 3501 474 3568 οἶδεν
497 3503 585 3581 θεοθι,
612 3495 649 3575 θος
674 3503 818 3581 Νύμφας
843 3511 944 3566 καλεῖ.
965 3538 1016 3553 --
1038 3502 1113 3568 οὕτω
1127 3507 1342 3584 πεπληρῶσθαι

147 3609 235 3676 θεθιον
270 3609 427 3687 δυνάμεων
457 3608 593 3690 Ὀμηρος
625 3611 750 3686 ἡγεῖται
780 3610 898 3688 ποὶντα,
930 3614 961 3675 et
992 3608 1087 3695 poulo
1110 3610 1192 3676 infra
1215 3634 1229 3674 ε
1254 3610 1340 3687 449,

146 3717 191 3783 de
215 3737 278 3802 qno
300 3715 370 3782 loeo
394 3723 467 3782 ante
487 3716 564 3781 dixi.

194 3932 347 4018 Sequitur
377 3932 574 3999 nobilissima
605 3932 775 4018 Porphyrii
807 3930 980 4015 disputatio
1009 3929 1047 3995 de
1078 3950 1154 3995 voce
1184 3929 1339 4015 διῒπετιὶι,

143 4045 181 4107 in
211 4042 329 4106 nostris
359 4045 484 4105 servata
515 4039 548 4103 in
581 4039 688 4118 EHQ‚
719 4043 751 4103 et
774 4058 848 4102 aum
872 4036 1023 4101 lemmate
1047 4034 1216 4115 Αἰγύπτοιο
1242 4036 1340 4103 δῶτε·

181 4306 211 4372 1)
239 4304 270 4353 nt
296 4304 334 4353 hic
356 4309 380 4352 et
401 4304 500 4354 fortene
522 4306 586 4370 apud
610 4305 687 4370 ipanm
706 4301 867 4367 Porphyrium
883 4301 922 4361 (ad
939 4305 961 4349 Θ
979 4302 1006 4360 1,
1024 4304 1041 4349 t.
1062 4301 1103 4351 111
1121 4319 1145 4370 p.
1164 4301 1225 4362 889,
1244 4302 1341 4369 niun),

144 4386 218 4437 euius
234 4387 395 4451 fragmentum
412 4390 494 4436 nostra
511 4389 579 4446 aunt,
597 4387 658 4450 qnod
677 4385 778 4433 editores
796 4398 892 4432 monere
910 4382 1070 4448 neglexerunt.
