2978 4950
630 176 696 245 447

60 364 150 427 enim
178 401 219 411 -
244 367 349 450 inquit
374 403 415 414 -
440 366 524 450 quod
548 367 586 432 de
609 368 696 433 omni
716 368 909 453 sagittarum
930 370 964 431 in
984 369 1131 452 pharetra
1149 369 1260 447 sonitu¹

60 468 170 554 valet,
195 471 251 556 (τίς
275 473 357 536 κοινοὶ
383 474 441 535 τῶν
465 473 614 551 Φθθγγων
640 473 882 559 παραστήσας),
906 495 990 538 nunc
1014 475 1054 540 ad
1077 473 1111 538 id
1130 476 1257 551 transit,

60 576 149 660 quod
182 580 215 642 in
246 584 443 661 praesentem
468 585 594 645 tantum
620 582 834 646 narrationem
860 584 1025 663 convenit,
1051 581 1101 644 ἐπὶ
1127 579 1162 643 τὸ
1186 576 1258 644 idria

60 683 151 754 εὐθὺς
186 689 238 748 τοῦ
270 685 365 762 λόγον
396 685 536 764 μετέβης
572 707 686 771 nempe
717 687 815 751 deum
839 724 880 735 —
907 687 1012 752 idest
1036 708 1074 752 ex
1098 685 1257 751 Heracliti

61 791 223 855 sententia
250 789 349 856 silem
374 793 558 857 -iratum
585 794 755 876 perniciem
785 795 933 858 omnibus
953 796 1116 858 intentare.
1152 792 1257 879 Signi-

61 893 179 960 ficatur
201 897 260 961 hoc
284 902 406 981 politico
430 919 518 964 more
542 921 597 983 per
616 899 691 965 illa:
711 900 725 965 θ
746 899 774 962 δ’
795 899 840 973 ἤιε
863 901 946 963 νυκτί
968 901 1077 970 εὀιικίς.
1110 899 1258 986 Intellegi

61 1012 189 1084 pestem
213 1010 358 1087 apertum
382 1011 447 1087 est,
471 1007 526 1070 sed
551 1028 624 1070 eum
647 1008 681 1070 in
701 1007 906 1090 sequentibus
924 1014 1034 1071 auctor
1051 1006 1110 1071 hoc
1133 1006 1258 1070 disertis

63 1109 172 1173 verbis
203 1120 449 1194 commemoret,
481 1112 583 1196 (ὁποία
608 1111 707 1176 εἴωθεν
730 1114 760 1176 έν
784 1123 846 1183 τοῖς
873 1122 1019 1190 λοιμικοῖς
1044 1113 1171 1176 ποίθεσιν
1196 1113 1258 1175 έπι·

62 1218 205 1293 προσθεῖν
234 1217 276 1296 τῷ
306 1217 344 1280 δι’
376 1218 490 1296 ἡμέρας
524 1217 677 1302 φέγγει),
709 1240 765 1283 cur
798 1225 906 1283 contra
938 1225 1039 1283 artem
1065 1219 1114 1283 bia
1138 1217 1257 1304 signifi·

64 1319 175 1387 carati

112 1528 151 1598 O.
175 1530 240 1597 XV
266 1535 308 1617 (p.
335 1519 406 1618 31):
439 1538 543 1614 Λυτηρ
573 1534 599 1597 δ’
631 1534 803 1613 Ἀχιλλεὺς
838 1543 892 1607 τῆς
927 1534 1028 1599 νίσου·
1062 1535 1172 1613 Χείρων
1196 1533 1259 1612 γὰρ

64 1639 162 1703 αὐτὸν
192 1638 331 1716 ἐδίδαξε,
367 1679 408 1689 --
440 1637 470 1712 ὃς
502 1641 588 1722 ποίση
611 1641 668 1717 μὲν
694 1640 842 1705 ἐκέκαστο
866 1643 985 1724 σοφία,
1011 1641 1151 1718 περιττὸς
1176 1642 1202 1708 δ’
1226 1636 1260 1712 ἦν
1330 1644 1343 1675 ·“’

64 1744 121 1815 την
152 1746 299 1822 ἰατρικήν.
325 1784 366 1795 --
392 1749 553 1823 προσέθηκε
579 1746 604 1810 δ’
628 1750 778 1825 Ἀχιλλεῖ
799 1747 1014 1826 θεραπεύοντι,
1041 1752 1176 1828 φυσικῶς
1202 1748 1259 1811 dr-

64 1855 265 1930 ληγορησας,
300 1853 370 1916 θεοῖν
391 1851 499 1929 Ἥραν.
547 1854 714 1941 Legerim:
741 1854 904 1933 προσέθηκε
928 1855 955 1917 δ’
980 1857 1131 1934 Ἀχιλλεῖ
1154 1857 1259 1931 θερα-

64 1957 272 2023 πεθουοαν
309 1998 350 2008 -
388 1962 459 2024 θεδιν
488 1959 597 2040 Ἥραν,
631 1960 714 2044 quod
747 1961 952 2045 sequentibus
984 1960 1261 2025 commendabitur

63 2064 170 2129 hisce:
205 2065 257 2129 δύο
289 2066 352 2147 γαρ
384 2065 474 2131 ὄντων
499 2105 541 2115 --
566 2075 623 2132 τῶν
649 2075 863 2144 πνευματικῶν
888 2070 1059 2148 στοιχείων,
1084 2066 1198 2144 οιίθέρος
1223 2089 1260 2129 τε
1354 2090 1356 2095 ·

64 2171 120 2235 καί
156 2172 262 2251 εἰέρος,
295 2175 347 2237 τὸν
379 2176 436 2251 μὲν
468 2175 530 2239 Δία
564 2175 619 2246 την
651 2173 768 2253 πυρώδη
808 2174 916 2255 Φαμὲν
940 2174 1054 2239 οὐσίαν.
1082 2177 1098 2247 ἡ
1123 2173 1153 2255 δέ
1177 2169 1259 2252 Ἥρα

64 2277 142 2356 μετ’
167 2279 261 2343 αὐτὸν
284 2283 367 2344 ἐστιν
390 2281 465 2360 οίιίρ,
490 2280 709 2358 μαλακώτερον
733 2288 897 2359 στοιχεῖον,
919 2281 971 2345 διὰ
990 2285 1081 2345 τοῦτο
1102 2280 1153 2344 καί
1173 2282 1258 2353 θῆλυ.

63 2385 198 2451 lunonis
228 2388 330 2473 igitur
361 2387 517 2452 auxilium
552 2390 596 2451 sic
625 2387 898 2472 interpretandum
923 2386 1095 2474 allegorica
1118 2388 1259 2461 ratione,

63 2493 113 2559 ὅτι
146 2497 201 2557 τοῦ
232 2491 336 2557 ποίλοιι
367 2497 485 2574 θολεροῦ
515 2494 712 2573 διαχυθέντος
744 2494 829 2571 οὶέρος
866 2494 1023 2572 αἰφνιδίως
1059 2494 1184 2572 διεκρίθη
1223 2492 1258 2555 τὸ

62 2600 243 2678 σύμβαμα.
289 2599 400 2685 ltaque
424 2601 565 2665 medanti
588 2600 709 2666 Achilli
730 2598 812 2680 Ἥρα
836 2599 1044 2681 θεραπεύουσα
1068 2598 1244 2679 προσετέθη.

112 2811 150 2881 (l.
175 2813 260 2878 XIX
283 2814 330 2897 (p.
358 2810 434 2896 39):
458 2813 573 2877 Λοιπὸν
596 2808 645 2876 οὖν
669 2814 899 2877 καταλείπεται
924 2816 1047 2893 ζητεῖν,
1077 2812 1107 2873 ἕν
1132 2804 1153 2889 ᾧ
1178 2807 1261 2889 τθπῳ

62 2923 102 2987 τὸ
134 2920 258 2998 λογικὸν
289 2919 411 3000 ἵδρυται
441 2920 539 2999 μέρος.
570 2917 634 2983 ἔστι
660 2920 757 2985 τοίνυν
783 2923 800 2994 ἡ
825 2921 951 3001 κεφαλὴ
977 2919 1046 2981 καθ’
1067 2917 1204 2997 Ὅμηρον
1230 2916 1261 2978 ἕν

61 3032 109 3110 τῷ
134 3030 256 3104 σώματι
279 3030 333 3101 την
359 3024 546 3104 κυριωτοίτην
570 3027 719 3105 εῖληχυῖοο
741 3025 839 3102 τοίξιν.
867 3022 934 3091 θλον
958 3022 1006 3090 οὖν
1029 3023 1127 3088 είωθεν
1151 3023 1259 3097 θνομοί-

62 3135 129 3217 ζειν
162 3135 213 3199 τὸν
242 3133 412 3212 ἄνθρωπον,
446 3131 605 3215 ἐξαιρέτως
636 3132 697 3211 αφ’
734 3134 794 3204 ἑνὸς
827 3139 880 3198 τοῦ
906 3133 1071 3214 κρατίστου
1096 3131 1138 3195 τοὶ
1164 3131 1259 3195 λοιποί

62 3243 177 3317 δηλῶν.
223 3239 259 3304 In
284 3242 397 3324 primia
420 3240 516 3304 huius
539 3242 714 3304 sententiae
736 3240 841 3304 verbis
864 3248 940 3322 „aut
959 3239 1063 3303 λοιπὸν
1082 3243 1138 3302 aut
1158 3261 1260 3300 κατα-

63 3348 214 3414 λείπεται
244 3346 363 3411 diceres
387 3344 575 3410 abuudars.”
623 3345 673 3410 Ita
694 3345 855 3410 Mehlerus
879 3346 1001 3410 iudicat
1026 3352 1058 3408 et
1081 3344 1260 3427 adsentior,

63 3455 165 3523 modo
196 3473 236 3518 ne
263 3459 427 3537 propterea
457 3451 647 3516 alterutrum
678 3461 881 3538 expungatur
910 3453 945 3514 in
975 3449 1140 3536 Sophistas
1166 3468 1260 3533 opere

62 3562 241 3631 verborum
276 3561 365 3622 inani
401 3559 520 3622 tinnitu
555 3558 737 3644 gaudentis.
795 3558 835 3622 In
870 3557 998 3622 ultimis
1034 3557 1263 3622 sententiarum

63 3678 160 3736 teum
184 3666 404 3752 perturbatur,
430 3665 634 3748 quamobrem
660 3664 840 3730 Mehlerus:
868 3666 960 3742 „fort
986 3663 1189 3730 inserendum
1214 3668 1263 3728 est

63 3774 163 3844 οὕτως
194 3774 277 3837 inter
307 3769 354 3836 οὖν
386 3778 418 3834 et
449 3768 582 3834 είωθεν.”
631 3770 771 3835 Facilius
801 3772 887 3837 idem
921 3791 1151 3856 consequemur
1183 3773 1261 3835 scri-

64 3881 191 3949 bendo:
226 3875 340 3962 (ider)
372 3874 439 3942 ὅλον
469 3878 570 3941 είωθεν
601 3876 757 3957 θνομοίζειν
789 3878 840 3942 τδν
873 3878 1041 3959 ἄνθρωπον,
1067 3881 1167 3943 eiecto
1192 3870 1260 3953 οὖν,

63 4008 167 4076 prave
191 3988 347 4049 insertum
371 3991 409 4050 nt
431 3984 603 4048 sententiae
629 3990 804 4048 occurreret
827 3988 943 4049 ruenti.
979 3984 1067 4051 Solet
1092 3987 1138 4049 sio
1158 3984 1261 4049 Hera-

63 4095 185 4170 clitus,
222 4128 266 4139 -
301 4091 478 4156 adscribam
512 4111 612 4174 pauca
645 4089 791 4173 exempla
826 4090 864 4155 de
899 4091 1030 4174 multis,
1064 4128 1104 4139 -
1139 4112 1169 4175 p.
1204 4091 1262 4154 15:

64 4201 170 4283 εὑρέθη
184 4196 308 4278 πρέπον
334 4199 469 4261 ἐπίθετον
492 4198 534 4277 τῷ
558 4197 633 4276 ἡλίῳ
654 4197 705 4260 δια
725 4199 784 4265 τοὶς
807 4197 935 4269 οίκτῖνας
958 4199 993 4263 τὸ
1012 4196 1166 4277 χρυσοίωρ.
1187 4193 1261 4275 ὅθεν,

64 4305 175 4387 οἶμαι,
196 4306 255 4368 κοὶν
275 4313 312 4385 τῇ
333 4304 490 4386 θεομαχίρι
508 4302 665 4368 Ποσειδῶνι
678 4299 806 4367 ίοτοιται
821 4303 1078 4382 διαμιλλώμενος.
1103 4303 1145 4370 Et
1156 4325 1187 4391 p.
1203 4303 1262 4370 56:
