2978 4950
709 130 774 199 508

145 324 264 408 quioris
285 321 472 387 scholiastae
495 322 696 386 annotatione
720 321 883 408 excerpta''
907 324 986 406 sint,
1013 359 1054 370 —
1080 341 1163 407 quae
1183 318 1330 385 Diodorii

143 431 299 496 sententia
334 434 399 512 est,
426 466 466 474 -
491 434 528 491 ut
564 430 605 490 ad
637 430 754 491 vebum
786 430 972 493 consentiant
1002 450 1077 494 cum
1104 430 1282 512 antiquiore
1301 435 1330 492 ct

146 537 289 601 uberiore
313 533 432 600 scholio
456 555 494 617 ex
518 532 563 612 Q,
589 539 683 618 atque
707 555 743 599 eo
766 541 891 600 tautum
916 535 976 600 hoc
996 537 1060 599 sint
1079 533 1330 620 pleniora,qucd

145 643 444 728 interpretationum
486 647 629 705 auctores
664 640 832 727 adscripsit
867 641 1101 730 Etymologus‚
1137 644 1249 707 omisit
1282 645 1331 706 aut

126 749 349 815 'Ambrosiani
380 754 436 813 aot
465 749 534 812 eius
564 748 755 832 exemplaris
784 749 904 824 scriba,
935 752 1003 813 sive
1035 770 1111 814 casu
1135 749 1196 813 hoc
1220 749 1330 814 sactum

146 864 194 923 est
228 859 301 922 sive
330 861 368 919 ut
403 854 601 919 describendi
619 851 781 919 taedium
818 856 1105 940 compendifaceret
1144 857 1215 921 sive
1257 854 1329 940 quod

146 964 302 1049 marginis
327 959 530 1047 premebatur
553 963 722 1048 angustiis.
748 962 807 1026 Sed
833 963 892 1027 hoc
917 962 1029 1027 obiter.

189 1199 223 1253 p,
249 1172 324 1238 442.
373 1172 484 1239 Ulixes
507 1177 657 1260 quoniam
681 1177 784 1259 procis
809 1173 873 1239 alia
895 1177 1003 1239 omnia
1029 1173 1068 1239 de
1093 1174 1254 1239 ermribus
1273 1176 1331 1238 suis

145 1282 287 1346 namvit
310 1301 405 1365 quam
429 1280 587 1373 Eumaao,
611 1282 794 1346 adnotatur:
827 1279 994 1345 πέπεισται
1022 1281 1036 1344 d
1055 1279 1198 1357 Εὔμαιος
1219 1280 1327 1353 etanta

146 1388 230 1469 αὐτῷ
261 1387 468 1465 διηγήσασθαι
490 1389 542 1452 τὸν
564 1390 717 1465 μεταίτην
740 1387 791 1453 διά
810 1389 869 1462 ’τὴν
893 1389 1028 1465 εὔνοιαν,
1053 1388 1107 1453 καὶ
1132 1393 1240 1452 ταῦτα
1263 1390 1327 1466 πρὸς

146 1494 201 1568 τίιν
228 1493 406 1569 Πηνελόπην
428 1494 535 1572 μηνύει
559 1498 624 1574 περὶ
652 1497 747 1560 αὑτοῦ
767 1497 805 1568 ὥς
827 1495 920 1566 αὐτὸς
941 1495 1059 1570 ἤκουσε.
1075 1493 1165 1580 (HQ)
1178 1494 1328 1560 Praestat·

147 1602 283 1668 ταύτά
308 1640 349 1652 --
375 1592 397 1667 ά
421 1602 499 1667 καὶ.

191 1835 224 1891 p,
250 1808 327 1876 443.
376 1809 427 1876 Ad
458 1812 595 1890 Δμήτορι
629 1811 760 1890 Ἰαοίδη,
794 1808 824 1883 ὃς
856 1811 977 1890 Κύπρον
1008 1808 1058 1894 ἶφι
1091 1809 1230 1878 άνασοεν
1258 1809 1331 1877 inv

146 1915 283 2005 legitur:
308 1919 358 1983 cai
384 1923 415 1984 ἐν
439 1918 548 1983 ’Ἰλιάδι
577 1919 685 1984 πολλοὶ
712 1920 768 1984 ὑπὸ
793 1918 951 1996 βασιλέας
976 1915 1063 1993 ἦσαν.
1088 1919 1262 1986 Barnesius
1284 1917 1333 1984 τά·

60 2046 63 2051 ·
145 2039 210 2097 λεις
245 2023 401 2108 ediderat,
437 2027 470 2090 in
506 2025 596 2090 editt.
629 2032 708 2091 vett.
740 2032 898 2111 punctum
930 2033 979 2090 est
1010 2012 1082 2111 post
1107 2026 1239 2109 Ἰλιάδι,
1263 2045 1333 2111 quac

146 2130 227 2196 duae
259 2152 307 2197 ras
339 2131 422 2196 nihil
452 2130 575 2197 faciunt
609 2133 648 2197 ad
672 2132 786 2198 scholii
811 2133 1038 2197 obscuritatem
1064 2131 1116 2198 vel
1141 2131 1333 2218 aliquatenus

145 2234 329 2304 tollendam.
386 2236 489 2322 ¹‚Hinc
524 2242 666 2324 suspicor
701 2241 837 2324 primam
874 2238 989 2304 scholii
1026 2245 1153 2324 partem
1191 2240 1332 2305 mutilam

146 2365 233 2428 esse2
262 2366 342 2430 quae
372 2349 567 2411 mentionem
593 2344 731 2433 Cinyrae
755 2370 793 2412 ex
818 2345 921 2412 Iliade
944 2346 1023 2411 olim
1048 2346 1217 2432 habuerit,
1240 2354 1334 2434 poste

146 2453 260 2516 riorem
295 2458 402 2517 autem
437 2451 641 2537 depravatam
674 2474 712 2517 ex
736 2453 802 2527 his,
828 2452 935 2516 πολλοὶ
961 2454 1023 2530 γάρ
1048 2452 1172 2531 Κύπρον
1195 2456 1332 2531 βασιλεῖς

148 2555 241 2632 dccc:
279 2559 343 2622 vid.
376 2557 473 2623 schol.
508 2560 582 2622 442.
616 2559 705 2622 11111.”
752 2559 800 2624 116
832 2559 1060 2633 Buttmannus‚
1086 2563 1142 2644 qui
1167 2583 1278 2626 verum
1302 2561 1333 2624 de

147 2686 235 2729 more
259 2666 435 2739 divinavit,
461 2669 520 2730 etsi
544 2688 627 2729 nunc
648 2665 709 2729 loci
731 2667 981 2731 emendationem
1005 2666 1107 2731 affecit
1125 2670 1232 2754 magis
1246 2688 1331 2751 quam

146 2773 288 2857 perfecit.
325 2771 443 2836 Verum
476 2779 541 2848 est,
574 2773 690 2836 mutila
724 2780 829 2836 nostra
859 2779 998 2856 spectare
1022 2776 1261 2856 quaestionem,
1286 2795 1334 2837 cur

147 2884 239 2962 pcata
270 2881 302 2941 in
332 2877 430 2942 Iliade
454 2876 607 2963 Cinyram
634 2876 731 2964 Cypri
758 2900 866 2964 regem
892 2879 1007 2942 dixerit
1034 2878 1073 2963 ¹),
1101 2900 1185 2943 nunc
1211 2879 1333 2944 Dmeto

147 3006 232 3061 rem,
266 3005 361 3069 quam
394 2994 425 3048 et
450 2987 671 3050 Aristarchum
698 2989 844 3071 attigisse
869 2992 976 3048 contra
1000 2984 1197 3050 chorizantcs
1224 2990 1332 3051 verosi·

146 3090 321 3155 millimum
348 3099 394 3156 est
419 3099 450 3154 ct
475 3095 505 3155 in
533 3113 626 3176 quam
652 3092 782 3178 Lyticos
806 3092 918 3175 cupide
937 3090 1093 3156 involasse
1114 3113 1177 3156 non
1200 3092 1333 3177 estquod

146 3200 311 3263 miremur.
360 3199 475 3263 Nostra
505 3199 682 3262 Aristarchi
714 3202 904 3263 sententiam
929 3198 1041 3262 referre
1066 3201 1331 3273 existimaverim,

146 3325 246 3389 neque
277 3311 384 3369 tamen
409 3308 515 3369 itaut
540 3304 709 3370 Aristonici
736 3306 832 3369 verba
857 3304 1043 3386 exhibeant,
1070 3305 1124 3369 sed
1149 3309 1183 3369 in
1207 3306 1333 3391 quaesti·

146 3413 214 3475 onis
245 3414 517 3496 responsionisque
550 3413 685 3476 formam
724 3412 922 3495 sequioribus
959 3410 1141 3474 adamatam
1179 3433 1332 3478 conversa.

145 3514 267 3601 Nempe
291 3519 408 3583 mutila
432 3521 478 3582 sic
502 3518 676 3602 supplenda
700 3519 847 3581 arbitror:
876 3517 927 3580 καὶ
953 3517 1053 3600 (μὴν)
1080 3519 1109 3580 ἕν
1135 3519 1246 3584 Ἰλιάδι
1269 3527 1333 3601 (Ks-

146 3621 264 3701 νύραν
296 3623 438 3703 εἴρηκε.
470 3626 608 3705 ῥητέον
633 3621 698 3688 οὖν
722 3621 798 3706 ὅτι)
824 3623 931 3686 πολλοὶ
958 3623 1117 3700 Κύπρου
1142 3625 1333 3700 βασιλεῖς

147 3724 233 3802 ἦσαν.
280 3732 373 3795 Arcte
398 3733 474 3795 haec
499 3732 717 3817 coniungenda
748 3769 782 3778 -
811 3731 893 3814 quod
920 3729 1004 3794 idem
1030 3728 1252 3797 Buttmannus
1276 3756 1334 3818 per·

146 3838 249 3920 spexit
278 3876 318 3885 —
344 3859 419 3902 oum
444 3841 483 3901 iis
507 3858 586 3922 quae
611 3859 649 3901 ex
674 3836 735 3915 HQ
760 3835 799 3900 ad
821 3836 1060 3919 praecedentem
1076 3858 1208 3902 versum
1223 3839 1336 3925 prolata

146 3947 234 4005 sunt:
260 3940 304 4006 ὅτι
330 3945 378 4007 cisi
404 3943 580 4014 πολλοὺς
606 3939 721 4023 εἶχεν
748 3945 764 4016 ἡ
790 3942 941 4019 Κύπρος
963 3941 1162 4017 βασιλεῖς
1186 3947 1216 4008 ἐν
1240 3948 1335 4024 ταύτῷ·

145 4053 222 4127 Φησι
258 4051 309 4111 καὶ
346 4050 359 4113 ά
391 4049 561 4129 Μένανδρος
594 4052 623 4113 ἐν
657 4050 856 4128 Μισουμένῳ,
888 4069 1022 4133 quorum
1057 4043 1231 4118 verborum
1265 4056 1336 4118 ratio

179 4283 206 4345 1)
225 4283 323 4334 Disertis
340 4291 419 4337 tamen
438 4289 513 4338 verbis
531 4289 554 4337 id
573 4289 598 4336 in
619 4288 692 4336 Iliade
711 4288 747 4350 (A
767 4289 806 4344 20,
826 4287 870 4349 21>
890 4301 936 4333 uon
955 4285 1114 4348 significatur.
