2978 4950
712 184 776 253 387

145 392 210 459 qno
241 377 275 439 ei
296 374 366 459 ipso
396 375 522 460 egimus
531 376 554 457 ,)
586 395 644 439 nec
666 373 752 439 male
774 377 808 439 in
832 374 870 452 Τ,
894 375 978 441 unde
1002 380 1125 440 caetera
1148 375 1334 448 manarunt,

144 481 187 544 ἐκ
213 480 280 544 θεοῦ
300 481 508 556 ε’μπνενοθεός.
544 478 607 545 Sed
630 483 663 545 in
685 480 806 546 scholio
826 503 843 545 a
864 482 1062 566 sequioribus
1083 478 1335 564 compendifacto

144 594 179 652 et
204 589 358 672 rescripto
384 585 460 652 talia
483 590 603 652 intacta
627 587 805 672 relinquere
827 591 928 653 satius
951 591 1022 653 erit.

191 803 229 887 ό,
256 802 331 867 515.
352 804 473 867 Ἤειδεν
497 804 523 865 δ’
547 806 585 875 ὥς
610 802 692 866 ἄστυ
717 801 872 880 διέπραθον
896 797 958 873 υἷες
983 803 1122 882 Ἀχαιῶν

353 909 481 974 ἱππόθεν
507 911 690 992 ἐκχύμενοι,
715 917 813 973 κοῖλον
836 909 931 988 λόχον
956 907 1200 985 ἐκπρολιπόντες.

354 1013 449 1080 ἄλλον
472 1017 498 1080 δ’
522 1014 606 1095 ἄλλή
630 1014 712 1079 ἄειδε
739 1016 828 1080 πόλιν
851 1014 1029 1093 κεραϊζέμεν
1053 1015 1168 1092 αἰπήν,

356 1123 457 1201 αῦτόορ
481 1123 641 1195 Ὀδυσσῆα
665 1123 751 1198 προτὶ
775 1123 906 1198 θώματα
932 1121 1103 1202 Δηϊφόβοιο

352 1229 489 1306 βήμεναι
513 1230 580 1301 ἠΰτ’
600 1232 703 1306 ’Άρήα
729 1228 782 1293 σὺν
803 1229 927 1308 οῦντιθέςο
940 1230 1101 1308 Μενελοθῳ.
1122 1227 1340 1314 (514-518).

144 1334 225 1401 Sine
252 1334 405 1400 lemmate
428 1335 468 1400 ad
491 1357 537 1399 vs.
564 1334 629 1399 515
654 1334 732 1399 hacc
755 1336 855 1400 relata
879 1344 953 1400 sunt
976 1357 1015 1400 ex
1038 1334 1089 1399 H:
1113 1334 1209 1400 ἄλλον
1232 1334 1340 1411 τρόπον

146 1438 354 1521 ἐξετραγῴθει
386 1443 423 1511 ὡς
455 1443 509 1513 τήν
536 1442 626 1505 πόλιν
650 1443 818 1520 πορθοῦντα
841 1443 893 1506 καὶ
918 1443 1149 1522 διαφθείραντα.
1197 1440 1270 1507 Non
1294 1447 1342 1507 esi

146 1567 291 1635 magnac
323 1550 508 1634 sagacitatis
535 1549 728 1632 perspicere,
753 1568 888 1632 quorum
913 1569 1062 1613 versuum
1087 1548 1286 1633 paraphrasis
1309 1550 1342 1611 in

147 1654 202 1719 his
240 1654 355 1730 lateat,
387 1656 446 1718 etsi
476 1656 569 1719 initio
600 1653 728 1718 mutilis
757 1662 788 1719 et
819 1660 978 1739 praetereo
1008 1655 1165 1720 tralaticio
1192 1658 1273 1720 vitio
1297 1658 1342 1719 in-

118 1760 255 1845 ‚i'cctis
301 1760 486 1845 Respiciiur
508 1781 619 1825 versus
643 1759 726 1824 516:
752 1759 847 1824 ἄλλον
871 1762 897 1824 δ’
922 1759 1006 1840 οἳλλρ
1030 1760 1112 1825 όειθε
1132 1760 1223 1824 πόλιν
1244 1765 1343 1840 κεραϊ-

149 1864 246 1946 ζέμεν
268 1867 372 1938 αἰπήν.
420 1867 533 1952 Itaque
556 1870 588 1930 in
613 1867 698 1931 hunc
720 1868 853 1932 modum
878 1869 986 1933 omnia
1009 1869 1194 1954 corrigenda
1217 1873 1249 1932 ci
1269 1889 1342 1952 sup-

147 1972 269 2060 plenda
299 1973 464 2039 videntur:
497 1974 741 2058 (ἐκχυθέντα
773 1975 895 2037 όιλλον
922 1975 1030 2056 κατ’)
1061 1974 1188 2038 ἄλλον
1219 1974 1343 2037 τόπον

146 2077 353 2160 reseratori-ee
384 2081 421 2151 ὥς
453 2082 508 2151 τήν
539 2081 627 2143 πόλιν
659 2082 824 2158 πορθοῦντα
857 2082 909 2144 καὶ
936 2082 1206 2159 διαφθείροντα,
1231 2087 1263 2145 et
1286 2101 1343 2145 no·
1402 2151 1404 2155 ,

149 2186 286 2251 tandum
330 2186 382 2250 hic
425 2207 550 2271 quoque
586 2186 786 2268 ἐξετραγῴδει
821 2188 1007 2271 respondere
1043 2185 1214 2252 Homerico
1249 2183 1344 2251 ἄειδε.

147 2290 278 2358 Ultima
307 2291 404 2357 verba
433 2298 507 2357 sunt
530 2295 630 2358 eiiam
653 2293 686 2356 in
711 2293 737 2372 Q
761 2313 835 2356 cum
859 2292 1010 2357 lemmate
1034 2293 1121 2357 πόλιν
1146 2291 1342 2372 κεραϊζέμενι

145 2400 205 2471 τήν
232 2398 322 2461 πόλιν
352 2400 516 2475 πορθοῦντα
551 2400 603 2462 καὶ
632 2400 862 2477 διαφθείροντα,
888 2398 971 2462 unde
994 2401 1028 2462 in
1049 2397 1082 2463 H
1107 2419 1231 2483 quoqne
1255 2419 1342 2482 prae·

146 2526 222 2570 aens
245 2507 390 2589 rescripsi
414 2525 469 2589 pro
495 2508 621 2571 aoristo.
669 2506 805 2570 Factum
825 2511 873 2569 cst
893 2511 1001 2569 autem
1021 2505 1074 2569 hic
1093 2504 1179 2570 idem
1200 2525 1235 2569 ac
1247 2525 1343 2587 supra

145 2612 189 2676 ad
212 2632 261 2674 vs.
286 2609 369 2675 499:
391 2618 526 2696 utroque
547 2612 653 2677 codice
672 2613 798 2677 uberior
817 2621 865 2675 est
885 2609 1211 2696 Hamburgcnsis,ad
1223 2609 1344 2676 lemma

144 2700 277 2781 ἱππόθεν
311 2717 474 2796 ἐκχύμενοι
499 2718 576 2782 haec
600 2718 768 2783 exhibens:
794 2718 955 2793 ἐνάργειαν
979 2718 1100 2790 ἐποίησε
1124 2718 1175 2781 irc
1200 2718 1343 2788 ταύτην

144 2824 222 2897 τήν
245 2821 315 2898 λέξ
325 2845 375 2886 ιν·
401 2824 704 2894 καταλείποντες
725 2824 789 2902 γὰρ
809 2825 861 2887 τόν
874 2832 973 2888 κοῖλον
987 2824 1082 2902 λόχον
1094 2825 1145 2888 καὶ
1161 2823 1342 2904 ἐκχυθέντες

144 2929 237 2994 αατόο
261 2931 316 3004 τήν
338 2929 429 2994 πόλιν
453 2928 591 3010 ἐπόρθουν
616 2931 723 3004 αὐτήν.
746 2929 798 2993 καὶ
820 2927 917 2998 όιλλοι
939 2929 996 3004 μὲν
1016 2931 1165 3008 ἀλλαχοῦ
1184 2931 1238 3001 τήν
1251 2931 1343 3008 όρμήν

143 3037 315 3107 ἐποιήσατο
346 3037 384 3107 ὥς
417 3036 479 3099 ἐπὶ
514 3035 639 3109 νυκτός,
671 3037 685 3099 ό
717 3037 748 3099 δὲ
777 3034 946 3105 Ὀδυσσεὺς
971 3035 1026 3099 σὺν
1050 3040 1092 3115 τῷ
1116 3036 1268 3116 Μενελοόῳ
1292 3037 1342 3100 r'rri

143 3144 199 3206 τόν
235 3141 414 3221 Δηΐφοβον·
448 3142 499 3206 καὶ
532 3143 673 3215 ἐνίκησαν
704 3144 813 3222 γνώμῃ
846 3142 977 3213 Ἀθηνόις
1009 3141 1181 3207 δεινότατον
1209 3142 1344 3218 πόλεμον

143 3250 476 3323 πολεμήσαντες.
525 3248 615 3328 Quod
643 3248 740 3315 codex
765 3248 937 3313 ἀπόκοιτόν
962 3249 1058 3328 λόχον
1080 3248 1240 3313 Prellerns
1264 3251 1343 3315 bene

142 3356 305 3430 correxit,
336 3356 374 3426 ὥς
406 3354 456 3417 ἐπὶ
489 3355 612 3424 νοκτθο.
642 3356 725 3438 quod
758 3353 903 3441 intellegi
935 3358 1063 3438 nequit,
1086 3356 1229 3421 eiusdem
1253 3358 1345 3434 παρό-

143 3484 239 3539 ραμα
276 3481 341 3525 esse
372 3461 483 3527 docuit
517 3460 740 3536 Ludwichius,
773 3481 848 3525 cum
879 3460 976 3525 codex
999 3463 1038 3531 ὡς
1063 3459 1214 3541 ἔτυχον
1239 3462 1345 3534 νυκτός

145 3566 302 3654 praebeat
333 3570 462 3654 egregio
497 3588 606 3642 sensu,
638 3572 761 3631 caetera
795 3569 922 3630 minuta
952 3566 1019 3650 ipse
1051 3571 1217 3654 corrigam.
1265 3568 1344 3633 Seri·

145 3673 293 3741 bendum
325 3675 451 3757 itaque:
483 3673 645 3752 ε’νοόρχειαν
674 3671 795 3743 ἕποθήσε
827 3673 877 3736 διόι
909 3674 1048 3744 ταύτης
1078 3681 1149 3746 τῆς
1179 3672 1346 3762 λέξεως,

142 3787 179 3849 et
217 3779 510 3849 καταλιπόντες
545 3780 608 3856 γόιρ
644 3780 694 3843 τόν
727 3786 825 3842 κοῖλον
856 3779 971 3858 λόχον,
1004 3788 1041 3844 nt
1071 3781 1105 3844 in
1133 3778 1274 3844 Homero
1299 3788 1346 3844 eat

146 3886 344 3973 flagitatque
379 3906 512 3970 nequens
546 3886 743 3966 ἐκχυθέντες,
777 3896 809 3950 et
839 3887 872 3951 in
904 3884 982 3950 fine:
1015 3885 1185 3950 δεινότατον
1209 3885 1345 3960 πόλεμον

142 3992 461 4069 τολμήσαντες,
492 4012 566 4055 nam
599 3992 658 4056 hoc
690 4011 814 4076 quoque
843 3994 889 4057 sic
920 3992 1003 4075 apud
1035 3991 1215 4060 Homerum
1244 3998 1292 4057 cst
1314 3998 1347 4056 ei

146 4103 185 4166 in
209 4096 315 4163 simili
339 4097 521 4182 paraphrasi
545 4118 582 4162 ex
608 4097 635 4175 Q
659 4097 698 4162 ad
722 4118 767 4161 vs.
796 4097 879 4165 519:
902 4094 962 4176 ἔφη
983 4098 1013 4162 δὲ
1033 4100 1192 4164 αἰνότατον
1212 4096 1346 4175 πόλεμον

147 4205 365 4284 τολμήσαντα
389 4201 500 4268 ἔπειτα
525 4209 655 4276 νικήσαι.
