2978 4950
711 230 776 299 let

147 424 291 489 Multum
324 421 400 486 olim
434 421 473 486 de
502 421 552 486 his
579 425 724 489 semibus
754 423 935 487 dubitatum
967 426 1033 509 est,
1058 447 1131 491 cum
1157 424 1214 490 slii
1238 423 1314 489 Δὲκτ

148 551 203 615 pro
237 530 365 594 nomine
396 530 522 612 proprio
556 529 748 614 acciperent.
781 529 855 605 alii,
887 532 921 593 in
951 530 1002 594 his
1035 531 1259 614 Aristarchus,
1281 552 1314 617 pr

148 636 302 702 mendico.
350 635 416 699 Nee
445 634 604 716 scholion,
636 636 720 700 unda
743 637 824 701 hano
847 635 1022 701 doctrinam
1048 641 1246 723 accepimus,
1273 643 1314 702 sui

146 741 303 807 molestiis
326 746 428 805 vacat.
454 744 492 802 '0
513 741 655 812 κυκλικὸς
680 742 715 805 τὸ
741 743 844 817 Adara
866 743 1051 818 ὀνοματικῶς
1069 744 1190 821 eineder,
1214 745 1314 823 πκρί

147 855 225 929 <taor
261 848 312 911 τὸν
345 846 501 913 'olmeto
532 846 575 911 τοὶ
607 847 683 927 ῥάκη
713 848 859 925 actitaret
894 848 1135 930 μετημφιάοθοιι
1162 851 1205 932 1)·
1230 845 1314 921 desti

147 951 181 1028 ds
213 954 242 1018 ἕν
273 960 345 1023 τοῖς
377 952 464 1016 κοινοὶ
496 958 627 1024 τοιοῦτος
657 949 713 1024 οἷος
740 954 908 1026 Ὀδυσσεὺς
936 956 1105 1042 [tigmine]
1130 955 1314 1036 ’Asturam

145 1061 177 1124 δὲ
207 1060 298 1140 δέκτῃ
328 1059 385 1133 μὲν
418 1060 551 1141 ἐπαίτῃ,
576 1059 611 1122 τὸ
634 1059 666 1123 δέ
693 1057 744 1135 „tr
769 1060 851 1125 οὐδὲν
873 1069 950 1132 τοῖος
975 1061 1061 1139 ἓιικ,”
1084 1065 1127 1142 τῷ
1153 1063 1314 1142 isaniori

146 1167 299 1242 ἐναντίοι,
330 1157 361 1235 te
393 1168 447 1229 oria
477 1161 510 1238 ἦν
534 1170 665 1237 τοιοῦτος
693 1168 723 1250 [d
747 1167 949 1255 ’οδυοοεύς],
969 1169 1044 1232 ἀλλ’
1066 1151 1265 1244 {adsiduam
1283 1193 1313 1233 ιιι

145 1270 505 1351 μεγαλοπρεπέστατος,
532 1272 630 1342 ἴκελος
656 1272 686 1336 δὲ
707 1273 829 1354 ἐπαίτῃ.
853 1274 1015 1360 (HMQT.)
1040 1275 1106 1341 Neo
1137 1278 1222 1341 strui
1253 1294 1313 1341 com

147 1380 241 1446 mode
270 1400 328 1443 neo
360 1377 507 1465 intellegi
538 1385 661 1463 potest:
691 1375 722 1449 ὃς
747 1382 799 1444 οὐκ
824 1375 857 1453 ἦν
882 1381 912 1444 ἐν
935 1390 1006 1452 τοῖς
1031 1381 1119 1447 sauri
1151 1387 1310 1447 τοιοῦτο

146 1482 226 1556 οἷος
253 1483 475 1555 ὀδοττεὺς
499 1485 676 1561 ἀχρεῖος.
708 1484 780 1551 Νοιι
804 1506 913 1571 premo
937 1509 1019 1553 nuno
1043 1488 1094 1561 id,
1118 1490 1203 1573 quod
1226 1491 1259 1552 in
1277 1487 1313 1552 hs

145 1594 405 1678 interpretatione
429 1590 597 1655 relativum
624 1587 654 1658 tc
675 1599 780 1655 contro
802 1614 979 1676 expressam
999 1594 1101 1679 ipsius
1120 1599 1233 1680 politae
1250 1615 1313 1659 men

146 1707 211 1766 tem
243 1698 283 1763 sd
306 1718 416 1763 vocem
441 1697 532 1775 δέκτῃ
555 1701 713 1780 pertinere
736 1701 928 1765 censendum
953 1708 1018 1779 est,
1043 1705 1098 1786 qui
1122 1707 1171 1767 est
1194 1702 1313 1787 ipsorun

146 1806 430 1894 grammaticorum
467 1803 640 1869 Homerica
678 1825 840 1888 perperam
877 1806 1106 1892 explicantium
1143 1828 1244 1881 error,
1278 1827 1313 1871 se

146 1915 204 1980 hoc
236 1932 367 1997 quaero:
405 1910 600 1975 adiectivnm
639 1912 763 1988 ἀχρεῖος
799 1912 838 1976 sd
875 1912 1045 1978 Ulixemne
1079 1920 1202 1997 spectat
1233 1934 1271 1979 an
1291 1933 1313 1978 κ

147 2021 265 2086 Deeten
295 2014 416 2082 istem?
448 2018 480 2079 Si
516 2015 556 2081 ad
590 2014 737 2090 Ulixem,
774 2021 845 2102 quis
880 2039 975 2083 sanus
1011 2020 1096 2084 hunc
1126 2041 1146 2085 a
1175 2019 1312 2086 veteribu

146 2125 366 2216 grammaticis
397 2126 522 2202 ἀχρεῖον
553 2122 674 2186 dictum
708 2124 875 2189 autumet?
910 2128 956 2190 Ac
987 2148 1026 2191 ne
1057 2129 1125 2191 sine
1146 2128 1312 2214 grsrissim

146 2232 274 2319 quidem
307 2229 510 2304 soloecismo,
542 2249 616 2292 nam
644 2225 675 2298 ὃς
708 2232 759 2294 οὐκ
785 2225 993 2303 invisenda
1020 2233 1189 2302 Ὀδυσσεὺς
1212 2235 1312 2314 aimei:

146 2342 301 2422 seriptum
338 2336 510 2420 oportebat.
557 2334 619 2400 sed
649 2336 698 2400 lac
728 2338 766 2401 de
796 2341 858 2403 isto
884 2339 987 2417 Atura
1009 2340 1226 2425 accipiendum
1250 2359 1312 2405 esse

147 2445 230 2531 quod
255 2443 321 2507 sine
345 2442 441 2506 dubio
460 2441 665 2525 interpolator
684 2442 829 2524 volebat,
850 2465 952 2510 nonne
972 2443 1001 2516 ὃς
1023 2449 1075 2511 οὐκ
1090 2443 1123 2519 ἦν
1136 2426 1296 2517 τοιοῦτος’·

147 2553 236 2615 ἀλλ’
260 2552 383 2626 ἀχρεῖος
408 2551 435 2613 ei
462 2547 630 2611 dicendum
655 2547 744 2612 eret?
769 2550 877 2615 Eiecto
901 2552 1035 2618 molesto
1059 2554 1312 2638 vocabulo,un

145 2678 238 2724 nemo
270 2657 420 2739 requirit,
453 2655 537 2718 idem
562 2654 680 2718 dicitur
704 2667 759 2719 aut
784 2660 890 2741 potius
913 2680 952 2722 ex
975 2681 1008 2723 re
1032 2663 1101 2744 ipsa
1125 2660 1312 2749 intellegitis

146 2766 277 2829 Dixerat
300 2763 532 2847 grammaticus
557 2769 665 2837 vetus,
692 2799 732 2810 -
758 2764 838 2827 mihi
863 2766 991 2848 quidem
1018 2788 1055 2830 ex
1081 2767 1224 2854 Didymo
1246 2767 1312 2832 soh·

144 2872 210 2935 liou
234 2869 362 2932 fluxisse
385 2865 529 2938 videtur,
543 2864 569 2943 ⁹)
593 2904 633 2914 -
659 2866 792 2933 Homeri
816 2871 929 2934 verba:
956 2869 985 2941 ὃς
1010 2873 1091 2937 οὐδὲν
1115 2881 1195 2938 τοῖοι
1215 2875 1264 2946 tas
1281 2873 1312 2938 ἐς

145 2977 246 3050 νηυσὶν
276 2977 414 3052 ’Λχοιιῶι
439 2994 478 3035 ex
506 2992 614 3036 eorum
641 2978 797 3038 sententia
822 2979 1045 3060 interpretans.
1073 2983 1128 3063 qui
1154 2982 1256 3059 Δέκτιι
1278 2999 1311 3065 p]

144 3084 272 3148 nornine
296 3079 420 3164 proprio
444 3081 636 3162 acciperent,
666 3084 739 3164 „qui
763 3080 904 3166 (Deotes)
931 3085 1012 3168 apud
1041 3083 1214 3151 Graiorum
1242 3107 1311 3152 nau¹

144 3205 341 3272 nequaquem
363 3205 398 3247 ea
419 3184 576 3270 dignitate
597 3194 680 3260 erat,
702 3207 763 3267 qus
783 3196 849 3251 erat
876 3188 1018 3266 Ulixes”;
1047 3192 1217 3277 adscripsit
1239 3197 1311 3258 inte?

146 3294 280 3379 polator:
304 3292 443 3372 ἀχρεῖος,
465 3293 628 3355 verissime
647 3291 728 3355 illud
750 3292 878 3376 quidem
900 3297 953 3360 sed
974 3300 1106 3363 minime
1124 3303 1311 3367 necessario]

186 3478 205 3485 μ
224 3475 315 3483 .-——·..

179 3594 202 3643 li
227 3587 412 3648 Μοτημφιέπθιιι
435 3588 474 3642 ll,
496 3588 535 3633 sed
555 3602 608 3635 curu
631 3602 677 3634 uon
700 3588 818 3650 sequiores
837 3593 929 3638 tautum
949 3592 1093 3640 scholiastae
1111 3596 1150 3642 sed
1169 3600 1192 3644 et
1209 3599 1311 3663 scriptos

144 3687 178 3729 set
200 3680 303 3743 antiqui,
327 3678 374 3725 is.
399 3675 554 3741 Plutarchus,
574 3674 670 3723 verbum
689 3672 817 3737 ἀμφιέζειν
836 3679 943 3743 analogia
961 3683 1041 3730 fictum
1060 3699 1115 3732 cum
1132 3687 1267 3752 compositis
1283 3701 1311 3735 ot

145 3764 213 3812 nibus
240 3762 366 3825 usurpent,
385 3774 481 3821 —qua
505 3758 533 3804 dc
556 3773 581 3804 re
604 3757 692 3807 dictum
721 3764 755 3807 cst
773 3777 786 3808 s
804 3761 829 3809 L.
850 3762 970 3810 llirrdortio
989 3765 1012 3812 in
1032 3765 1158 3816 'l'hcsauro
1176 3769 1310 3834 Stephania

144 3852 168 3894 et
190 3861 203 3892 a
227 3843 356 3899 Lebedus,
368 3822 406 3876 ⁸—-
425 3855 525 3903 eumque
543 3840 684 3888 recentiores
701 3844 849 3905 grammatici
869 3845 905 3891 rol
924 3846 1048 3894 discrimen
1067 3852 1197 3900 commenti
1210 3852 1257 3901 sint
1270 3853 1311 3901 ini

144 3927 254 3996 ἀμφιέζω
276 3938 300 3981 et
322 3924 435 3991 κ’μφιάζιι
461 3925 577 3992 (Epimer.
600 3929 667 3976 κατὰ
690 3929 813 3993 στοιχεῖον
838 3934 861 3980 in
886 3935 992 3982 t'ramer.
1016 3938 1119 3985 Aneodd,
1145 3942 1238 3990 Oxonu.
1258 3941 1292 3999 ll,

146 4026 202 4079 338,
226 4025 285 4071 339·
314 4021 354 4068 καὶ
379 4020 409 4067 τί
432 4015 536 4079 διαφέροι
562 4018 592 4066 τὸ
615 4017 723 4082 &upside
747 4025 794 4069 τοῦ
819 4017 948 4082 intrices:
970 4021 1090 4086 διαφέρει·
1112 4026 1142 4074 τὸ
1161 4029 1206 4087 μὲν
1224 4024 1310 4091 ἀμφὶ

146 4110 202 4162 ἐστὶ
220 4119 314 4169 κοινῶς,
334 4111 365 4159 τὸ
383 4103 542 4169 statueretur
564 4112 673 4169 Δωρικόν,
694 4111 771 4173 ὥτπιρ
793 4114 823 4161 τὸ
843 4108 962 4173 ὁποπιέζιο
982 4114 1022 4162 καὶ
1039 4111 1196 4181 dromades),
1212 4109 1282 4169 maim

146 4209 225 4253 nostro
244 4219 336 4266 qnoque
354 4201 405 4249 loco
423 4197 607 4259 μετημφιάοθιιι
626 4202 777 4250 immutatum
797 4220 896 4251 serrare.

177 4288 202 4343 2)
222 4288 275 4333 Non
294 4284 356 4332 inter
376 4282 471 4344 ltidymi
491 4281 602 4344 reliquias
616 4285 703 4347 recepit
718 4285 869 4342 Schmidtius,
886 4287 1069 4349 necquidquam
1083 4286 1310 4339 dwenntlaroehi

146 4371 194 4416 Cur
211 4368 323 4415 taudem?
