2978 4950
713 166 779 235 tao

150 357 301 440 εἰρῆσθαι,
338 358 528 434 Σαλμωνεὺς
564 355 601 420 ἀν
632 359 768 438 Ὅμηρος
805 357 861 431 ein.
912 358 953 424 lit
985 379 1016 442 p.
1056 356 1118 424 73:
1150 357 1320 440 φυτικῆςδ

149 461 288 528 ἀπτεται
319 464 438 543 θεωρίας
472 464 524 526 καὶ
549 460 623 528 θταν
645 465 659 528 o‘
685 465 761 537 Ζεὺς
786 501 806 515 -
830 462 968 544 ἄρχηται
992 471 1050 528 τῶν
1075 464 1227 542 μεγάλυν
1248 466 1321 529 ἀτει-

146 575 215 634 λῶν.
259 569 297 633 Ρ.
332 567 414 633 134:
446 568 630 656 (Homerus)
662 572 804 648 σῆμαίνει
830 572 889 642 τάς
914 569 1139 647 εθαγεστάτας
1164 572 1220 656 (so.
1243 570 1322 655 θεοὺς)

147 683 211 748 τοῖς
247 675 379 755 ἀκριβῶς
412 677 534 752 ἐρευνᾶν
568 677 699 741 ἐθέλουσι
732 652 865 758 φυθικῆς
898 678 1020 756 θεωρίας
1052 677 1170 754 εὐσεβῆ
1200 679 1322 758 ἀφορμὴν

148 782 414 866 χαρίζεσθαι,
445 804 539 868 quem
563 783 669 848 locum
694 806 767 849 cum
790 783 951 848 Mehlerus
974 783 1148 850 infeliciter
1172 790 1321 861 tentasset,

148 909 187 953 ex
219 888 355 955 Soholiis
379 890 418 955 ad
443 889 619 976 Odysseam
643 891 878 956 emendandum
904 890 980 955 olim
1008 891 1076 955 dixi
1101 893 1137 956 in
1162 891 1321 957 Observatt

150 996 195 1081 (p.
220 993 263 1060 89
287 1001 367 1076 not.)
397 995 459 1060 Sed
491 999 635 1061 omnium
663 1000 803 1062 maxime
826 997 864 1062 ad
890 1004 995 1061 nostra
1019 997 1176 1063 secedunt
1198 997 1323 1082 quaele

150 1110 272 1191 guntur
295 1125 324 1188 p.
351 1102 410 1167 54:
432 1102 484 1167 καί
505 1102 616 1179 τὸμὲν
639 1100 778 1182 ἀφυκτον
799 1102 947 1181 ἔγκλημα
969 1106 1035 1182 περί
1057 1110 1117 1168 τῶν
1137 1104 1208 1176 Διὸς
1220 1105 1324 1182 ἀσεβῶν

150 1210 268 1288 δεσμῶν
290 1207 366 1275 οὕτω
390 1216 565 1291 Φυσικῆς
596 1210 851 1288 ἀλληγορίας
876 1209 964 1292 ἔχει
988 1212 1171 1291 θεωρίαν.
1221 1210 1324 1291 Quibus

150 1317 297 1381 omnibus
327 1316 405 1382 locis
428 1337 490 1381 non
516 1314 655 1379 multum
682 1317 786 1382 differt
809 1317 848 1382 ab
872 1319 1053 1402 aoaeptione
1076 1321 1167 1385 vocis
1189 1319 1324 1399 ἑρμηνεία

195 1524 231 1590 O.
256 1524 403 1591 XXXIII
429 1527 470 1611 (p.
497 1525 565 1612 68).
591 1525 746 1592 Hercules
764 1526 882 1592 dicitur
900 1526 1024 1593 leonem
1042 1529 1265 1613 prostravisse,
1282 1529 1324 1603 τῆν

149 1634 279 1715 ἀκρίτως
315 1633 453 1715 ὁρμῶσαν
488 1633 541 1714 ἐφ’
573 1625 594 1697 ἀ
626 1634 671 1709 μῆ
702 1633 750 1697 δεῖ
777 1634 894 1716 φοράν,
926 1636 1015 1699 κατ’
1049 1635 1151 1699 αὐτὸ
1176 1636 1208 1701 δὲ
1231 1633 1323 1714 θυμοὺς

149 1741 335 1819 ἀλογίστους
364 1739 503 1814 πεδῆτας
527 1743 577 1804 τὸν
601 1740 747 1819 ὑβριστὴν
771 1747 882 1821 ταῦρον
905 1741 1043 1817 θνομίσθῆ
1069 1741 1234 1807 δεδεκὲναι.
1277 1739 1325 1805 Re·

150 1850 304 1934 quiritur:
330 1850 416 1923 μετ’
440 1847 562 1913 αὑτὸν
587 1847 628 1913 δὲ.

194 2059 229 2126 O.
265 2059 411 2126 XXXIV
440 2060 483 2144 (p.
516 2057 585 2143 69):
621 2056 820 2136 Τετρυμίνῆν
851 2059 883 2123 δ’
902 2059 1039 2138 Ὅμηρος
1066 2059 1263 2137 ὑπεστήσατο
1283 2059 1326 2133 τὴν

148 2171 261 2250 Ἥραν,
289 2173 378 2233 τοῦτο
402 2165 535 2246 ἀκριβῶς
556 2175 757 2245 παραστῆσαι
778 2165 980 2243 βουλόμενος,
994 2162 1040 2230 ἀτι
1059 2168 1112 2233 τὸν
1131 2167 1247 2247 θολερὸν
1263 2166 1326 2249 ἀέρα
1347 2194 1368 2247 ,.:

152 2277 204 2341 καί
230 2277 299 2353 πρὸ
324 2283 395 2349 τῆς
420 2272 595 2337 ἕκάστου
620 2273 803 2342 διανοίας
828 2273 1099 2352 ε’παχλθοντα
1124 2277 1326 2353 πρῶτοςἩρα·

149 2391 226 2458 κλῆς
252 2382 317 2462 θείιρ
340 2379 535 2460 χρῆσάμενος
560 2379 643 2457 λόγῳ
668 2378 844 2463 διθρθρωσε,
868 2380 922 2454 τῆν
946 2381 1078 2444 ἕκάστου
1104 2385 1164 2445 τῶν
1185 2382 1326 2461 ἀνθρθτυν
1364 2398 1367 2404 ‘

150 2491 287 2568 ἀμαθίαν
332 2496 464 2556 πολλαῖς
501 2488 665 2557 νουθεσίαις
702 2491 914 2564 κατατρώσας.
979 2487 1046 2568 „Ex
1082 2487 1170 2552 felici
1207 2487 1326 2553 Sohowii

149 2595 383 2663 emendatione”
408 2595 528 2657 editum
555 2595 722 2656 ostiarius
746 2594 902 2672 διθρθρωτε
927 2615 1026 2677 aequo
1048 2594 1126 2658 alibi
1149 2595 1326 2678 quodscisn

148 2711 309 2789 repertum
344 2722 400 2784 pro
436 2704 544 2763 insano
580 2700 632 2762 hio
669 2699 834 2778 διῆρθρωσε.
895 2699 955 2763 Sed
991 2702 1213 2767 antecedentia
1247 2701 1328 2765 altius

149 2812 299 2875 mendum
325 2807 457 2871 obsIdet.
508 2806 597 2881 „Non
626 2806 773 2892 intelligo
799 2808 949 2870 uocabula
972 2809 1023 2869 καί
1048 2809 1105 2884 πρὸ
1130 2817 1186 2881 τῆς
1213 2810 1255 2872 ἐκ.
1276 2808 1326 2870 δια·

148 2918 229 2986 νοίας
266 2914 486 2994 ε’παχλθοντα,
524 2933 624 2995 neque
660 2915 743 2993 seio,
775 2934 836 2996 quo
868 2913 961 2976 modo
994 2917 1116 2996 possint
1151 2912 1328 2980 emendari.”

148 3025 199 3088 Ita
231 3022 404 3086 Mehlerus.
449 3019 638 3082 Emendatio
670 3019 750 3081 mihi
782 3019 915 3102 petenda
941 3020 1067 3084 videtur
1093 3041 1131 3084 ex
1157 3025 1256 3087 totius
1278 3021 1328 3085 dis

148 3133 321 3214 putationis
353 3135 467 3190 tenore.
517 3125 697 3188 Heraclitus
731 3128 836 3200 donet,
866 3146 928 3208 quo
952 3134 1043 3209 paeto
1068 3118 1194 3192 labores
1220 3131 1270 3213 qui
1291 3127 1328 3190 di·

148 3243 262 3298 cuntur
285 3234 432 3298 Herculis
457 3232 660 3318 allegoricam
687 3235 979 3316 interpretationem
1000 3234 1188 3298 admittant.
1214 3237 1328 3300 EtenIm

147 3340 301 3405 Hercules
336 3340 408 3413 ille,
442 3359 534 3422 quem
567 3341 633 3422 ipse
666 3341 770 3402 animo
800 3340 1000 3414 informavit,
1035 3341 1108 3417 ἀνὴρ
1141 3341 1265 3423 ἔμφρων
1285 3340 1327 3404 καί

147 3450 258 3526 σοφίας
295 3449 428 3524 οὐρανίου
458 3447 577 3519 μθστῆε
612 3447 745 3521 γεγονὼς
777 3448 903 3523 ὡσπερεί
936 3447 1021 3509 κατά
1054 3447 1190 3522 βαθείας
1221 3450 1327 3529 ἀχλθις

147 3554 363 3617 ὑποδεδυκυῖαν
401 3553 532 3631 ε’φθτισε
568 3552 622 3622 τῆν
654 3554 862 3628 φιλοσοφίαν,
898 3552 1035 3629 καθάπερ
1068 3552 1255 3631 ὁμολογοῦσι
1285 3554 1327 3618 καί

148 3667 287 3724 Στωικῶν
318 3661 341 3722 οί
375 3658 583 3732 δοκιμώτατοι.
634 3657 745 3740 Itaque
778 3659 828 3719 hio
858 3657 1011 3721 Hercules
1036 3666 1068 3722 et
1093 3659 1261 3726 libidinem
1285 3679 1328 3724 en·

146 3768 288 3830 turbavit
320 3788 335 3828 a
369 3769 434 3828 vita
459 3772 490 3827 ot
515 3764 677 3848 ignaviam
703 3775 734 3826 et
760 3763 959 3847 voluptatem
984 3772 1015 3828 et
1039 3787 1156 3849 pravos
1182 3772 1328 3853 appetitus

144 3880 176 3936 et
203 3877 311 3936 inanes
335 3893 416 3955 spes.
464 3873 567 3953 Atque
592 3871 726 3933 eundem
753 3871 912 3934 Homerus
937 3872 1059 3935 inducit
1085 3874 1242 3940 Iunonem
1267 3875 1325 3940 vd-

144 3986 324 4059 nerantem‚
351 3983 438 4041 τοῦτο
462 3978 594 4053 ἀκριβῶς
620 3985 821 4050 παραστῆσαι
847 3979 1052 4061 βουλόμενος,
1078 3976 1124 4045 ὅτι
1151 3986 1202 4047 τδν
1225 3982 1326 4062 θολερὸν

145 4084 219 4161 ἀέρα
240 4085 289 4147 καί
312 4084 380 4162 πρὸ
406 4088 472 4147 τοῦ
498 4084 671 4145 ἐκάστου
698 4084 741 4144 δι’
763 4085 902 4153 ἀνοίας
930 4085 1204 4163 ἐπαχλθοντα
1225 4096 1325 4169 πρῶτος

145 4193 297 4269 Ἡρακλῆς
331 4192 401 4270 θειίρ
428 4190 622 4270 χρῆσοίμενος
647 4191 729 4268 λόγῳ
755 4190 923 4269 διιθρθρωσε.
972 4191 1097 4276 Nempe
1122 4197 1324 4280 ignorantiam

144 4301 175 4366 et
211 4299 384 4362 socordiam
424 4300 516 4361 eiecit
549 4318 565 4359 e
602 4297 684 4371 vita,
724 4319 803 4381 quae
840 4319 984 4363 serenum
1019 4303 1184 4385 cogitandi
1215 4302 1323 4369 caelum
