2978 4950
742 234 807 302 235

188 424 353 492 Prorsus
388 425 476 492 idem
508 427 627 491 factum
663 433 710 491 est
741 428 851 491 statim
884 426 964 512 inira
996 427 1029 490 in
1060 425 1180 492 scholio
1211 448 1250 492 ex
1275 426 1305 492 u·
1328 421 1367 492 ad

151 556 190 599 vs.
233 532 324 599 181.
368 532 531 598 Menelaus
566 537 759 598 enumeratis
795 531 967 615 beneficiis,
1003 532 1118 615 quibus
1153 536 1183 597 ei
1215 532 1365 610 Ulixem,

153 643 175 704 si
208 639 335 704 adhuc
367 642 400 703 in
426 642 509 705 viris
531 647 629 713 esset,
655 639 777 704 efficere
801 642 999 724 propositum
1022 647 1106 713 erat,
1134 639 1234 703 tristis
1257 639 1363 704 addit:

155 746 255 809 ἀλλὰ
288 749 329 810 σά
353 747 412 821 μέν
436 769 493 809 πον
518 744 633 822 pransa
658 744 854 822 ἀγάσσεσθαι
881 746 942 816 θεὸς
967 744 1073 816 αθσθς.
1097 744 1365 810 Ιοειῐιιηκθθάλλά

157 850 193 915 ria
225 849 300 928 μέν
323 876 382 916 σον
406 851 522 927 μέλλεν
545 854 718 937 praemisso
742 852 926 916 adnotatur:
952 851 1040 914 ἀλλά
1063 855 1168 915 ταῦτα
1193 851 1250 928 μὲν
1284 850 1367 932 ἐῴκει

160 957 226 1041 [ἐπὶ
260 959 382 1032 πάθονς
408 961 480 1037 παρ’
505 957 644 1044 Ὁμήρῳ]
669 961 904 1036 φθονήσειν,
925 957 1103 1033 ἐμποδίσαι,
1129 958 1365 1036 ἀποτρέψασθαι

159 1065 253 1142 σαρά
295 1066 368 1136 Διὸς
398 1068 470 1141 ἡμῖν
495 1065 770 1141 ἐκπλαγῆναι.
806 1065 858 1129 Ad
880 1065 1039 1142 Φθινθσειν
1063 1062 1261 1128 Dindorfius:
1291 1070 1369 1141 „sut

157 1170 328 1247 φθονῆσαι7
356 1172 579 1249 scribendum,
612 1184 668 1236 eut
699 1173 731 1235 in
764 1174 917 1255 proximis
948 1170 1092 1235 futurum
1120 1170 1364 1235 restituendum.

158 1273 250 1341 llam
286 1277 457 1344 scholiasta
480 1279 614 1344 verbum
639 1280 864 1362 interpretetur
887 1281 920 1342 in
943 1277 1034 1341 libris
1055 1276 1127 1342 aliis
1147 1277 1366 1353 ἀγάσσασθαι,

159 1377 233 1447 aliis
278 1386 332 1472 (ut
363 1383 410 1467 Μ)
442 1383 639 1461 ἀγάσσεσθαι
663 1383 852 1469 scriptum.”
899 1382 991 1449 Nihil
1015 1382 1111 1449 refert
1135 1382 1366 1449 adlectionem

158 1485 289 1555 acholii
320 1490 577 1565 diiudicandum,
609 1498 718 1554 utrum
750 1493 783 1554 in
806 1488 948 1554 Homero
972 1491 1176 1566 ἀγάοσασθαι
1201 1490 1368 1574 probetur,

158 1609 193 1655 aa
223 1597 395 1682 -quod
427 1597 480 1661 hic
503 1617 577 1661 sene
599 1596 703 1662 solnm
728 1604 850 1661 rectum
875 1602 923 1660 est
947 1633 988 1643 —
1014 1595 1221 1673 ἀγάσσεσθαι.
1256 1594 1370 1661 Gram-

159 1702 291 1767 matici
319 1709 440 1769 veteres
468 1723 577 1769 omnes
606 1706 752 1803 unanimi
783 1722 935 1768 consensu
963 1723 1000 1767 ex
1026 1702 1204 1767 Aristarchi
1228 1704 1371 1768 doctrina

160 1799 389 1876 Homericum
422 1810 537 1887 μέλλεν
562 1810 809 1894 interpretantur
833 1831 888 1894 per
912 1806 1013 1893 ἐῴκει,
1040 1847 1081 1856 -
1106 1808 1314 1873 disertissime
1337 1812 1370 1873 in

160 1918 296 1984 miris
319 1918 360 1984 ad
383 1943 405 1982 α
431 1915 514 1982 232:
540 1915 619 1990 αὕτη
646 1919 663 1990 ἦ
691 1914 773 1989 λέξις
805 1915 947 1980 οὐδέποτε
969 1923 1069 1979 κεῖσαι
1090 1915 1176 1992 παρά
1198 1919 1238 1993 σῷ
1261 1925 1370 1998 ποιητῇ

162 2014 195 2085 ‘lc
237 2020 281 2086 ἔν
315 2033 354 2105 πῇ
386 2025 527 2106 συνηθείᾳ
558 2029 717 2103 χρονικῶν,
750 2022 824 2087 ἀλλ’
857 2022 1005 2086 ἓκάσ-σοπε
1033 2023 1102 2085 ἀντὶ
1127 2028 1178 2086 τοῦ
1203 2020 1302 2101 ἐῴκει,
1333 2059 1370 2070 -

161 2121 266 2191 cuius
302 2132 358 2215 qui
389 2130 448 2194 hoc
481 2130 520 2194 ad
548 2129 682 2195 Iliadem
707 2129 820 2194 docent
843 2128 928 2193 locos
952 2130 1188 2193 accuratissime
1213 2131 1371 2215 congessit

160 2219 350 2309 hehrsiua
371 2236 468 2301 simul
489 2235 527 2300 de
550 2238 617 2321 ipsa
643 2236 784 2300 doctrina
809 2235 1050 2318 prudentissime
1074 2235 1253 2299 admonens.
1301 2233 1371 2299 Hoc

158 2335 289 2406 eutem
321 2340 404 2424 ἐῴκει
437 2344 587 2426 quoniam
619 2341 826 2429 grammatici
857 2361 930 2406 cum
956 2341 1063 2404 αοσίιθι·
1083 2338 1241 2406 infinitivo
1266 2360 1373 2407 censo-

156 2431 254 2505 ciere
287 2454 415 2531 amant,
441 2485 483 2496 -
507 2469 607 2512 unum
630 2468 670 2513 er
695 2448 811 2512 vicinia
834 2447 941 2512 locum
967 2467 1141 2530 arcessam,
1163 2447 1179 2511 δ
1207 2446 1291 2531 274,
1316 2449 1371 2513 ubi

155 2543 274 2615 Vfll‘ba
301 2552 520 2631 κελευσέμεναι
546 2554 577 2619 δέ
601 2556 631 2617 ν’
655 2551 787 2630 ἔμελλεν
815 2553 990 2618 redduntur
1013 2574 1085 2638 per:
1109 2555 1277 2634 προτρέψαι
1292 2552 1323 2618 δέ
1336 2578 1371 2617 σε

152 2638 255 2718 ἔθην
297 2662 311 2726 θ
336 2660 399 2734 θεὸς
424 2676 504 2738 ara„
533 2699 575 2708 -
599 2659 681 2725 nihil
707 2663 812 2726 verius
836 2668 884 2724 est
908 2680 1003 2744 quam
1025 2669 1132 2725 nostro
1156 2681 1280 2744 quoque
1304 2661 1372 2726 loco

148 2754 384 2832 scribendum
417 2787 483 2832 esse
513 2787 568 2851 pro
597 2767 704 2831 futuro
735 2769 888 2831 eoristum
922 2768 1081 2845 φθονῆσαι.
1129 2764 1190 2830 Sed
1220 2766 1279 2831 hoc
1303 2765 1373 2831 leve

147 2861 222 2933 ὅθ.
260 2877 439 2939 veniamus
462 2873 501 2938 ad
524 2894 593 2938 rem
613 2873 727 2956 ipsem.
753 2872 803 2937 Ad
824 2872 919 2937 verba
939 2870 1066 2936 scholii:
1090 2872 1140 2935 ἐπὶ
1162 2871 1274 2943 πάθονι
1297 2871 1371 2952 παρ’

146 2957 303 3061 Ὁμήρῳ
328 2983 448 3045 iterum
473 2979 549 3044 haec
573 2986 648 3043 sunt
671 2976 842 3043 Dindorfii:
872 2978 970 3055 „haec
993 2983 1024 3042 et
1046 2998 1126 3060 quae
1147 3000 1221 3042 mor
1240 3000 1373 3063 sequun-

143 3068 204 3130 tur
252 3087 350 3167 παρά
376 3086 448 3156 Διὸς
474 3087 546 3162 ἡμῖν
571 3085 769 3162 ἐκπλαγῆναι
794 3082 934 3170 intelligi
959 3104 1022 3149 uon
1046 3090 1188 3167 possunt.
1215 3083 1375 3149 Videntur

144 3166 231 3244 ¹⁰0⁰
280 3194 386 3261 alieno
421 3193 512 3258 illata
543 3191 641 3258 esse.”
677 3191 714 3256 ln
747 3192 797 3256 his
829 3200 861 3256 et
890 3190 1012 3275 aliquid
1039 3194 1103 3256 veri
1126 3198 1174 3256 est
1199 3200 1230 3257 et
1254 3191 1376 3277 aliquid

144 3274 252 3355 fflssi·
312 3299 433 3366 Verum
468 3305 515 3365 est
549 3299 707 3384 prioribus
741 3297 822 3372 illis,
859 3318 938 3381 quae
973 3300 1039 3382 ipse
1070 3319 1194 3383 quoque
1229 3297 1374 3363 cancellis

144 3400 282 3482 fflpssi,
318 3408 469 3473 orationis
500 3427 618 3470 nerum
649 3404 838 3469 conturbari.
885 3402 1006 3468 Verum
1039 3413 1104 3476 est.
1137 3405 1170 3468 in
1205 3408 1373 3489 postremis

146 3506 254 3571 ‘1¹¹⁸ss
297 3516 424 3579 notavit
457 3509 638 3577 Dindorfius
669 3512 803 3576 verbum
836 3510 1034 3586 ἐκπλαγῆναι
1063 3509 1191 3575 nullum
1222 3512 1373 3576 idoneum

145 3612 311 3685 sen&um
343 3618 473 3684 reddere
501 3626 595 3702 atque
625 3617 702 3682 adeo
733 3624 917 3700 corruptum
942 3617 1053 3682 videri.
1102 3616 1185 3696 Quid
1208 3617 1305 3682 lateat
1331 3637 1377 3682 re·

144 3713 283 3789 perire
316 3725 400 3791 mihi
432 3745 493 3789 non
525 3726 680 3811 contigit,
712 3723 809 3787 fnisse
839 3721 961 3806 aliquid
985 3723 1068 3807 quod
1091 3720 1264 3810 significet:
1291 3724 1377 3801 παρά
1449 3710 1452 3724 ’

146 3809 244 3892 Δθός
280 3834 354 3909 ἡμῖν
379 3830 555 3908 συμβῆναι,
580 3832 762 3908 χαρισθῆναι
784 3828 835 3893 vel
855 3828 961 3893 simile
981 3828 1075 3914 quid,
1098 3829 1375 3895 verosimillimum

146 3914 259 3994 mihi
299 3938 435 4004 videtur.
473 3935 535 4002 Sed
567 3937 626 4002 hoc
659 3943 741 4001 certe
766 3956 877 4000 verum
902 3934 984 3998 mihi
1008 3957 1069 4000 non
1093 3936 1238 4011 videtur,
1263 3934 1379 4000 ultime

144 4011 252 4098 haee
296 4045 394 4111 verba
431 4042 520 4122 „loco
551 4042 654 4108 alieno
685 4043 775 4107 illata
798 4041 899 4118 esse;”
923 4044 1001 4126 quin
1026 4048 1100 4106 sunt
1125 4043 1164 4106 ed
1188 4044 1378 4106 sententiam

134 4138 374 4236 &eleanam
406 4157 532 4216 tentum
555 4173 616 4216 non
642 4152 827 4226 necessaria,
855 4149 938 4233 quod
963 4155 1033 4214 tum
1059 4152 1157 4215 etiem
1181 4149 1297 4214 clarius
1322 4170 1378 4235 ap-

148 4244 310 4322 1³²¹‘ebit
317 4305 325 4336 ,
355 4258 413 4322 ubi
443 4256 611 4342 aliquando
636 4259 877 4345 cognoverimus
907 4256 984 4340 quid
1013 4277 1067 4341 pro
1092 4262 1238 4343 corrupto
1263 4258 1379 4324 ultimo

152 4349 285 4424 Ἶῦῑὶνο
305 4375 382 4428 certo
405 4368 448 4428 sit
471 4364 715 4430 restituendum.
762 4361 930 4447 Superiora
953 4374 1062 4430 autem
1086 4362 1158 4429 illa:
1186 4364 1236 4429 aa
1263 4365 1376 4440 πάθοοι
