2978 4950
79 90 197 157 raim
220 92 372 171 ἐπήνεγκε
394 91 445 171 τῷ
468 88 548 158 θσσοι
570 93 604 157 τθ
624 93 711 171 γένος
731 91 897 177 άλλάξοος,
917 93 973 158 ubi
986 111 1113 178 prorsus
1124 88 1280 159 contrario

73 198 199 267 ordine
229 198 402 286 legendum
430 217 515 265 esse:
543 198 624 272 ἰδίους
656 202 705 279 τῷ
730 199 839 264 τάντοο
864 199 1015 277 ἐπήνεγκε
1040 199 1083 263 τὸ
1108 196 1189 265 θσοοι
1214 198 1282 266 Ηο·
1378 276 1381 286 .

69 309 172 373 :neri
201 304 310 371 looum
341 303 512 370 conterenti
542 305 673 390 patebit.
721 304 783 371 Sed
806 305 866 371 hoo
890 306 1024 370 minoris
1047 307 1202 371 momenti
1222 310 1280 370 est.

62 410 177 483 Illud
200 415 308 500 magia
329 411 529 500 urgendum,
550 411 673 477 Soholii
697 417 858 477 auctorem
878 433 961 477 nuno
981 433 1043 478 non
1062 412 1182 489 dicere,
1203 432 1283 496 quae

65 516 196 585 dicere
229 539 305 584 eum
333 517 473 584 voluisse
499 519 568 604 ipsa
598 521 703 604 prima
724 517 844 584 Soholii
865 520 962 585 verba
985 525 1152 584 testantur.
1199 503 1284 583 Nam

65 625 116 696 ssi
134 625 163 690 σι’
183 626 216 690 δὲ
225 625 339 703 ’γάμον
351 622 490 700 τεύξουσι
504 625 542 689 de
554 627 656 710 procis
669 624 792 690 dietum
805 629 869 704 est,
883 625 960 710 quid
972 627 1092 690 mirum
1105 626 1131 689 si
1145 645 1161 690 a
1174 627 1285 711 singu-

64 727 152 800 1ari
177 733 306 796 transiit
323 731 363 796 ad
381 727 560 817 pluralem?
581 727 687 796 Sensit
704 732 822 796 vitium
844 731 1075 810 Buttmanuus‚
1098 733 1189 796 ouius
1207 731 1286 796 haeo

65 841 169 908 nota
191 843 240 904 est
264 838 303 903 ad
326 839 351 902 oi
375 846 563 918 μνηστῆρεςε
592 840 714 915 „immo
738 847 849 903 auetor
871 839 1050 922 primorum
1074 839 1170 902 huius
1190 836 1284 903 Scho-

65 939 130 1012 1ii
161 944 331 1010 uerborum
363 943 491 1010 volebat
514 945 616 1023 τιιτηρ
640 945 691 1008 xxi
717 945 858 1023 ἀδελφοί.
884 979 904 993 -
918 980 937 994 -
951 981 971 994 -
996 944 1154 1010 Videntur
1175 947 1284 1030 itaque

58 1050 159 1143 jam
199 1049 279 1117 olim
319 1050 473 1116 excidisse
509 1051 663 1136 quaedam
698 1056 826 1136 propter
859 1053 1080 1136 repetitionem
1114 1050 1281 1116 eorundem

70 1155 283 1241 «verborum,
315 1159 350 1221 in
379 1157 463 1222 huno
494 1157 627 1222 modum
660 1156 853 1223 revocanda:
886 1158 912 1221 oi
936 1157 967 1221 δὲ
996 1155 1100 1234 γάμον
1124 1155 1284 1236 τεύξουσι,

77 1261 229 1332 δηλονότι
253 1263 355 1341 πατὴρ
380 1264 432 1327 aei
456 1264 598 1336 άδελΦοί.
622 1264 700 1333 τινὲς
725 1263 756 1327 δὲ
779 1262 978 1341 λαμβάνουσι
1002 1263 1037 1328 τὸ
1065 1265 1110 1342 „oi
1130 1264 1162 1328 δὲ
1181 1263 1285 1342 γάμον

75 1366 253 1446 τεθξουσι”
291 1369 427 1444 δηλονότι
463 1371 488 1435 οἱ
524 1368 725 1448 μνηστῆρες.”
768 1369 816 1434 De
847 1391 974 1435 summa
1005 1391 1038 1436 re
1067 1391 1161 1436 nemo
1191 1370 1286 1436 Butt-

79 1492 210 1543 manno
241 1497 304 1542 non
334 1477 547 1554 adsentietur,
578 1479 686 1562 itaque
709 1477 823 1542 laonna
846 1478 1013 1542 statuenda
1036 1462 1114 1555 erit,
1140 1479 1200 1543 etsi
1222 1479 1285 1542 mi·

76 1597 167 1647 rum
190 1587 238 1648 est
261 1603 331 1648 eam
355 1585 389 1648 in
412 1584 560 1648 omnibus
579 1585 716 1669 quinque
737 1580 907 1648 (iudicibus
933 1585 1071 1649 inveniri
1099 1583 1180 1648 unde
1207 1584 1285 1650 haee

73 1688 296 1767 prodierunt,
317 1690 438 1775 quade
461 1710 494 1755 re
517 1696 624 1775 postea
648 1690 781 1754 dicetur.
827 1687 911 1754 Cum
933 1692 1036 1776 igitur
1058 1690 1097 1754 de
1120 1691 1287 1755 statuenda

71 1783 208 1861 lacuna
239 1795 326 1861 idem
358 1798 550 1880 sentiamus,
584 1796 622 1861 de
652 1795 807 1881 explenda
835 1816 897 1861 non
927 1798 974 1861 ita
1006 1798 1090 1861 inter
1122 1816 1179 1862 noa
1214 1817 1286 1881 eone

68 1904 194 1965 venit.
240 1901 290 1967 Ne
324 1902 428 1967 dioam
463 1902 540 1967 haee
574 1904 621 1966 ita
657 1901 802 1987 expleta,
835 1909 873 1967 ut
903 1902 1119 1968 Buttmannus
1142 1902 1285 1981 volebat,

64 2010 181 2072 ‘oerta
202 2028 265 2073 non
289 2008 458 2073 verborum
480 2010 642 2093 paucitate
665 2007 820 2086 laborare,
846 2009 928 2094 ipse,
954 2013 1104 2088 setosis,
1128 2031 1189 2075 nou
1216 2030 1285 2094 pro·

63 2096 220 2179 baveris
249 2115 348 2180 etiam
379 2117 414 2179 in
440 2113 568 2180 infimae
591 2119 705 2180 aetatis
727 2115 873 2180 homine:
899 2115 1099 2193 λαμβάνουσι
1124 2119 1157 2183 τὸ
1184 2118 1231 2196 ,οἱ
1255 2116 1285 2182 δὲ

57 2225 169 2284 κτλ.
203 2219 339 2295 δηλονότι
375 2222 401 2285 οἱ
439 2229 625 2301 μνηστῆρες,
670 2223 728 2287 ubi
769 2225 985 2308 unusquisque
1018 2224 1114 2290 homo
1148 2223 1287 2290 Graecus

55 2320 297 2404 λα’ψιβάνουσο
326 2327 360 2393 τδ
384 2342 455 2392 κτλ.
481 2328 532 2392 ἐστὶ
556 2335 614 2393 τῶν
638 2329 815 2408 μνηστήρων
839 2329 980 2396 dixisset.
1027 2330 1098 2417 Ipse
1120 2332 1216 2397 verbo
1238 2331 1287 2397 la·

54 2433 212 2500 muoso
242 2436 288 2499 sio
318 2437 483 2499 senserim:
517 2433 624 2504 ἰδίοις
653 2440 694 2516 τῷ
727 2437 874 2515 σχημοιτι
904 2437 1076 2517 expensas·
1109 2438 1198 2502 εθτιὶιν
1223 2437 1285 2516 γάρ

55 2525 144 2605 »ἐς
182 2539 317 2620 τοισρθς”
347 2540 469 2618 μετέβη
498 2543 540 2612 εἷς
575 2541 630 2628 (τὸ
662 2542 751 2607 addit
774 2541 813 2630 V)
851 2543 1059 2618 πληθυντικόν.
1084 2542 1193 2629 (ἔνιοι
1217 2544 1285 2627 δί’)

57 2641 147 2705 ,οἱ
176 2647 214 2712 δὲ
239 2646 344 2726 γάμον
366 2645 534 2730 τεθξουσι”,
560 2646 694 2720 δηλονθτι
718 2649 744 2713 oi
767 2658 951 2730 μνηστῆρες,
979 2665 1050 2713 κτλ.
1074 2648 1154 2714 Fere
1177 2647 1288 2715 eadem

51 2722 233 2819 Homeri
264 2753 362 2819 verba
384 2758 552 2818 occurrunt
574 2778 614 2831 ιο,
639 2753 721 2830 277,
746 2755 803 2819 ubi
828 2762 935 2821 tamen
959 2754 1041 2819 nihil
1065 2757 1172 2820 tricati
1195 2759 1286 2832 suut,

53 2851 150 2921 ssed
176 2860 224 2938 „oi
247 2859 278 2925 δὲ
303 2859 442 2937 7de:
467 2860 687 2941 συνεκδοχικῶς
712 2863 736 2925 οἱ
762 2862 828 2940 περὶ
852 2860 903 2926 τδν
927 2862 1049 2941 τοιτέροο
1073 2862 1124 2926 axi
1150 2862 1205 2935 τὶρν
1224 2885 1286 2939 μη-

52 2950 172 3038 'foa
196 2965 392 3048 ’λστεροδίοιν
416 2969 596 3052 expositum
618 2972 667 3032 est
689 2968 723 3031 in
745 2966 791 3053 E,
816 2973 853 3033 ut
876 2974 1009 3054 oportet.

132 3178 183 3258 β,
219 3177 293 3245 196.
326 3178 447 3244 Eadem
479 3199 528 3244 res
559 3180 698 3244 breviter
729 3179 872 3266 tangitur
904 3179 938 3244 in
969 3179 1114 3249 Parisino
1137 3180 1177 3250 S:
1207 3184 1233 3250 oi
1256 3185 1288 3252 δὲ

54 3279 221 3360 δ’ὥμονι
254 3281 364 3351 οὗτοι
396 3288 421 3351 οἱ
456 3292 644 3365 μνηστῆρες,
674 3286 706 3350 οἱ
731 3287 760 3349 ἐν
783 3287 825 3365 τῷ
850 3286 968 3363 δθμοιτι
993 3293 1047 3352 τοῦ
1070 3290 1197 3370 τοιτρθς.
1245 3294 1288 3357 At

56 3367 160 3456 hoe
182 3395 249 3458 iam
271 3395 370 3457 nimis
391 3392 543 3458 stolidum
568 3399 625 3457 est.
674 3390 745 3457 Non
769 3392 908 3478 amplius
931 3397 1001 3478 erit,
1022 3397 1078 3460 ubi
1098 3399 1288 3464 emendave-

60 3486 219 3564 ¹illius:
244 3499 331 3575 ἤτοι
356 3499 381 3563 οἱ
407 3506 593 3580 μνηστῆρες,
619 3500 680 3584 (ἢ)
703 3501 736 3563 σι’
762 3500 790 3563 ἐν
815 3499 857 3580 τῷ
881 3499 1000 3578 δάμοιτι
1026 3508 1079 3567 τοῦ
1104 3505 1230 3585 τοιτρθς.

144 3710 195 3788 β,
220 3710 292 3777 199.
615 3711 682 3777 ἐπεὶ
709 3711 743 3777 οὔ
765 3735 835 3777 τινοι
860 3711 991 3791 δείδιμεν
1015 3713 1131 3794 ἔμπης,

240 3819 303 3885 οὔτ’
325 3813 374 3884 οὖν
398 3818 610 3903 Τηλέμαχον,
634 3819 728 3896 μάλοο
752 3842 807 3898 τερ
833 3819 1004 3897 πολύμυθον
1028 3821 1135 3888 ἐθντιτ.

241 3925 309 3991 οὔτε
333 3926 510 4003 θεοπροπίης
535 3922 742 4005 ἐμπαζόμεθ’,
772 3922 805 3998 ἣν
829 3924 884 4001 σθ,
911 3926 1033 4013 γεραιέ,

241 4032 348 4111 μνθέοοι
373 4033 564 4116 άκράοιντον,
591 4032 786 4113 άτεχθάνεοιι
811 4030 837 4095 δ’
863 4031 907 4098 ἔτι
931 4037 1065 4115 μᾶλλον.
