2978 4950
712 134 777 211 Abb

149 327 301 421 Heynins
324 331 496 417 reponebat
518 329 688 395 infelicius.
736 330 820 409 Quid
844 330 883 395 de
907 350 983 396 roae
1006 333 1085 396 item
1105 335 1345 417 perversissima

150 447 367 520 τιοτιιντιῑτοιν
398 438 549 520 sentiret,
582 438 699 518 tacuit,
724 434 893 520 locumque
916 439 950 500 in
973 438 1204 505 insanabilibus
1227 441 1346 507 hebens

151 546 330 632 ,ampliare
352 544 454 610 satius
477 541 561 607 ease'’
585 541 757 617 iudicavit,
785 563 902 627 „qnam
921 543 1026 609 multa
1047 549 1245 633 excogitare,
1266 567 1346 632 quae

148 655 258 739 potnit
288 653 405 717 dixisse
435 647 597 733 scriptor.'’
643 646 801 733 Eqbidem
829 669 903 713 eum
927 648 1034 714 locum
1059 672 1121 716 non
1144 657 1213 717 tam
1238 652 1346 738 despe-

147 766 258 827 ratum
281 760 458 825 habuerim
492 758 583 821 enine
609 756 767 821 sententia
790 761 839 820 est
862 754 955 834 „luce
979 755 1129 834 clarior,''
1152 779 1209 825 nee
1233 760 1345 826 dubito

148 870 229 953 quin
266 864 451 933 Heraclitus
486 865 664 949 scripserit:
699 862 996 939 άνομοθέτιιτοι
1033 864 1096 944 γάρ
1132 867 1165 930 ai
1200 848 1344 945 πολέμων

148 975 200 1040 θτ·’
232 971 403 1056 άμφθτεροι
432 970 538 1051 ioasi,
573 970 624 1034 sal
649 970 684 1035 rb
709 969 822 1044 νικηθὲν
846 968 912 1033 οὐδὲ
936 972 1217 1051 asportantem
1240 976 1344 1054 οιῖΦνι-
1387 972 1390 978 ’

147 1081 220 1153 dtas
243 1079 398 1150 πολλάκις
423 1077 598 1157 ἐκράτησεν.
635 1074 703 1141 Vox
725 1077 939 1153 άνομοθέτιιτοι
960 1077 1084 1143 Platoni
1104 1078 1247 1145 sublecta
1266 1081 1344 1166 quid

146 1195 258 1256 nestro
288 1187 359 1252 loco
388 1184 512 1267 valeat,
545 1183 670 1249 docebit
692 1182 874 1249 Athenaeus
898 1182 1052 1248 Duridem
1077 1206 1245 1271 excerpens
1269 1187 1345 1273 (XII

148 1317 177 1361 o.
213 1294 275 1373 60,
308 1315 340 1379 p.
375 1290 496 1377 542d)z
528 1291 542 1355 θ
574 1298 636 1361 τοῖς
673 1287 781 1363 άιιιιοις
817 1290 969 1368 τιθέμενος
1005 1291 1133 1368 θεσμοὺς
1171 1294 1343 1375 Δημήτριος

147 1400 351 1486 (Phalereus)
381 1399 434 1464 real
466 1398 535 1468 τοὺς
567 1397 654 1474 βίους
687 1395 809 1467 τάττων
839 1397 1057 1474 ἀνομοθέτητον
1082 1399 1179 1480 {aare}
1203 1400 1254 1464 sla
1275 1402 1344 1479 βίον

148 1503 388 1586 κατεσκεύαζεν.
437 1503 558 1569 hisdem
590 1506 671 1569 ratio
701 1508 807 1569 nostro
839 1503 908 1568 loco
935 1505 1066 1570 obtinet.
1115 1505 1279 1572 Bellorum
1310 1511 1343 1574 in

148 1621 320 1700 utramque
351 1616 473 1698 partem
509 1611 614 1687 vices,
647 1613 766 1696 inquit,
801 1611 897 1674 ιιιιθθιί
929 1612 1043 1692 tepidas
1072 1614 1233 1679 adstrictae
1255 1627 1343 1693 seat,

148 1727 184 1788 et
207 1722 264 1807 qui
286 1722 366 1786 victi
389 1718 519 1784 luerunt
542 1738 634 1802 saepe
654 1741 692 1781 ae
710 1725 872 1800 respectae
892 1717 1008 1800 quiden
1029 1721 1205 1803 superiores
1216 1728 1344 1807 repente

148 1828 299 1896 eredunt.

196 2036 234 2105 Ο.
258 2038 386 2104 XXXII
410 2041 454 2127 (p.
480 2036 554 2124 65):
581 2032 682 2102 Αθτοιι
706 2036 731 2101 θ’
755 2037 786 2101 ἕν
814 2034 1009 2115 τινοειιβάσει
1034 2039 1091 2102 τῶν
1116 2037 1263 2122 προτέρων
1285 2039 1343 2106 άλ-

147 2148 318 2228 ληγοριῶν,
349 2148 386 2211 δι’
410 2143 447 2212 ὦν
471 2145 522 2210 sal
546 2143 770 2225 τεχνικωτέροιν
795 2143 917 2223 ἔχουσιν
940 2145 1117 2225 ἐμπειρίαν,
1143 2148 1173 2210 ἐν
1198 2143 1239 2220 οἷς
1263 2148 1344 2228 φητθ

147 2268 220 2321 ιιτιι.
256 2253 400 2321 Paucula
433 2253 511 2319 haee
545 2252 658 2324 rerba,
685 2252 790 2317 —de
825 2250 957 2317 Aloadis
989 2274 1093 2318 sermo
1124 2261 1172 2319 cst
1204 2255 1343 2322 Martem

146 2360 381 2438 vincientibus,
408 2398 449 2410 —
475 2360 650 2425 editoribus
680 2358 837 2443 impedita
859 2362 929 2425 risa
952 2365 1042 2438 sunt,
1067 2364 1176 2447 itaque
1198 2362 1342 2427 multum

143 2488 183 2537 se
215 2469 446 2534 cruciaverunt.
495 2466 535 2532 In
558 2464 758 2551 ‘expedienda
789 2487 823 2530 re
847 2452 1030 2551 Schowius,
1053 2467 1195 2533 Mehlero
1218 2469 1342 2552 iudice,

143 2594 213 2643 non
248 2581 297 2640 est
331 2575 515 2640 andiendus.
564 2573 748 2649 Adsentior,
781 2591 856 2636 nam
888 2571 1072 2639 Schowium
1100 2575 1194 2640 rideo
1223 2583 1255 2641 et
1278 2573 1341 2640 loci

143 2683 341 2749 sententiam
360 2701 525 2766 perperam
546 2679 681 2763 cepisse,
704 2683 736 2743 et
754 2678 814 2743 hoc
833 2699 934 2744 errore
947 2680 1080 2745 ductum
1093 2684 1199 2764 pravis
1211 2701 1341 2746 vexasse

146 2790 348 2856 coniecturis.
395 2786 516 2854 Melius
551 2807 619 2852 rem
655 2787 757 2872 gessit
791 2788 859 2871 ipse
892 2785 1069 2864 Mehlerns,
1099 2791 1155 2872 qui
1185 2791 1340 2855 sententia

146 2894 269 2962 melius
299 2900 462 2980 perspecta
493 2894 672 2978 proposuit:
705 2888 799 2957 οιῦτιιι
832 2891 858 2956 θ’
891 2892 924 2957 al
956 2892 1167 2973 παρεκβάσεις
1201 2920 1230 2959 τ.
1253 2920 1340 2974 aper.

146 3003 360 3085 άλλιιγοιιῶν,
384 2999 423 3064 δι’
448 2995 485 3063 ὧν
510 2999 562 3063 acl
587 2998 810 3080 τεχνικωτέροιν
833 2997 955 3080 ἔχουσιν
979 3001 1147 3078 {casselen
1194 3001 1257 3066 Vel
1281 3005 1341 3066 mi·

143 3129 225 3177 nore
248 3108 414 3176 molimine
436 3113 469 3172 et
491 3106 596 3193 magis
620 3125 658 3170 ex
682 3108 819 3171 auctoris
841 3127 903 3170 usu
926 3109 1124 3193 scripserim:
1144 3104 1238 3173 οὗτοι
1263 3107 1289 3173 δ’
1310 3109 1340 3173 ἐν

145 3214 344 3297 παραβάσει
357 3215 424 3299 (afr.
436 3235 465 3298 p.
478 3213 533 3299 94)
548 3217 605 3277 τῶν
617 3235 704 3292 τροτ,
719 3214 909 3292 άλιινγομιῖιν
917 3260 926 3290 ,
939 3212 977 3278 δι’
990 3209 1028 3278 ὦν
1048 3213 1100 3278 eal
1115 3215 1339 3296 τεχνικωτέροιν

146 3322 257 3406 ἔχουσι
279 3322 456 3401 tractas.
493 3319 580 3399 Quae
602 3320 649 3384 ita
669 3339 743 3384 cum
764 3318 909 3384 Mehlero
929 3322 1135 3405 interpretor:
1161 3345 1257 3407 „qaae
1279 3322 1340 3386 ιὀιιι

144 3436 314 3516 aequatum
343 3430 386 3492 ad
413 3426 579 3511 superiores
609 3426 769 3507 οθθομοοάιιι
801 3434 871 3490 raet
903 3437 1049 3511 tamquam
1078 3450 1238 3505 accersam
1261 3430 1341 3493 aede

146 3539 184 3624 (a
204 3536 323 3622 qulbus)
345 3541 435 3600 etiam
453 3533 547 3614 saepia
565 3539 786 3596 consentaneam
799 3533 1014 3596 ιοοιιοθιονιιθνν
1033 3533 1340 3617 intepretationem?

149 3641 221 3732 (vel
242 3644 349 3727 potius
366 3641 640 3724 interpretationem
658 3640 771 3722 repetis
787 3640 864 3704 artis
881 3645 975 3720 οιοριζι
992 3645 1230 3721 οοιιοοιιὲοιιθοοι.)
1245 3640 1297 3719 ,,1ι.
1312 3663 1339 3708 a.

147 3749 329 3837 episodium
365 3748 404 3814 de
426 3746 489 3812 Oto
511 3750 544 3812 et
567 3744 714 3831 Ephialte
737 3745 960 3832 allegoriarum
986 3746 1024 3810 da
1049 3749 1147 3812 Marte
1170 3752 1217 3813 est
1241 3747 1344 3814 veluti

148 3877 225 3946 pars
246 3875 348 3940 neque
371 3855 449 3920 hene
473 3851 624 3937 explicari
647 3857 766 3936 potest,
787 3853 848 3916 nisi
866 3850 1017 3916 adhibitis
1037 3854 1096 3936 iis,
1116 3873 1196 3937 quae
1216 3855 1255 3920 de
1274 3854 1342 3941 ipso

148 3963 257 4031 Mara
279 3965 313 4027 in
336 3959 551 4046 superioribus
572 3966 646 4023 sunt
670 3958 839 4043 exposite.”
886 3957 975 4024 Haec
997 3957 1062 4023 ille.
1109 3960 1282 4026 Auctorem
1305 3983 1342 4028 ea

148 4068 401 4160 signifisatione,
415 4088 511 4152 quam
533 4066 614 4139 dixi,
630 4066 809 4150 frequenter
827 4086 979 4150 usurpare
999 4066 1192 4132 vocabulum
1208 4068 1341 4144 θεορθιιν,

149 4176 188 4245 hi
222 4198 263 4246 ex
296 4175 443 4262 pluribus
476 4173 540 4238 loci
570 4172 792 4257 praestabunt:
824 4193 855 4257 p.
891 4174 919 4236 l.
953 4170 982 4236 ε1
1001 4194 1048 4244 τις
1071 4169 1145 4237 άνειι
1168 4174 1342 4256 Φιλοσόφου

149 4284 274 4370 θεωρίας
308 4281 421 4362 νομθζοι
452 4278 599 4363 (Homeri
632 4278 840 4363 narrationes)
871 4279 956 4342 κοιτά
987 4280 1144 4352 ποιητικὴν
1174 4280 1342 4361 reptilem
