2978 4950
738 190 802 263 134

141 406 157 435 ν
192 406 258 462 ραις
301 381 481 467 γέγραπται
527 387 729 465 ,εἰάσμμνν”,
773 385 844 463 ὅπερ
880 387 974 475 pdorl·
1011 385 1093 472 (τήν
1131 382 1260 449 νύκτα
1296 379 1379 469 μὲν)

192 490 349 573 alapenses
383 494 572 571 ἀφήκαμεν,
610 494 720 570 ,ήῶθεν
755 493 786 557 δὲ
820 496 846 557 oi
884 494 916 580 (i.
954 515 982 558 e.
1017 491 1043 556 δ’
1074 492 1113 576 ol)
1138 492 1196 567 μὲν
1219 489 1292 561 νέας
1317 485 1345 575 (ἕ
1365 526 1380 540 -

192 598 325 683 mosoll
360 598 522 665 Ultimum
554 622 678 686 quoque
701 602 760 666 hoc
791 599 982 666 vocabulum
1011 599 1142 664 fortasse
1171 619 1210 663 ex
1239 595 1380 663 Homero

191 706 389 781 addendum,
413 727 487 770 cnm
512 715 544 771 et
566 707 618 771 hic
642 713 673 771 et
696 709 876 790 ubicunqne
906 705 1047 771 locorum
1072 712 1236 789 appareat,
1264 704 1380 770 scribes

192 831 284 897 saepe
319 831 375 897 pro
408 810 513 877 lubitu
545 834 654 878 versus
686 811 873 879 Homericos
897 812 949 877 vel
972 814 1075 876 invita
1098 812 1254 875 sententia
1279 809 1326 874 ita
1349 807 1380 873 11-

191 921 275 1002 nire,
312 924 348 980 ut
381 917 444 982 fors
467 939 502 982 ac
527 919 681 1004 marginis
705 922 845 1003 spatium
869 918 1000 983 serebat.
1035 916 1099 982 His
1124 919 1229 1005 igitur
1246 914 1380 982 sublatis

189 1043 308 1112 suoque
342 1023 410 1088 loco
445 1026 590 1109 repositis
633 1031 754 1089 coetera
791 1028 856 1088 iam
896 1045 959 1089 non
990 1024 1074 1089 male
1105 1027 1234 1098 coeant,
1271 1025 1380 1107 utpote

188 1136 333 1215 excerpta
364 1151 402 1194 ex
434 1132 575 1195 uberiore
605 1130 778 1217 Porphyrii
802 1130 1016 1216 disputatione
1040 1129 1079 1195 de
1105 1132 1139 1193 vi
1164 1150 1200 1194 ac
1224 1134 1380 1215 potestate

188 1236 336 1303 vocabuli
368 1235 523 1320 ἀέσαμεν,
552 1257 632 1321 quae
664 1258 703 1303 cx
734 1236 848 1303 iisdem
879 1238 944 1303 fere
976 1238 1138 1303 codicibus
1162 1232 1380 1321 (EHMQD'I')

189 1344 275 1409 edita
303 1346 414 1409 statim
443 1364 537 1429 snpra
570 1348 613 1430 (p.
648 1342 729 1427 133,
758 1342 780 1408 1.
816 1342 939 1430 7-17)
966 1345 1144 1411 exhibetur.
1169 1343 1253 1423 Quin
1279 1343 1378 1409 etiam

190 1447 305 1514 ultima
339 1460 537 1528 nostrorum,
568 1451 710 1515 ἀνοίκειον
741 1451 804 1529 γάρ
830 1486 849 1499 -
864 1487 914 1500 --
938 1455 1006 1516 ἀντὶ
1032 1456 1085 1516 τοῦ
1109 1454 1313 1527 ἐκοιμήθημεν
1336 1448 1380 1512 111-

191 1554 311 1631 δὲξάντν
336 1555 369 1642 (l.
395 1554 541 1639 21-23)
566 1558 686 1620 incerta
709 1556 783 1621 sede
806 1555 957 1641 volitant,
982 1561 1098 1642 quippe
1119 1579 1198 1643 quae
1218 1560 1252 1621 iu
1273 1555 1300 1621 'I'
1320 1574 1380 1621 nou

191 1661 230 1727 ad
243 1671 425 1747 excerptum
439 1665 627 1746 pertineant,
635 1647 717 1747 qnod
730 1663 845 1727 mediis
857 1666 960 1729 vernis
972 1663 1153 1730 Homericis
1167 1684 1263 1750 supra
1276 1660 1380 1727 allatis

191 1771 280 1843 ἠῶθεν
304 1770 335 1834 δὲ
360 1768 482 1836 linitur.
509 1769 563 1835 sed
588 1770 627 1833 ad
652 1768 779 1833 uberius
803 1766 971 1847 Scholion,
998 1770 1049 1835 vel
1070 1771 1115 1835 ibi
1140 1778 1249 1835 tomen
1273 1771 1380 1834 minus

191 1883 275 1942 recte
303 1876 342 1941 ad
374 1877 494 1942 calcem
518 1878 652 1959 reiecta,
676 1911 720 1924 -
743 1896 857 1960 nempe
882 1884 952 1961 post
975 1877 1009 1941 τὸ
1034 1878 1066 1941 li
1090 1878 1247 1956 „xxaerai
1272 1873 1380 1955 <operis

193 1984 384 2063 ὁρμαίνοντες
418 1981 586 2057 alidan?
615 1983 684 2054 ἀντὶ
709 1987 762 2046 τοῦ
786 1985 1011 2062 ἀγρυπνοῦντες
1036 1988 1088 2048 sai
1113 1983 1248 2067 χκλεπά
1273 2005 1380 2061 μεριμ-

192 2097 298 2162 νῶντες
322 2091 365 2162 εἰς
390 2090 563 2165 ἀλλήλους,
578 2125 617 2136 -
633 2109 706 2153 cum
724 2088 764 2153 ad
787 2091 918 2153 initium
940 2096 1106 2174 oporteret.
1139 2089 1249 2156 Huius
1273 2091 1380 2173 itaque

190 2199 329 2283 excerpti
372 2216 430 2281 ope
473 2196 618 2260 uberiora
653 2193 890 2282 Porphyriana,
926 2217 1007 2281 quae
1042 2217 1138 2283 supra
1173 2196 1261 2262 edita
1296 2194 1380 2269 dixi,

193 2304 317 2369 duobus
355 2301 433 2367 locis
474 2301 570 2388 paulo
611 2303 785 2388 integriora
826 2303 915 2367 reddi
951 2324 1040 2387 posse
1078 2304 1159 2369 mihi
1195 2323 1379 2390 persuasum

192 2417 249 2475 cst.
293 2408 372 2489 Quis
393 2412 478 2473 enim
501 2408 714 2494 Porphyriani
737 2412 834 2473 moris
856 2430 979 2475 mernor
1003 2413 1036 2474 in
1061 2413 1205 2475 animum
1231 2410 1379 2485 inducat,

191 2516 405 2602 Porphyrium
436 2518 480 2579 sic
512 2515 595 2580 nude
623 2518 832 2599 praecepisse:
869 2515 941 2600 (Kal
973 2515 1077 2587 ἀλλως
1109 2517 1305 2602 Πορφυρίων.)
1337 2514 1380 2580 Τὸ

196 2622 376 2701 „eirene”
407 2623 460 2685 οὐκ
484 2623 704 2697 ἐκοιμήθημεν,
728 2619 804 2685 ἀλλ’
832 2622 1107 2701 ἕπνεύσάμεν,
1134 2625 1196 2687 ἀπὸ
1221 2630 1274 2688 τοῦ
1300 2622 1380 2693 ἀενν.

193 2710 211 2794 d
243 2731 307 2792 ἐστι
340 2726 442 2793 asela?
476 2727 580 2793 Immo
615 2736 647 2792 et
678 2729 993 2805 ἀνεπνεύσαμεν
1025 2730 1267 2817 corrigendum,
1299 2728 1380 2815 quod

194 2839 342 2921 quamvis
373 2856 480 2900 omnes
503 2835 625 2900 codices
653 2845 775 2918 praeter
806 2856 904 2898 nuum
930 2843 1025 2920 atque
1047 2838 1177 2921 insuper
1199 2851 1380 2921 excerptum

194 2944 363 3028 praebeant
405 2950 499 3025 atque
544 2944 634 3004 unice
668 2961 777 3005 sensus
811 2940 953 3027 flagitet,
991 2950 1098 3007 tamen
1133 2941 1318 3008 Dindorbus
1350 2945 1380 3006 iu

193 3050 386 3124 ἑπνεύσνμεν
417 3049 576 3122 mutavit,
608 3046 759 3111 videlicet
789 3050 936 3131 quoniam
963 3049 999 3113 M
1023 3052 1067 3112 sic
1091 3052 1247 3133 scriptum
1270 3050 1380 3131 hahet¹

193 3162 225 3220 ct
260 3157 407 3240 inprimis
440 3154 605 3218 inserenda
639 3173 691 3230 ea,
729 3174 808 3237 quae
842 3155 954 3241 vagari
991 3176 1086 3240 supra
1120 3156 1310 3233 monebam,
1346 3161 1380 3219 ut

192 3269 296 3326 totum
321 3263 377 3326 sit:
402 3264 448 3324 Τὸ
473 3259 651 3336 „dicaces”
670 3261 724 3323 οὐκ
748 3261 965 3338 ἕκονμήήήμεν,
990 3263 1212 3347 (ἀνοίκειον
1235 3264 1317 3340 yslo
1339 3261 1380 3326 rd

193 3371 417 3446 solacietur
451 3368 606 3459 αὐτοὺςΙ
628 3368 666 3429 ἕν
690 3370 865 3447 τοσούτῳ
889 3369 1087 3454 arridae)
1115 3372 1191 3434 ἀλλ’
1216 3370 1380 3434 ἀνεπνεύ-

195 3499 294 3551 σάμεν
330 3475 413 3559 (τῆς
449 3474 664 3555 craesos),
696 3476 760 3537 ἀπὸ
791 3480 843 3537 τοῦ
868 3474 950 3552 ἀενν,
976 3471 993 3538 ὅ
1015 3477 1078 3540 ἐστι
1104 3486 1198 3541 πνεῖν.
1224 3477 1272 3562 (εἰ
1304 3477 1380 3557 γὰρ

196 3582 475 3657 ἕκωμήθνμεν,
510 3586 586 3650 πῶς
622 3581 921 3667 ὁρμαίνοντες;)

237 3689 366 3754 Etenim
385 3690 455 3772 ipsa
472 3708 509 3751 ea
527 3689 639 3762 verba,
660 3708 740 3771 quae
760 3691 793 3751 in
813 3697 958 3773 excerpto
977 3696 1048 3774 post
1066 3689 1187 3770 κινδύνῳ
1205 3695 1380 3776 sequnntur

196 3796 303 3878 1ε111ς
327 3797 361 3859 rh
387 3795 526 3870 ἀέσαμεν
549 3795 617 3856 ἀντὶ
641 3799 695 3856 τοῦ
716 3796 915 3871 ἕκοιμήήήμεν
935 3796 1259 3881 ἕκδέξκιτν),11ᾳ111110
1279 3806 1380 3863 oslen-

193 3904 289 3978 dunt,
315 3905 343 3966 si
367 3902 444 3986 quid
467 3901 576 3978 video,
600 3903 703 3985 priora
728 3901 800 3966 binc
818 3923 885 3967 esse
904 3903 1029 3977 avulsa,
1044 3924 1106 3987 qno
1126 3926 1209 3968 nunc
1229 3925 1289 3991 ego
1302 3914 1380 3970 retu·

194 4009 298 4073 lerim.
327 4007 382 4072 l'cl
400 4010 521 4071 maiore
539 4010 607 4071 iure
625 4016 747 4072 caetera
765 4010 900 4083 inserui,
924 4012 1021 4073 etiam
1041 4013 1073 4073 in
1088 4023 1235 4094 excerpto
1248 4013 1380 4100 verbus:

194 4115 239 4181 ἀω
271 4117 469 4200 excipientis.
506 4112 657 4198 Sequitur
679 4112 849 4200 Porphyrii
875 4118 1028 4200 expositio
1052 4117 1294 4205 significationis
1317 4135 1380 4182 rer·

195 4224 307 4287 borum
331 4223 515 4292 deodatensis
540 4227 571 4285 et
593 4223 739 4284 ἀναπνεῖν
761 4226 794 4284 iu
815 4220 1009 4298 HomericiS,
1033 4245 1169 4307 quorum
1191 4223 1380 4309 particulam

194 4350 288 4417 supra
317 4332 454 4405 correxi,
486 4330 549 4391 airh
578 4327 609 4389 iu
635 4328 682 4390 ἐπὶ
710 4327 871 4393 mutando.
918 4327 1058 4393 Tandem
1083 4331 1151 4417 agir
1175 4333 1213 4395 de
1239 4330 1380 4396 ultimis
