2978 4950
150 94 255 160 raris
288 94 456 162 videbitur
485 96 542 172 iis,
574 96 631 178 qui
654 95 859 159 meminerint
880 94 915 158 in
936 92 1046 159 eodem
1071 92 1177 159 codice
1199 90 1371 179 eodemque

146 199 293 268 scholio
325 200 422 287 poulo
453 205 528 268 ente
558 200 642 288 legi:
675 196 806 278 οίάμένος
836 201 888 265 τὸν
918 201 1028 277 εὐγενῆ
1052 199 1104 264 καί
1128 198 1369 278 πεπαιδευμένον

144 309 356 384 ἑναγιιαίως
393 309 527 387 θμιλιίν,
564 306 741 387 πρίαμος
777 307 808 372 δὲ
840 305 946 371 πάντα
977 306 1095 384 λέγει
1121 307 1164 393 ¹),
1197 327 1253 391 pro
1284 330 1371 386 πρε-

144 414 210 480 πά
217 438 237 478 ν
247 438 329 487 τωο
360 414 392 480 δὲ
423 413 531 480 πάντα
562 412 721 492 λέγειν,
755 413 838 497 quod
869 418 1050 480 monstrum
1072 414 1256 500 procuravit
1277 412 1371 479 Butt-

145 539 323 587 mmm·

204 731 250 815 θ,
277 728 358 794 206.
383 728 494 794 Ulixes
517 728 614 814 poulo
636 728 776 817 glorians
798 726 981 814 profitetur:
1005 729 1084 809 δεῦρ’
1108 727 1171 807 ἄγε
1190 727 1368 813 πειρηθήτω,

149 873 204 888 ·-
237 837 259 913 ἢ
298 834 365 912 πὺξ
398 835 432 911 cll
463 833 552 916 scitu
582 835 599 911 ἦ
631 836 684 900 καί
715 835 820 913 ποσίν,
845 833 909 902 οὔτι
934 834 1095 916 μεγαίρω,
1124 834 1247 899 πάντων
1272 834 1369 910 Φαινί-

147 966 223 1009 ιιοιν
271 944 358 1018 πλίν
390 945 423 1020 γ’
457 943 554 1007 αὐτοῦ
589 940 828 1019 Λαοδάμαντος.
889 940 1072 1007 Adnotatur
1107 943 1142 1006 iu
1175 940 1220 1006 T:
1256 940 1369 1006 οὐδὲν

147 1053 271 1128 Φθονῶ
306 1047 431 1114 πάντων
461 1071 519 1124 μου
549 1051 725 1129 πειραθῆναι
758 1049 907 1124 Φαιήκων.
941 1052 992 1112 νῦν
1016 1049 1049 1114 δὲ
1073 1046 1226 1131 παρρησία
1249 1055 1367 1129 χρῆται

150 1155 206 1242 [ὅ]
259 1154 449 1234 βουλόμενος
490 1155 535 1233 μὴ
576 1156 703 1229 εὐτελὴς
737 1156 875 1234 Φανῆναί
908 1178 954 1226 τις
991 1155 1043 1220 καὶ
1080 1154 1366 1235 εὐκαταφρόνητος·

151 1265 260 1327 τοῦτο
298 1263 363 1341 γάρ
397 1262 481 1341 αὐτῷ
511 1260 600 1340 μθνον
630 1261 748 1344 ίφθδιον
777 1264 848 1342 πρὸς
879 1262 1037 1342 σωτηρίαν.
1085 1262 1256 1328 Neminem
1284 1263 1366 1328 mihi

156 1367 450 1437 contradicturum
474 1369 585 1452 opinor
608 1368 809 1434 contendenti
832 1366 1004 1434 articulum
1026 1368 1079 1432 hic
1099 1388 1165 1433 esse
1185 1369 1366 1436 delendum.

159 1473 345 1541 Praetereo
375 1476 410 1539 in
434 1475 528 1540 initio
545 1474 791 1562 corrigendum:
816 1474 950 1539 οὐδενί
974 1474 1091 1556 φθονῶ,
1116 1511 1160 1523 -
1184 1477 1256 1559 quis
1280 1477 1366 1541 enim

164 1583 273 1664 Φθονΐι
293 1581 445 1668 genetivo
467 1581 614 1647 iunctum
637 1600 779 1666 unquam
798 1577 901 1647 vidit?
913 1618 953 1629 -
968 1600 1044 1647 nem
1064 1582 1112 1647 its
1131 1578 1255 1646 πάντων
1275 1581 1368 1657 Φαινί-

171 1710 233 1753 ιιωυ
255 1684 472 1772 expliccbcnt,
495 1688 627 1772 qumis
648 1688 789 1767 μεγαίρω
812 1685 971 1772 penderet.

213 1897 247 1972 θ,
280 1893 360 1961 248.
406 1895 547 1963 chusct
582 1894 738 1964 Alcinous
771 1894 929 1962 Phaeaces
963 1913 1037 1961 suos
1070 1897 1105 1962 in
1140 1896 1367 1964 certaminibus

174 1999 272 2071 Ulixe
294 2003 468 2099 inferiores.
1072 2099 1075 2103 .

262 2111 299 2175 οὐ
322 2112 386 2189 γάρ
410 2107 581 2191 πυγμάχοι
605 2110 688 2188 είμὲν
712 2108 870 2188 άμθμονες
894 2108 962 2174 οὐδὲ
985 2109 1182 2189 παλαισταί,

263 2215 325 2281 αἰεί
350 2216 376 2281 δ’
400 2218 473 2295 ἡμῖν
497 2216 564 2290 δαίς
589 2241 625 2282 τε
648 2217 728 2297 otte
752 2216 866 2297 κίθαρίς
890 2240 926 2281 τε
948 2219 1033 2298 χοροί
1055 2240 1100 2281 τε.

174 2319 324 2388 Scholion
360 2328 407 2389 est
441 2325 480 2387 in
506 2322 533 2388 Τ
565 2323 605 2388 ud
635 2323 720 2388 hunc
747 2343 876 2388 versum
907 2324 954 2388 its
982 2326 1137 2408 scriptum
1160 2323 1363 2408 editumque:

169 2433 263 2497 ,τοῦτο
295 2431 521 2510 παρακολουθεῖ
548 2433 616 2506 τὴν
642 2431 672 2493 ἐν
695 2435 796 2512 τρυφῇ
821 2429 1050 2507 διάγουσαν.
1073 2429 1276 2508 ἐλεγχόμενοι
1300 2429 1363 2508 γάρ

171 2539 209 2609 νίς
243 2536 295 2600 ἐπὶ
327 2536 416 2614 μέγα
451 2536 569 2614 άγαθὸν
598 2534 871 2622 ααταφεθγουοι[ν
895 2535 961 2620 ἐπὶ]
987 2537 1042 2610 τὴν
1064 2536 1201 2618 τρυφήν,
1225 2541 1283 2599 τῶν
1307 2532 1365 2600 άλ·

171 2656 232 2707 λων
264 2642 460 2721 ίαιδείμενοι.
508 2640 581 2709 Duo
611 2643 661 2709 hie
691 2645 772 2709 vitis
794 2646 920 2718 insunt,
945 2663 1080 2726 quorum
1104 2646 1215 2706 utrum
1238 2644 1364 2727 turpius

168 2751 228 2826 sit,
255 2747 385 2815 difficile
407 2749 496 2814 dictu
519 2750 611 2816 foret.
636 2748 742 2834 Turpe
766 2754 830 2827 est,
857 2748 906 2812 ἐπὶ
931 2747 1110 2814 Prellcrum
1133 2749 1302 2813 inseruisse
1325 2749 1364 2814 de

168 2876 230 2922 suo
263 2858 441 2923 rectissime
467 2876 487 2922 c
517 2857 624 2923 codice
654 2830 825 2939 omissum,
849 2876 924 2920 cum
947 2857 1140 2939 antiquiores
1162 2875 1273 2940 saepe,
1298 2876 1363 2920 sce·

168 2964 304 3049 pissime
327 2964 485 3047 sequiores
508 2963 673 3032 eiusmodi,
685 2963 970 3028 constructionibus
991 2967 1136 3039 utentur,
1150 2961 1268 3046 -quules
1289 2967 1363 3027 sunt

166 3070 209 3145 ,dr
235 3069 307 3150 πρὸς
331 3067 453 3149 μητέρα
474 3071 530 3145 τὴν
553 3069 661 3148 πάλιν,
682 3073 721 3142 ὥς
746 3070 787 3142 είς
813 3067 939 3150 άρουραν
962 3071 1015 3145 τὴν
1040 3071 1161 3148 μίτραν
1189 3069 1363 3134 κατασπεί-

165 3199 298 3258 ραντες,
334 3173 431 3257 decep
463 3177 506 3249 είς
537 3176 678 3256 αέλαγοο
709 3181 764 3252 τὴν
785 3177 874 3241 πόλιν
899 3176 1059 3259 ἐμπεσών,
1083 3174 1222 3256 καθάπερ
1247 3178 1276 3240 ἐν
1296 3176 1363 3256 disp

164 3293 209 3365 τῇ
240 3283 375 3366 ἱστορία,
403 3284 441 3357 ὥς
474 3284 509 3348 ἐκ
540 3282 684 3362 θαλάμου
718 3288 771 3349 τοῦ
804 3282 909 3364 τάφου
931 3287 963 3349 et
987 3287 1135 3349 centense
1158 3281 1298 3360 similes,
1323 3283 1361 3348 de

163 3390 288 3476 quibus
311 3387 423 3454 stolii
446 3388 552 3454 multe
574 3390 723 3457 dixerunt
745 3395 778 3456 et
801 3387 939 3455 Oobetuc
960 3391 994 3453 in
1014 3387 1052 3454 V.
1077 3388 1113 3452 L.
1139 3410 1169 3474 p.
1195 3387 1269 3465 163,
1295 3387 1361 3453 164

159 3516 270 3565 novoe
304 3495 463 3562 editionis.
513 3495 662 3582 Inprimis
696 3503 789 3582 aptus
823 3503 871 3562 est
904 3517 998 3581 quem
1029 3496 1114 3560 idem
1149 3494 1238 3561 effert
1272 3494 1361 3564 locus

161 3600 323 3671 Luceni:
357 3601 409 3667 καί
441 3606 547 3667 ταῦτα
575 3599 674 3683 ὥσπερ
706 3602 806 3677 ἱκέτην
841 3602 891 3665 ἐπὶ
916 3601 966 3666 τὸν
989 3607 1042 3666 τοῦ
1067 3599 1152 3666 ἐλέου
1176 3600 1281 3680 βωμὸν
1305 3604 1359 3677 τὴν

161 3709 274 3786 ἡδονὴν
297 3707 549 3786 ιιαταφυγθντα,
574 3709 631 3773 ubi
653 3709 778 3776 scribae,
796 3714 1005 3793 peccaverunt
1028 3705 1166 3773 ulterum
1190 3708 1240 3773 ἐπὶ
1261 3710 1360 3793 scrip·

159 3817 233 3885 toti
255 3813 473 3883 obtrudentes.
496 3814 533 3880 In
555 3819 663 3882 nostro
686 3821 794 3881 eutem
818 3813 937 3881 scholio
959 3813 1079 3880 indocti
1097 3816 1259 3879 immunes
1276 3820 1361 3891 sunt,

173 3970 354 3988 Μ

199 4066 232 4136 1)
251 4073 300 4130 Πρ.
320 4062 349 4114 ti
368 4065 471 4115 παντί
488 4064 545 4126 λίγ.
566 4066 708 4117 Brennum
726 4065 799 4115 editio
816 4063 892 4114 hebet.
