2978 4950
641 212 702 285 161

50 431 137 477 mea
178 407 428 475 diiudicantium
468 407 538 473 eive
569 411 638 493 ipse
673 413 768 474 aucta
797 411 861 474 iarn
894 407 1062 492 paululum
1099 413 1267 483 auctorum

47 515 264 585 Graecorum
299 513 508 603 legendorum
544 514 696 581 facultate
730 536 782 582 eoa
820 516 1047 592 animadverti,
1079 520 1265 581 retractasse

47 642 124 689 non
155 621 265 708 pudet.
288 621 360 687 Non
384 621 553 686 debueram
577 623 610 687 in
634 620 778 710 longiora
800 621 972 709 Porphyrii
995 620 1123 687 Scholia
1146 645 1161 685 ε
1187 620 1262 699 118,

46 730 84 793 in
128 728 204 795 hie:
239 727 292 794 real
328 725 437 793 τούτου
473 729 596 807 πίστις,
629 732 682 792 τοῦ
712 731 762 803 ,μὶν
794 728 845 794 διὰ
885 729 979 798 ποίθος
1025 727 1153 808 οοίσχρὸν
1191 751 1269 810 σχε.

47 832 206 916 τλοῶζειν
241 833 464 922 (cuppam),
499 834 533 899 σθ
569 835 696 913 ἑτοίμως
730 833 814 916 ἔχειν
848 834 1048 910 ἀποπέμπειν
1074 835 1128 919 (ec.
1154 833 1264 899 Ὀδυσ-

49 938 159 1026 σέα),
198 942 296 1007 verba
340 946 393 1006 τοῦ
435 942 479 1018 μη
518 977 537 991 -
552 977 571 991 -
586 977 605 991 -
640 941 840 1023 σχετλιάζειν
879 941 1012 1007 delenda
1053 941 1192 1006 indicare
1224 945 1264 1023 yut

49 1047 208 1113 insiticia
244 1045 437 1132 (Observatt.
473 1068 504 1132 p.
543 1045 630 1131 40.),
667 1047 748 1132 quod
784 1049 885 1113 amice
915 1069 969 1113 me
999 1049 1127 1113 monuit
1155 1067 1264 1112 censor

51 1147 233 1237 Gallicae,
262 1149 321 1219 Ob.
348 1151 471 1219 Tburot
492 1156 543 1220 vir
566 1152 771 1219 clarieeimua.
800 1153 822 1237 ¹)
869 1152 980 1238 Neque
1003 1155 1128 1240 magia,
1151 1152 1263 1219 eodem

51 1263 232 1344 monente,
265 1256 286 1339 ζ
306 1257 374 1324 230
405 1248 439 1324 iu
463 1258 591 1325 Scholio
615 1280 654 1325 ex
676 1258 704 1324 B
728 1257 803 1343 (Τί)
827 1262 860 1324 in
883 1261 967 1345 App.
993 1281 1024 1345 p.
1051 1257 1116 1327 769
1140 1278 1260 1325 memo·

51 1371 131 1429 rato
167 1362 374 1430 πώσσονοοτ
405 1363 582 1445 παχύτερον
614 1364 677 1430 eiad
708 1369 761 1430 τοῦ
791 1364 921 1450 παχὺς,
946 1366 1089 1447 ποιχίυν,
1115 1363 1260 1442 ποίσσοιν,

53 1468 93 1540 ὄσ
130 1472 215 1537 aaa
245 1473 372 1550 θοῖσσον,
401 1467 516 1549 οἶσσον,
548 1472 722 1537 secundum
755 1470 820 1536 οίπθ
851 1472 955 1538 delere
987 1457 1159 1539 debueram
1182 1470 1261 1552 (Ob-

52 1583 195 1645 eervaat
221 1600 254 1665 p.
281 1578 348 1667 42),
373 1583 426 1645 ead
451 1581 557 1664 potius
580 1599 654 1644 cum
678 1579 788 1644 eodem
808 1578 921 1644 lacuna
941 1580 1110 1646 statuenda
1129 1584 1194 1656 est,
1215 1581 1261 1644 eie

53 1678 125 1748 fere
162 1684 333 1771 explenda:
366 1686 405 1757 ώς
436 1685 499 1750 cirri
533 1686 613 1770 (τοῦ
641 1685 772 1766 razii,
798 1681 917 1772 ἄγχι)
943 1687 1071 1759 θᾶσσον,
1097 1680 1208 1762 ἆσσον,
1234 1684 1260 1769 ²)

52 1785 176 1874 itaque
203 1790 268 1876 fere
299 1791 396 1857 habet
424 1790 689 1880 Etymolcgicum
713 1791 884 1880 Magnum.
932 1791 1020 1857 Idem
1045 1794 1113 1857 iure
1138 1812 1190 1857 me
1213 1791 1261 1856 in·

54 1899 205 1981 crepuit,
240 1897 324 1984 quod
354 1900 389 1962 in
417 1896 542 1983 prolixa
564 1899 742 1964 narratione
767 1897 806 1962 ad
829 1895 849 1974 ξ
873 1896 938 1964 327
963 1901 1016 1982 (ex
1040 1897 1108 1983 QV)
1131 1900 1164 1961 in
1188 1897 1254 1962 hie:

56 2004 181 2080 ποιμὴν
210 2002 308 2080 aleran
340 2002 489 2084 πρίβοοτοο
519 2004 549 2068 ἐν
576 2010 639 2073 τοῖς
662 2011 717 2079 τῆς
743 2003 887 2077 Δωδώνης
910 2001 994 2068 ἕλεσι
1027 2006 1097 2067 τοῦ
1130 2003 1259 2074 πέλοις

58 2100 215 2180 ὑφείλετο
247 2110 377 2186 ποίμνην
401 2110 591 2188 καλλίστην,
616 2110 831 2196 parenthetica
854 2114 907 2174 τοῦ
934 2108 1035 2181 πίλοις
1058 2115 1184 2175 mutare
1207 2129 1262 2174 vc·

56 2201 175 2282 lobam
205 2219 240 2283 in
269 2240 340 2282 του
369 2216 508 2287 τέλος.
537 2220 579 2302 (p.
606 2213 674 2301 43.)
699 2216 769 2302 Ipee
792 2219 956 2303 proposuit
978 2215 1084 2287 τινὸς
1109 2222 1184 2280 τῶν
1209 2212 1261 2278 πί-

58 2322 145 2405 aar,
168 2329 302 2410 utroque
321 2326 428 2389 verine
447 2330 495 2389 eet
512 2344 579 2387 του
599 2323 695 2408 (τῶν)
711 2323 820 2394 πίλοις.
845 2321 929 2388 Tum
942 2325 976 2389 iu
988 2321 1058 2388 loco
1070 2321 1261 2388 difficillimo

58 2417 100 2484 “l
121 2449 150 2502 γ
177 2429 243 2497 256
266 2451 363 2516 seqq„
387 2430 444 2495 ubi
468 2429 508 2496 ad
531 2429 740 2496 Homericum
763 2429 879 2512 θχιυοιν
903 2431 963 2514 (ve.
989 2427 1069 2515 258)
1093 2429 1262 2494 adnotatur

58 2519 93 2586 ln
127 2530 240 2617 EMQ:
274 2534 351 2609 τινίσ
379 2533 534 2620 ,ἔχευεν”,
565 2531 614 2600 iva
645 2535 739 2617 λείπη
768 2538 802 2601 τὸ
835 2537 915 2608 τίς·
940 2536 994 2600 ἐὰν
1018 2536 1050 2601 δὲ
1075 2535 1210 2619 ἔχευαν,
1234 2535 1260 2600 σί

58 2644 268 2718 'minema
287 2645 329 2723 τῷ
342 2642 477 2723 Αἰγίσθῳ
497 2638 584 2719 ἅμα
603 2640 737 2716 δηλονίτι
752 2643 902 2707 ἐκώλυσεν
919 2666 939 2707 ιι
950 2643 1067 2714 tarra
1088 2640 1260 2720 Μενέλοοοο,

59 2744 215 2815 probavit
237 2748 368 2836 quidem
391 2769 469 2833 quae
492 2754 562 2814 tum
585 2752 733 2836 proposui
756 2750 799 2834 (p.
820 2748 878 2834 87)
897 2748 1132 2814 emendationes
1150 2747 1260 2813 haece:

62 2869 120 2897 ⁹·
145 2854 198 2921 ίνσ
227 2858 320 2938 λείπη
350 2855 394 2922 πθ
423 2877 505 2929 τις·
538 2855 592 2921 ἐὰν
617 2855 649 2920 δὲ
675 2854 839 2940 ,,ἔχευοιν”,
862 2854 888 2920 σί
913 2855 1112 2933 προσήκοντες
1136 2856 1177 2933 τῷ
1202 2855 1260 2919 Ai-

60 2948 164 3043 Υἷσθῳ
184 2962 340 3037 δηλονότι,
360 2962 451 3026 ἀλλ’
472 2962 621 3026 ἐκώλυσεν
639 2960 686 3026 ἂν
707 2960 856 3033 αὐτοὺς
879 2960 893 3023 ί
913 2959 1088 3036 Μενέλαος,
1104 2997 1146 3010 --
1159 2980 1261 3046 neque

61 3068 153 3132 ¹¹linc
175 3090 228 3135 me
251 3069 366 3135 barum
394 3071 551 3154 poenitet,
578 3105 619 3117 —
644 3067 698 3134 eed
732 3070 800 3133 iure
831 3069 952 3132 censuit
983 3089 1022 3133 ue
1050 3069 1096 3132 eic
1130 3066 1261 3151 quidem

63 3151 176 3241 ¹⁰0um
194 3196 261 3242 eaee
279 3181 501 3261 permantum,
517 3173 572 3240 eed
591 3174 644 3239 bic
663 3193 786 3259 quoque
805 3171 953 3238 lacunam
974 3172 1174 3239 statuendam
1185 3219 1194 3248 ,
1205 3179 1259 3252 ut,

65 3277 155 3347 (lssod
184 3280 293 3347 crebro
324 3300 384 3345 ueu
418 3282 524 3357 venit,
554 3279 672 3365 duplex
703 3279 864 3344 adnotatio
892 3299 1057 3363 perperam
1088 3278 1261 3358 coaluerit,

66 3369 171 3453 ²litura
192 3389 321 3464 critica,
346 3388 385 3452 ad
408 3388 700 3472 interpretationem
724 3387 884 3471 pertinere
908 3384 1025 3463 altera,
1050 3405 1146 3471 quam
1170 3383 1260 3451 lacu·

10 3580 12 3585 ¹
68 3493 145 3552 ntur
181 3512 289 3559 vereor
323 3499 361 3558 ut
394 3495 461 3558 eine
496 3491 666 3558 meliorum
696 3490 851 3557 libromm
885 3512 943 3576 ope
974 3511 1115 3576 unquam
1146 3493 1261 3558 sarcire

10 3588 13 3619 ²
69 3597 239 3666 Mimas.
261 3598 430 3665 Praeterea
453 3599 585 3665 fortasse
607 3619 669 3664 non
693 3620 766 3664 cum
790 3598 1009 3663 Buttmannno
1036 3595 1261 3683 Dindorfioque

74 3704 198 3771 ¹¹¹'lirare
225 3705 399 3772 debueram
430 3726 511 3792 quae
540 3707 693 3794 leguntur
719 3704 758 3770 ad
783 3729 798 3768 ε
821 3700 888 3770 272
912 3725 950 3770 ex
975 3703 1054 3785 HQ:
1079 3704 1094 3769 θ
1117 3705 1259 3783 ἀρκτικὸς

100 3888 251 3912 ,λκα-

103 4012 134 4082 ¹)
160 4026 236 4080 mm
253 4028 376 4095 cunque,
395 4029 466 4078 reae.
484 4046 507 4094 p.
526 4029 666 4078 aea-aar.

80 4102 130 4196 ιθ)
159 4112 247 4166 'l'rurot
270 4117 418 4184 proponebat
440 4123 503 4168 τᾶν
527 4114 614 4182 rexi,
638 4114 714 4181 ώγχι.
749 4119 861 4167 Facetum
884 4119 931 4175 eet,
956 4115 1128 4168 derivationem
1149 4116 1198 4167 ded
1216 4124 1262 4170 ποθ

79 4190 158 4255 ‘Me
181 4204 256 4256 nam
272 4206 335 4273 apud
352 4206 455 4273 Epimm.
474 4208 572 4258 Homm.
592 4207 623 4275 (t.
634 4208 655 4257 1.
669 4225 692 4273 p.
702 4207 785 4266 4228
799 4204 893 4269 Crem.)
908 4208 933 4254 et
947 4205 1116 4270 Etymologum
1135 4208 1261 4272 Magnum,

81 4278 113 4340 1“ἰ
132 4299 167 4336 ⁸⁸
181 4292 233 4344 baec
250 4295 334 4346 debere
350 4299 477 4361 profitetur
494 4297 615 4362 Apollonii
633 4297 762 4360 (Rhodie)
779 4295 893 4345 scholiis:
912 4293 987 4351 σίτοις
1012 4288 1077 4356 εὗρον
1101 4297 1126 4345 ἐν
1151 4301 1264 4360 σχσλίοιο

83 4370 120 4417 '⁰⁶
144 4377 247 4441 datm
265 4379 437 4435 'Anemurium

1111 4485 1140 4533 ll
