2978 4950
638 191 700 258 351

144 389 163 461 ΙΙ
187 385 369 481 ἀμφότεροι.
421 383 500 449 Post
534 404 650 468 pauca:
689 381 879 457 Ἀντισθένης
914 381 945 446 δέ
984 387 1078 462 φησιν
1114 378 1161 446 ὑτι
1195 379 1265 452 τοὺς

126 516 206 564 ιντας
233 494 286 573 ἤδη
310 491 512 568 ψευδομένους
536 491 594 560 τὰς
621 491 815 570 ὑποσχέσεις.
850 488 1033 554 Dindorfius
1056 487 1137 553 duce
1159 488 1186 552 'l‘
1211 489 1264 569 ὑδν

126 602 197 685 cpit
231 600 285 664 sed
320 597 469 683 quoniam
505 599 677 681 requiritur
708 600 803 697 terpia
833 615 964 680 persone
986 615 1047 660 non
1071 597 1192 679 prims,
1216 592 1267 659 vel

126 706 178 771 ito
210 705 316 770 codice
348 705 434 786 ᾔδει
468 703 617 768 audacter
648 702 901 777 rescribendum,
933 701 1016 785 quod
1044 700 1123 766 duce
1146 699 1266 766 Cobeto

126 833 160 877 re
189 813 223 876 in
255 810 397 876 Homero
421 829 544 895 quoque
568 810 688 893 ubique
711 810 819 893 reponi
841 815 989 893 coeptum
1012 816 1067 872 est.
1106 805 1187 872 Cum
1210 805 1267 886 PQ

126 922 158 988 ὑς
192 918 376 1002 praebeant,
407 918 440 980 in
464 919 608 980 omnium
634 925 812 980 nostrorum
838 913 983 978 codicum
1007 914 1179 1000 archetypo
1202 919 1266 977 ter·
1366 968 1372 983 ,

126 1026 287 1090 nationem
310 1022 531 1107 compendiose
554 1028 716 1086 exaratam
740 1020 837 1085 fuisse
860 1020 1041 1086 verosimile
1064 1027 1122 1085 est.

126 1236 172 1302 td
207 1235 333 1301 eosdem
366 1255 475 1300 versus
506 1237 540 1299 in
572 1255 634 1299 uno
667 1233 693 1298 Τ
725 1234 930 1300 adscribitur:
965 1236 1012 1298 ια
1043 1235 1121 1314 γὰρ
1144 1233 1267 1305 οὑτως

126 1345 261 1408 είκννται
286 1339 331 1405 ὑτι
356 1341 478 1406 πάντων
503 1348 560 1405 τῶν
584 1341 782 1420 πραγμάτων
806 1340 976 1420 προτέίεικε
1000 1341 1050 1405 τὸν
1075 1342 1195 1426 νόστον,
1217 1340 1266 1407 ίνα

126 1463 202 1513 λλον
237 1448 409 1529 ὑπακοὺσρρ
436 1451 604 1516 Ἀλκίνους.
632 1447 778 1510 Primum
802 1445 999 1533 tralaticium
1024 1448 1177 1512 mendum
1201 1452 1267 1514 exi-

126 1556 229 1621 ndum
254 1554 416 1620 scribendo
440 1555 621 1630 ἕτακοὺσρ.
660 1552 767 1617 Ulixes
792 1555 878 1617 enim
902 1554 979 1618 haee
1004 1574 1268 1620 commemorasse
1306 1587 1308 1590 >

126 1662 277 1736 hibetur,
302 1668 338 1724 ut
361 1659 514 1724 Alcinous
538 1658 690 1724 libentius
712 1660 777 1722 αἰιν
796 1661 1079 1741 praemandaret.
1123 1661 1169 1725 At
1191 1662 1266 1746 quid

126 1771 231 1834 iemus
254 1769 294 1832 iis
318 1787 398 1850 quae
421 1767 513 1830 initio
537 1763 710 1852 leguntur?
735 1764 917 1831 Dindorlius
941 1767 980 1830 ad
1004 1768 1047 1830 rot
1060 1770 1138 1847 ροίρε
1168 1767 1267 1843 „scri-

126 1874 216 1940 ldum
240 1873 291 1937 καί
315 1873 397 1950 γὰρ,
421 1876 483 1936 nisi
506 1871 628 1956 aliquid
651 1872 801 1937 excidit.’'
838 1871 893 1937 Me
916 1873 1044 1957 quidem
1068 1874 1174 1939 indice
1201 1877 1268 1937 sine

126 1982 176 2047 bio
207 1980 359 2046 nonnulla
389 1978 574 2043 exciderunt
605 1980 638 2041 in
662 1979 745 2064 hunc
770 1978 901 2043 modum
926 1980 1114 2045 revocanda:
1140 1982 1181 2043 τίν
1206 1982 1268 2059 γὰρ

126 2110 170 2160 τες
193 2085 411 2166 (ἐπαγωγὰ
438 2083 642 2161 ὑπεριδεῖν
667 2085 803 2168 αὑτὸν)
827 2084 1011 2149 ἐνδείκνυται
1035 2083 1080 2150 ὑτι
1105 2101 1174 2149 κτλ.
1208 2086 1269 2151 De·

126 2195 199 2279 tapsi
241 2212 320 2276 quae
354 2189 529 2275 supplenda
563 2192 746 2254 existimavi
782 2192 879 2256 verba
913 2212 952 2256 ex
987 2201 1062 2258 uota
1096 2193 1135 2258 ad
1167 2191 1267 2257 cdl:

125 2299 168 2376 ίρα
201 2299 343 2369 ἐπίτασις
376 2307 431 2371 τῆς
462 2296 634 2366 Ὀδυσσέως
664 2297 868 2374 ἐγκρατείας,
894 2297 923 2362 εί
943 2322 981 2374 γε
1006 2300 1049 2362 τοὶ
1072 2297 1164 2370 οὑτως
1188 2300 1268 2363 ε’πα-

126 2405 176 2482 ys
206 2411 346 2487 περιορᾷ,
379 2424 441 2487 quo
472 2403 540 2466 loeo
568 2404 647 2466 item
681 2402 808 2484 ὑπερορᾷ
839 2423 904 2468 esse
927 2405 1149 2492 corrigendum
1174 2427 1269 2490 snpra

126 2530 143 2574 s
177 2509 366 2598 significavi.
414 2506 615 2574 Contrarium
648 2508 803 2573 habemus
837 2509 931 2593 paulo
964 2519 1033 2596 post
1064 2512 1117 2587 (ad
1141 2538 1158 2587 η
1183 2494 1263 2588 311,

130 2617 220 2700 351,
246 2617 297 2701 7):
322 2617 355 2679 οὑ
380 2616 442 2693 γαρ
464 2613 541 2682 εἰκὸς
565 2608 641 2677 εἶναι
665 2616 720 2686 τίρν
744 2614 800 2690 μὲν
824 2616 997 2679 οὶίανασίαν
1022 2619 1182 2701 ὑπεριδεῖν,
1204 2620 1268 2690 tvn-

175 2723 217 2786 δέ
240 2725 384 2800 γυναικὸς
416 2723 578 2796 ὑπομεῖναι
609 2719 724 2797 palaea.
780 2724 881 2785 Merae
912 2723 1031 2788 scribes
1065 2723 1265 2789 dormitantis

126 2831 268 2897 itantiee
289 2829 403 2893 lacuna
423 2829 575 2909 originem
599 2826 710 2891 debere
725 2827 869 2920 ridetur.

126 3064 166 3116 ν,
188 3039 263 3104 263.
297 3037 425 3104 Ulixem
457 3033 596 3123 Oalypso
628 3039 764 3102 missum
797 3038 872 3103 fecit
896 3040 987 3113 Ζηνὸς
1014 3043 1065 3105 ὑπ’
1089 3043 1267 3118 ἀγγελίης,

126 3147 187 3209 καί
219 3146 281 3217 νόος
315 3143 459 3222 ἐτράπετ’
483 3147 589 3218 αὐτῆς.
643 3142 725 3208 Hinc
748 3165 810 3208 non
833 3144 964 3230 illepide
987 3147 1171 3214 deducitur:
1197 3147 1269 3212 ὑπο-

126 3276 156 3312 ιι
184 3251 353 3323 Ὀδυσσεὺς
378 3251 527 3329 Φαίνεται
552 3251 606 3321 τὴν
632 3252 801 3325 ὑποστολὴν
825 3256 878 3315 τοὺ
902 3258 1033 3330 Ἑρμοῦ·
1057 3257 1095 3326 or
1120 3253 1268 3336 ἐξαίφνης

126 3379 144 3419 ν
169 3360 217 3423 καί
236 3360 270 3424 οὑ
290 3356 549 3435 προσδοκήσαντος
571 3357 693 3433 ἐγένετο
715 3361 731 3430 ἡ
752 3358 897 3433 έκπσμπίν
917 3359 957 3428 είς
980 3360 1082 3424 αὑτίν.
1101 3359 1165 3444 (Τ).
1197 3359 1270 3424 Duo

126 3463 199 3531 irus
228 3466 325 3530 verba
355 3484 481 3528 omnem
512 3483 621 3527 sanam
654 3464 945 3548 interpretationem
976 3472 1137 3551 respuunt
1192 3464 1271 3545 Quis

126 3586 169 3631 m
191 3570 426 3656 intellegendus
448 3589 504 3653 per
527 3567 583 3633 illa
606 3570 649 3640 είς
673 3565 788 3633 αὑτίνί
830 3569 1040 3636 Alcincnsne?
1075 3575 1119 3637 At
1141 3572 1201 3636 hoc
1226 3571 1270 3636 fa-

126 3691 170 3735 rn
206 3698 265 3742 nec
298 3695 420 3741 rerum.
467 3673 527 3738 Sed
561 3676 638 3738 satis
671 3685 792 3738 certum
818 3687 866 3740 est
890 3678 1020 3742 verbum
1048 3680 1164 3762 requiri
1188 3678 1271 3742 unde

126 3775 215 3848 ,dest
239 3785 298 3860 ὡς,
323 3780 406 3865 quod
429 3801 445 3844 e
466 3783 696 3864 praepositione
719 3783 765 3844 ita
784 3780 965 3846 elicuerim:
986 3786 1023 3854 ὡς
1046 3781 1194 3876 ἐξαίφνης
1208 3785 1271 3862 γὰρ

154 3890 194 3951 οὑ
219 3889 477 3967 προσδοκήσαντος
503 3887 624 3963 ἐγένετο
649 3888 665 3959 ἡ
691 3888 836 3961 ε’κποριπίρ
861 3890 1031 3976 είσ(ρίειν)
1057 3891 1159 3954 αὑτόν.

126 4111 157 4166 r,
192 4099 266 4166 303.
290 4097 406 4179 Ἥρως,
431 4099 475 4171 μή
499 4121 551 4169 μοι
575 4098 691 4161 τοῦνεκ’
716 4099 865 4174 οίμὺροονα
889 4099 983 4162 νείκεε
1007 4098 1122 4179 κοὺρνν.
1164 4100 1271 4166 Huius

126 4211 195 4268 Sus
216 4207 414 4287 duorumque
437 4206 636 4286 sequentium
662 4204 742 4269 hane
767 4203 970 4287 paraphrasin
994 4206 1144 4290 praebent
1162 4206 1271 4282 HPQ:

152 4314 217 4385 τίρν
242 4311 362 4390 ὑψορον
386 4315 440 4383 σὴν
465 4310 620 4390 θυγατέρα
644 4312 699 4384 τὴν
725 4309 927 4387 Νανσικιίαν,
954 4309 989 4398 [ὦ
1014 4313 1162 4401 Ἀριίτιρ,]
1185 4321 1275 4396 Φιλο·
