2978 4950
666 169 710 243 55

90 363 180 452 έιίκκ)
202 365 275 448 τρίς
293 367 337 433 τοὶ
356 367 452 432 λοιποί
475 373 535 432 τῶν
557 362 638 447 ζῴων
663 366 735 445 ύπέρ
758 369 812 430 τοῦ
836 367 880 442 μὴ
905 365 1083 431 κτείνειν
1106 365 1184 443 μηδὲ
1207 367 1279 445 πρὸς

90 475 177 550 ἡμῶν
211 475 342 555 ὶκρίτως
377 474 462 540 αύτύ
498 473 733 537 κτείνεσθαι
769 471 856 556 (Lib.
890 471 905 536 I
936 494 963 538 ο.
997 475 1055 550 12,
1088 494 1117 557 p.
1151 473 1204 548 51,
1235 472 1279 537 23

87 570 1280 665 Μυσοὶ).-καίγίιρφύειρομένοιντῶνκαρπῶντούςφθείροντας

87 689 145 750 οὐκ
177 688 406 753 ἀποκτείνουσιν
437 688 475 773 (oi
500 689 662 770 γεωργοί),
697 685 781 772 (Lib.
804 684 837 761 Ι,
860 708 887 751 c.
916 675 974 764 16}
1000 707 1028 770 p.
1056 686 1110 770 54,
1137 685 1191 772 ll)
1222 688 1279 751 ubi

86 811 148 876 pro
171 795 411 877 ἀποκτείνουσιν,
436 794 519 879 quod
543 800 575 858 et
599 813 653 877 per
675 813 708 857 se
732 800 764 855 et
786 794 821 855 in
844 793 960 856 mediis
980 792 1097 856 futuris
1129 792 1283 856 absonum

86 903 156 976 ast,
190 901 283 965 unice
313 920 428 966 verum
460 905 508 964 oet
538 901 755 963 ἀποκτενοῦσιν
786 897 995 963 a-Feliciano
1030 905 1203 982 repertum.
1239 935 1280 945 —

85 1012 177 1083 τριῶν
211 1043 280 1056 --
317 1010 357 1078 ὥς
388 1009 456 1070 καθ’
490 1002 619 1069 ἕκαστον
644 1004 756 1068 σκοπὸν
779 1010 875 1068 τελῶν
898 1002 999 1082 ίντιον,
1026 1007 1096 1081 ἡμῖν
1121 1009 1175 1068 τοῦ
1199 1000 1282 1090 (etl)

86 1121 205 1193 τυχεῖν
234 1122 288 1186 τῆς
321 1118 376 1178 τοῦ
406 1112 488 1184 ὄντος
522 1111 642 1192 ύεοερίοος
673 1112 708 1176 τὸ
744 1113 850 1187 τέλος,
882 1117 936 1184 τῆς
969 1108 1099 1186 τεύξεως
1135 1109 1282 1196 τελούσης
1316 1188 1320 1199 ¹

86 1220 148 1291 rire
180 1219 265 1285 κατὰ
289 1220 419 1297 δύναμιν
448 1221 503 1293 τὴν
534 1218 686 1298 ἡμετέραν
718 1218 877 1297 σύμφυσιν
905 1220 954 1298 τῷ
984 1218 1192 1297 ύειορούντι
1217 1217 1284 1280 καί

88 1325 351 1406 θεωρουμένῳ
387 1326 472 1411 (Lib.
507 1324 530 1389 I.
562 1347 587 1390 c.
622 1322 683 1402 293
713 1345 744 1409 p.
777 1322 830 1401 61,
861 1323 906 1410 2).
931 1362 972 1372 -
1004 1321 1073 1387 ύσαι
1109 1324 1140 1387 δέ
1175 1322 1280 1405 ψυχαί

88 1437 148 1497 τοῦ
181 1438 329 1511 συνεχοῦς
361 1420 540 1509 πνεύματος
570 1435 603 1496 ού
635 1435 873 1511 κρατοῦσιν,
904 1432 980 1495 ἀλλ’
1003 1433 1041 1502 ete
1067 1431 1102 1496 τὸ
1126 1430 1205 1494 πολὺ
1230 1431 1282 1494 καί

84 1543 363 1623 κρατοῦνται,
388 1540 425 1604 δι’
449 1541 528 1604 αὐτὸ
552 1544 641 1603 τοῦτο
665 1535 804 1614 ἄγονταί
826 1561 860 1602 τε
885 1538 938 1601 καί
963 1538 1106 1618 φέρονται
1126 1539 1197 1600 λίαν
1210 1552 1281 1602 κτλ.

82 1645 175 1730 (Lib.
197 1643 238 1723 ΙΙ,
258 1665 284 1710 o.
299 1643 361 1723 38;
382 1667 413 1732 p.
438 1645 514 1730 107,
528 1643 596 1730 22).
619 1683 660 1694 -
681 1640 760 1709 οἶδεν
778 1645 809 1708 δέ
834 1644 883 1708 ἐπὶ
909 1650 967 1708 τῶν
991 1642 1069 1726 ζῴων
1092 1643 1152 1715 τοὶς
1177 1642 1282 1716 ὠδῖνας

80 1753 96 1816 ε’
136 1752 285 1827 σύνοικος,
319 1751 371 1817 καί
405 1752 554 1816 συνωδίνει
586 1776 625 1829 γε
654 1751 696 1816 τοί
720 1750 840 1834 πολλοὶ,
865 1747 963 1830 ὥσπερ
987 1751 1040 1814 καί
1063 1750 1281 1827 ἀλεκτρυόνες·

79 1859 130 1923 τοὶ
162 1858 193 1923 δέ
222 1859 274 1922 καὶ
300 1857 498 1936 συνεκλέπει,
523 1859 561 1930 ύς
585 1866 656 1929 ταῖς
683 1865 874 1938 περιστεραῖς
899 1858 923 1922 οἱ
947 1855 1084 1937 ἄρρενες·
1109 1857 1160 1920 καί
1186 1857 1279 1920 τύπου

80 1973 217 2047 προνοεῖ,
237 1961 271 2030 ού
291 1969 443 2043 μέλλουσι
463 1968 590 2032 τίκτειν.
611 1965 663 2028 καί
684 1970 886 2041 γεννῆσαν
904 1961 1034 2027 ἕκαστον
1054 1964 1226 2042 έκκαίαίρει
1245 1963 1280 2027 τὸ

78 2072 345 2152 γεννώμενον
365 2072 417 2136 καί
439 2072 542 2137 ἑαυτό.
563 2071 646 2157 (Lib.
660 2070 706 2135 III
725 2092 750 2135 ο.
769 2070 828 2154 1ος
847 2091 879 2155 p.
895 2069 969 2146 134,
984 2069 1035 2156 9),
1057 2071 1112 2134 ubi
1131 2069 1277 2154 equidem

79 2177 308 2265 praetulerim:
321 2177 374 2242 καί
387 2186 538 2255 γεννῆσαν
550 2174 594 2242 έκ.
608 2178 779 2257 έκκαίοιίρει
793 2177 827 2239 τὸ
839 2177 1024 2253 γεννώμενον
1037 2177 1080 2247 ὡς
1096 2179 1160 2240 καί
1175 2176 1278 2242 ἑαυτό.

131 2284 195 2352 sed
218 2285 384 2350 bacciam
407 2284 565 2351 sufficiant
589 2284 628 2349 nd
652 2282 850 2348 fulciendum
874 2282 972 2347 illud:
991 2282 1065 2349 ,οὔτε
1090 2283 1157 2352 τοὺς
1183 2297 1275 2346 πολε·

78 2392 254 2468 μουμένους
289 2389 361 2455 ούτε
397 2390 466 2463 τοὺς
504 2394 720 2476 πολεμοῦντας
748 2392 782 2474 ¹).
829 2389 923 2455 Nunc
958 2390 997 2453 ad
1032 2395 1154 2456 caetera
1184 2390 1279 2455 huius

123 2579 148 2641 1)
174 2577 251 2627 verbe
274 2578 326 2643 ipae
347 2577 461 2642 leguntur
483 2578 571 2627 Scholl.
596 2580 625 2627 ad
650 2580 717 2630 Iliad.
745 2587 778 2639 Ζ,
795 2583 846 2630 480
863 2597 891 2629 er
909 2581 1000 2629 Veneto
1018 2580 1050 2628 B:
1071 2575 1112 2625 ούκ
1131 2577 1168 2626 dai
1187 2544 1279 2626 πολε-

77 2662 217 2728 μεῖσθαι
246 2665 300 2715 καί
326 2662 486 2725 πολεμεῖν
515 2662 635 2730 εύχεται,
661 2668 722 2718 ἀλλ’
747 2671 771 2719 ἐν
795 2673 877 2732 μύναις
903 2668 1001 2732 ύριστον
1020 2665 1077 2716 eleae
1097 2663 1152 2724 ταῖς
1171 2669 1282 2730 χρείαις,

77 2754 122 2809 et,
145 2767 177 2799 ne
192 2750 246 2815 qnia
263 2754 349 2800 testem
368 2765 396 2798 ex
413 2750 588 2814 antiquioribus
607 2753 725 2816 requirat,
746 2756 914 2803 Demosthenes
931 2755 955 2802 in
973 2753 1045 2802 tertie
1063 2752 1179 2801 Oratione
1196 2755 1280 2799 contre

79 2839 235 2906 Philippum,
253 2842 265 2901 ς
282 2839 311 2888 9ο
336 2841 413 2888 τούτο
437 2837 461 2887 δ’
486 2835 555 2888 ἔστὶν
578 2836 592 2889 ὃ
616 2847 665 2890 τῶν
684 2842 874 2905 ἀναλισκομένων
892 2841 1028 2906 χρημάτων
1046 2840 1142 2889 πύκταν
1161 2842 1281 2896 Φίλιππος

77 2924 193 2987 lenires,
214 2927 290 2984 αύτὸς
314 2928 358 2989 μέν
384 2926 546 2989 πολεμεῖν
566 2927 629 2992 ύμῖν,
650 2928 692 2994 ὑφ’
712 2930 777 2994 ὑμῶν
795 2932 821 2983 tt
839 2935 873 2996 μὴ
893 2928 1116 2992 πολεμεῖσθαι.
1135 2933 1179 2980 Sed
1199 2931 1281 2980 utiliue

78 3012 214 3062 &monebo
239 3012 304 3061 idem
328 3013 388 3061 mibi
413 3013 586 3062 reatituendum
604 3016 680 3065 videri
698 3019 760 3082 apud
780 3019 930 3067 Heraclitum
948 3018 988 3081 qui
1006 3017 1094 3064 dicitur
1111 3016 1136 3063 in
1153 3015 1281 3078 Allegoriie

80 3095 222 3145 Homericis
235 3111 256 3145 c.
276 3095 357 3143 XXXI
375 3094 390 3143 i.
401 3095 426 3153 l,
443 3094 483 3144 ubi
503 3099 628 3160 postquem
645 3099 729 3147 multia
745 3100 835 3148 scilicet
852 3101 997 3164 argumentis
1015 3099 1114 3164 probare
1131 3102 1228 3146 conatue
1245 3100 1282 3145 eat

80 3185 192 3234 Martem
215 3183 341 3247 allegorice
364 3183 410 3232 dici
433 3199 477 3248 pro
495 3184 568 3243 bello,
588 3191 666 3235 totum
691 3189 768 3237 locum
786 3189 824 3237 hie
842 3188 919 3238 verbio
937 3189 1068 3238 concludit:
1087 3181 1148 3235 δίεπ’
1168 3184 1281 3248 ἐναργέσι

78 3276 221 3334 rumphea
245 3272 287 3320 καί
311 3270 352 3320 διὰ
375 3278 424 3321 τῶν
447 3273 515 3320 κατὰ
541 3272 610 3336 μέρος
637 3273 775 3338 έδείξαμεν,
795 3275 822 3326 ού
840 3279 883 3327 τὸν
902 3280 976 3340 Ἄρσιν
993 3276 1140 3339 τετρημένον
1159 3273 1206 3324 ύπὸ
1226 3284 1281 3325 Δισ-

79 3361 173 3426 ριιίδευς
199 3361 270 3411 ἄλλα
295 3361 351 3410 τὸν
376 3364 526 3422 πόλεμον.
562 3366 615 3414 Seio
639 3368 749 3430 aquilam
774 3369 926 3418 Heraclitum
948 3370 1021 3418 iatum
1047 3384 1094 3417 non
1124 3368 1280 3416 reformidare

79 3453 233 3503 calamistros
259 3455 284 3500 et
309 3453 411 3501 tinnitus
438 3453 567 3512 orationis,
594 3459 619 3504 ut
645 3454 750 3517 πόλεμος
775 3456 922 3520 τετρυμένος
944 3475 992 3507 non
1015 3459 1075 3507 mihi
1092 3462 1187 3507 tantum
1204 3458 1278 3507 nimia

79 3535 181 3586 eudocia
211 3535 262 3583 aive
293 3534 373 3599 potine
397 3533 547 3597 ineptissima
573 3537 663 3588 dictum
689 3539 790 3598 videtur,
817 3542 857 3589 aed
884 3541 956 3589 etiam
983 3541 1106 3599 Mehlaro,
1135 3541 1163 3590 V.
1190 3540 1226 3589 Ol
1254 3541 1279 3588 in

78 3624 187 3674 editione
214 3639 256 3673 aue
282 3621 351 3671 ἄλλα
375 3624 450 3679 τούς
482 3627 661 3687 πολεμίους
687 3629 835 3688 coniicienti,
861 3631 923 3694 quod
946 3631 971 3679 in
997 3631 1149 3679 scholiorum
1174 3630 1278 3679 editione

78 3713 193 3780 probarit
215 3728 279 3762 anno
303 3713 438 3766 Dindorfius
461 3717 500 3773 (ud
519 3722 552 3774 E,
570 3720 630 3778 336,
649 3724 668 3769 t.
688 3721 730 3769 llI
748 3737 770 3786 p.
790 3721 860 3788 245).
897 3723 969 3770 Recte
987 3721 1068 3770 habet:
1088 3719 1101 3767 ύ
1120 3721 1193 3782 Ἄρης
1214 3717 1280 3770 etto

80 3805 153 3852 berea
176 3799 244 3851 mo
262 3802 328 3857 πλὴν
346 3802 359 3850 d
376 3807 498 3866 πόλεμος,
516 3812 580 3857 recte
597 3809 671 3858 etiem
687 3808 805 3867 ἐπιύίτσις
823 3812 872 3873 γὰρ
892 3807 1021 3874 ιίρμίζονσι
1040 3809 1138 3873 πολέμῳ
1157 3808 1280 3872 κέχρηται

80 3893 230 3959 (Homerua)
249 3895 344 3952 μᾶλλον
365 3890 380 3950 li
400 3895 456 3959 lep,
474 3899 541 3963 peine
557 3899 606 3948 iam
625 3897 664 3965 (in
680 3901 726 3948 fine
744 3902 828 3967 capitia
846 3903 951 3962 xxxu)
968 3903 995 3950 ἐκ
1013 3898 1124 3962 δευτέρον
1144 3898 1170 3949 δέ
1196 3899 1280 3961 πάλιν,

79 3981 166 4045 είμειίος
192 3986 309 4044 ταραχῆς
334 3982 492 4046 ύναφίείπιρς,
521 3983 600 4047 ’ίδοξεν
619 3987 632 4035 δ
651 3983 723 4051 'opat
742 3988 791 4038 ἀπὸ
810 3985 855 4038 τοῦ
874 3989 1037 4054 δεσμωτηρίου
1057 3988 1186 4048 λσλύσίοιι,
1206 4008 1276 4041 του·
1356 4033 1360 4041 ι

79 4071 202 4123 πύστιν
230 4070 243 4118 d
269 4069 429 4134 πόλεμος,
453 4093 513 4141 quaa
536 4078 661 4127 Mehlerua
684 4080 757 4128 etiam
776 4080 834 4130 uliae
851 4081 880 4130 ob
898 4099 979 4132 caueae
996 4085 1124 4133 damnavit.
1159 4086 1204 4133 Sed
1222 4090 1277 4134 utut

78 4157 128 4207 boc
140 4160 190 4213 eet,
209 4158 261 4203 tam
277 4155 357 4220 inepte
371 4157 472 4208 anblime
487 4159 524 4207 vel
533 4162 656 4210 ventosum
665 4165 746 4209 tamen
756 4179 802 4211 non
813 4166 848 4211 est
857 4181 927 4228 quam
937 4166 961 4214 id
970 4167 998 4214 de
1008 4183 1054 4230 quo
1063 4166 1165 4230 agimua,
1177 4183 1220 4231 pro
1230 4183 1277 4230 quo

78 4262 131 4296 non
152 4259 209 4294 cum
232 4240 345 4293 Mablero
366 4247 424 4302 robe
444 4247 573 4308 πολεμίους
592 4252 690 4314 legerim
708 4253 760 4301 aad:
772 4250 1020 4316 ---ἐδείξοιμεν
1039 4252 1065 4303 ού
1083 4255 1126 4303 τὸν
1141 4254 1217 4317 ’Άριςν
1236 4272 1277 4304 τε·

77 4333 202 4399 προσμένον
223 4333 271 4384 tet
292 4333 438 4398 Διομήδους,
457 4337 526 4387 ἄλλα
544 4340 581 4388 τὸ
597 4338 848 4402 πολεμούμενον.
944 4348 947 4354 ’
