2978 4950
709 210 775 281 268

144 406 177 467 et
200 420 310 469 omnes
332 408 455 471 veteres
477 405 648 492 magistros
670 402 735 470 elio
757 407 863 471 omnio
884 403 1070 471 audivimus
1087 402 1276 490 praecipietis

21 592 24 597 .
146 528 203 573 nee
233 529 426 594 quemquam
462 509 515 578 vel
546 509 661 577 leviter
690 513 725 576 in
747 510 888 578 Homero
910 517 1074 578 versatum
1097 509 1205 577 fellere
1226 515 1276 597 poi

146 618 236 679 τοῦτο
267 615 302 681 τθ
338 614 399 690 ἔθος
432 616 467 683 τδ
498 622 551 683 τοῦ
574 622 707 692 ποιητοῦ.
754 616 817 683 Sed
839 620 954 703 homo,
978 619 1013 682 ni
1035 616 1145 696 fallor,
1169 620 1276 704 scripse

145 723 288 808 quisquis
314 723 394 788 fuit:
418 720 516 790 οὕτω
540 723 602 803 γαρ
625 725 800 804 προτίθεται
824 724 838 789 θ
859 724 933 805 γάρ.
963 763 1001 774 -
1025 725 1093 792 Neo
1117 726 1226 791 minoe
1245 744 1276 791 ω

144 847 195 894 res
225 834 274 894 esi
303 829 343 895 od
373 854 382 893 ι
408 828 494 909 353,
523 827 562 903 ὣς
587 831 734 911 θφοθμην,
758 832 774 897 θ
798 831 829 895 δὲ
854 830 941 896 δέκτο
966 832 1019 896 καὶ
1044 829 1168 910 ἔκπιεν,
1192 830 1229 898 ed
1251 850 1276 917 q!

143 935 242 1000 verbs
275 934 338 1000 duo
368 935 488 1004 sobolis
518 958 558 1003 ex
588 936 615 1002 Τ
648 936 760 1003 retulit
781 936 966 1004 Dindorfiue
989 939 1085 1005 ambo
1108 938 1260 1005 lemme

145 1043 257 1108 tentio.
304 1040 399 1107 Prius
429 1045 593 1132 integrum
624 1052 689 1110 eet:
721 1045 803 1110 οὐδὲν
832 1045 999 1118 ὑπονοήσας
1030 1043 1158 1124 ἐδέξατο
1190 1045 1248 1110 ὑπὸ
1273 1072 1276 1089 ⁴

146 1148 273 1221 εθωδθας
293 1151 471 1228 κρατηθείς,
492 1146 526 1224 ήν
545 1151 790 1232 προῳκονθμησεν
810 1153 825 1217 θ
848 1153 985 1231 ποιητής,
999 1150 1276 1217 κΙθθτιιιῐιίθιωΜ

148 1261 237 1320 tum:
258 1255 319 1297 Μ
339 1257 413 1322 ποθεν
432 1258 446 1322 θ
465 1262 642 1333 τηλικοῦτος
665 1260 705 1323 σθ
726 1258 929 1337 κεκιθτηται,
955 1256 1032 1324 ἀλλ’
1058 1258 1141 1326 ἐστὶν
1165 1259 1257 1334 θήθης

147 1361 223 1429 οθνον
246 1367 300 1428 τοῦ
324 1365 468 1430 τοιοθτον.
492 1365 581 1430 ἀλλὰ
604 1365 657 1430 καὶ
682 1368 717 1430 τὸ
741 1365 899 1443 κισσύβιον
917 1366 1075 1444 μέγιστον.
1124 1364 1276 1432 Meneie

149 1469 238 1548 brae,
270 1470 441 1555 inquibus
463 1471 524 1537 hoe
546 1479 655 1538 temen
677 1472 761 1538 olere
783 1472 1009 1558 perspicimus,
1035 1474 1188 1538 vitiosum
1213 1490 1276 1539 esse

147 1575 345 1656 κεκράτηται.
393 1577 478 1643 Nam
507 1580 576 1645 sive
605 1580 741 1646 verbum
770 1579 822 1644 hic
853 1576 1012 1665 significet
1036 1578 1152 1657 „odore
1176 1586 1210 1644 et
1230 1575 1276 1644 do]

149 1683 221 1749 dine
253 1682 399 1767 victus,”
424 1720 467 1732 -
490 1692 536 1771 ut⁸
559 1705 654 1770 supro
686 1686 744 1750 ὑπὸ
771 1692 826 1758 τής
850 1684 977 1765 εὐωδίας
1001 1685 1178 1765 κρατηθεθς,
1202 1703 1276 1749 -1

149 1791 232 1875 quod
263 1789 349 1856 molo
381 1791 477 1867 „vino
506 1810 672 1876 oppressus
702 1798 735 1857 et
764 1791 870 1856 ebrius
892 1790 1035 1869 foetus‚”
1058 1801 1194 1877 utreque
1216 1790 1276 1855 mii

146 1899 275 1985 negotio
311 1897 390 1963 felse
423 1903 481 1962 eet.
527 1894 664 1983 Cyelop·
702 1904 734 1963 et
768 1897 933 1984 voluptate
967 1905 1135 1983 superetur
1166 1903 1199 1964 et
1227 1895 1276 1963 eie

146 2024 242 2090 quem
268 2006 407 2069 maxime
431 2002 476 2067 fit.
523 2001 634 2088 lisque
657 2003 716 2069 hoo
739 2006 882 2089 primum
906 2011 1088 2079 teneamus,
1111 2000 1276 2091 eomigond

149 2129 232 2177 esee:
266 2108 363 2177 οὗτοι
398 2108 603 2188 κεκράτηται,
634 2129 696 2195 quo
719 2110 802 2175 iacto
825 2109 948 2195 reliqua
970 2131 1032 2175 non
1055 2107 1227 2175 difficulter
1247 2128 1276 2175 ss

148 2217 277 2282 buntur.
323 2216 447 2300 Nempe
480 2221 526 2281 eet
562 2216 705 2300 quaestio
740 2222 774 2281 et
807 2218 967 2301 responsio
1004 2218 1148 2292 brevior,
1188 2218 1276 2281 iton

149 2321 265 2408 plenda
286 2329 319 2386 et
341 2320 526 2409 digerenda:
551 2321 657 2407 (πῶς)
676 2320 753 2386 πιὼν
774 2321 788 2386 θ
808 2326 986 2395 τηλικοῦτος
1007 2320 1107 2387 οὔτοι
1127 2322 1276 2400 κικιιθτητ

150 2430 226 2492 ἀλλ’
249 2425 332 2492 ieri»
354 2429 448 2500 ἀήθης
473 2433 526 2491 τοῦ
549 2427 625 2491 οἶνον
649 2433 702 2493 τοῦ
727 2427 880 2504 τοιούτου,
907 2427 1027 2513 [ἀλλὰ]
1048 2428 1100 2492 καὶ
1122 2428 1159 2492 τδ
1179 2426 1276 2504 κισσθή

149 2535 308 2613 μέγιστον.
345 2533 465 2598 Eadem
490 2533 613 2598 dicendi
638 2536 740 2598 iormo
762 2537 900 2598 cernitur
924 2557 953 2598 v.
978 2556 1006 2598 o.
1031 2537 1065 2598 in
1089 2534 1211 2600 scholio
1231 2555 1268 2600 ex

149 2641 233 2727 opud
264 2638 463 2705 Diudorfium
494 2640 534 2704 od
569 2655 588 2703 κ
613 2639 676 2704 391
710 2639 827 2724 relate,
852 2641 890 2705 de
914 2643 1004 2704 cuius
1027 2660 1102 2705 vero
1125 2662 1223 2726 quem
1246 2660 1276 2705 oo

149 2770 223 2834 pore
248 2747 341 2813 debet
363 2745 431 2811 loeo
455 2746 532 2810 olim
561 2751 593 2809 in
621 2745 799 2812 Observato.
822 2768 851 2830 p.
872 2744 1006 2810 28-30
1027 2747 1129 2812 fusius
1156 2748 1276 2832 disputo

149 2862 212 2927 πῶς
250 2856 293 2930 μή
329 2853 401 2916 πιὼν
429 2852 464 2917 τθ
496 2847 579 2925 αἷμα
609 2856 750 2929 γινώσκει
760 2874 769 2930 ;
810 2852 932 2921 πθντως
974 2852 1124 2940 (πθντες
1164 2852 1276 2942 legend

150 2982 217 3026 esse
241 2960 359 3025 ibidem
384 2962 448 3024 iem
473 2958 552 3043 dixi)
574 2954 652 3024 οὗτοι
679 2962 710 3023 ἐν
730 2963 772 3039 τῷ
794 2962 852 3023 τῶν
873 2958 1007 3038 θτοθφιον
1030 2960 1088 3024 εἰσὶ
1112 2960 1216 3039 τθπῳ,
1235 2961 1262 3025 oi

150 3066 341 3149 δικάζοντες,
373 3065 399 3129 οἱ
431 3065 462 3129 δὲ
499 3064 706 3143 δικαζόμενοι·
740 3067 785 3143 μή
808 3071 985 3138 πεπωκότες
1012 3066 1064 3149 (δὲ
1088 3071 1157 3131 τοῦ
1181 3067 1260 3151 ins.)

150 3174 251 3247 Λήθης
283 3171 392 3243 θδκτος
423 3169 617 3248 Φθέμγονται
643 3171 694 3234 καὶ
720 3173 775 3249 πρὸ
799 3176 852 3236 τοῦ
877 3180 967 3236 πιεῖν.
1014 3171 1067 3236 Ad
1091 3193 1161 3237 rem
1186 3172 1270 3258 quod

149 3284 247 3357 tinet,
283 3279 380 3365 digna
414 3281 488 3340 sunt
520 3297 599 3360 quoe
630 3278 846 3354 conserentur,
878 3299 958 3362 quae
989 3279 1029 3343 ed
1060 3277 1161 3343 1209
1194 3276 1276 3344 iuH

149 3387 188 3453 ad
219 3384 391 3451 Homerica
421 3377 451 3446 ἓν
480 3382 575 3452 δέπας
600 3384 763 3458 ἐμπλήσας
789 3383 898 3456 ὕδατος
922 3386 982 3447 ιὶνοδ
1007 3385 1100 3449 εἴκοσι
1124 3386 1276 3470 (sircam

149 3494 313 3558 dicuntur:
346 3495 434 3554 τοῦτο
466 3492 723 3569 προῳκονθμησεν,
753 3488 802 3554 ἵνα
834 3493 877 3567 μή
910 3489 1047 3571 ζητῶμεν
1079 3499 1157 3564 πῶς
1188 3495 1201 3557 θ
1230 3517 1274 3565 τη

150 3606 288 3667 κοῡτος
325 3595 527 3675 ἐκορέσθη.
574 3595 643 3660 Hoe
674 3616 798 3680 quoque
829 3597 930 3661 obiter
953 3617 1082 3681 moneo,
1107 3619 1189 3682 quoe
1212 3604 1275 3664 rest

148 3705 253 3771 multo
277 3704 391 3768 melius
414 3703 568 3786 pertinere
591 3701 630 3766 ed
654 3722 706 3784 eo,
730 3723 810 3786 quoe
833 3702 927 3786 poulo
950 3704 1033 3768 infra
1054 3706 1139 3790 opud
1159 3704 1276 3770 Homer

151 3817 326 3896 sequuntur
360 3810 420 3891 (vs.
445 3806 508 3872 371
535 3809 649 3891 seqq.):
684 3803 773 3879 ήκαὶ
799 3810 988 3876 ἀνακλινθεὶς
1012 3810 1105 3874 πέσεν
1129 3809 1250 3886 ὕπτιος,

152 3919 211 3983 κθιδ
234 3918 266 3982 δέ
290 3941 341 3992 μιν
364 3913 452 3982 ὕπνος
479 3911 540 3994 ήρει
565 3912 790 3994 πανδαμάτωρ,
824 3920 860 3978 ut
891 3916 1008 3980 iniuria
1040 3938 1058 3981 a
1091 3919 1209 3984 codicis
1236 3939 1276 3983 ee!

153 4045 188 4089 eo
219 4023 319 4088 relato
347 4024 426 4102 sint,
456 4039 518 4103 quo
541 4040 624 4082 nuno
648 4019 810 4106 leguntur.
859 4021 982 4107 Quippe
1007 4023 1175 4093 lemmatis
1197 4028 1276 4093 obeez

152 4131 314 4194 hominem
349 4128 380 4191 in
405 4147 540 4190 errorem
566 4126 726 4190 induxisse
750 4129 886 4193 videtur.
912 4167 954 4178 —
978 4130 1098 4198 Eodem
1124 4154 1216 4218 porro
1236 4153 1276 4199 me

153 4239 223 4301 eine
244 4235 398 4300 utendum
424 4256 443 4296 σ
469 4230 529 4308 19,
554 4233 610 4296 ubi
635 4231 744 4297 Ulixes
767 4235 806 4299 od
829 4234 917 4300 lrum
941 4239 1005 4321 ipsi
1030 4240 1244 4306 invidentem:
1264 4261 1276 4301 ο

153 4344 185 4407 τθ
221 4366 254 4405 σε
289 4342 349 4421 χρή
379 4349 398 4420 11
427 4339 593 4419 ἀλλοτρίων
632 4340 780 4422 φθονέειν·
815 4377 868 4392 --
895 4342 988 4422 θλβον
1019 4346 1051 4409 δὲ
1084 4347 1141 4412 θεοὶ
1171 4348 1276 4427 μέλλον
