2978 4950
660 199 724 277 137

75 399 393 479 pensitamus.
429 399 576 474 Λίολιιιῶς
605 400 638 464 δέ
662 401 743 464 ἐστιν
769 396 975 467 ἐπιπόνως.
1002 397 1154 485 Disputat
1178 400 1216 466 de
1239 392 1291 464 lris

77 507 313 572 Buttmannus
344 508 407 571 ita:
442 504 631 584 „Barnasius
661 507 802 590 reposuit
825 506 1050 581 μετείληπται,
1076 505 1160 590 quod
1183 508 1291 570 notius

80 633 167 677 sane
205 613 341 678 verbum
376 617 441 689 est,
476 614 529 674 sed
559 613 632 675 mihi
662 612 776 696 quidem
811 612 860 674 όόο
876 613 1004 696 perinde
1027 614 1189 677 οόοοννανα.
1225 612 1290 676 Ne-

82 739 154 803 que
193 725 302 784 tamen
340 720 491 783 leniorem
523 721 652 782 invenio
682 717 874 781 medicinam
907 737 943 782 ea
978 738 1074 803 quam
1111 717 1290 781 Boeclrhius

81 827 254 913 porrigit,
288 832 325 889 ut
356 825 513 889 scribatur
544 823 685 906 scilicet,
709 823 758 886 aas
785 825 819 887 τὸ
844 824 951 902 μέτρον
976 826 1198 903 παρείληπται.
1234 823 1291 888 Ni-

83 933 218 994 mirum
242 938 421 1015 σμυγερῶς,
445 929 593 1003 ἐπιπόνως
617 937 664 994 est
691 929 850 1017 glossula,
877 951 973 1014 quae,
998 940 1035 995 ut
1059 952 1150 1017 saepe
1174 933 1208 994 in
1231 930 1291 994 hac

84 1040 242 1118 congerie
272 1038 409 1109 iactum,
444 1036 563 1102 coaluit
594 1057 666 1099 cum
695 1038 783 1121 justo
815 1036 944 1102 scholio.
991 1036 1083 1101 Istud
1113 1042 1220 1102 autem
1244 1038 1290 1099 sic

83 1139 229 1208 babuit:
254 1149 433 1223 σμυγερῶςτ
457 1143 508 1208 aa
532 1143 568 1206 τὸ
591 1142 700 1221 μέτρον
721 1142 943 1220 παρείληπται.
981 1145 1127 1212 Αίολικῶς
1154 1144 1185 1206 δέ
1209 1142 1292 1206 ἐστιν

85 1247 259 1322 ἐπιπόνως.
290 1250 350 1315 hoc
382 1251 475 1315 dicit:
508 1270 565 1334 pro
595 1251 691 1314 verbo
723 1256 860 1326 μογερῶς
889 1250 928 1313 ob
959 1258 1096 1313 metrum
1124 1249 1289 1313 admisisse

84 1359 224 1435 poetam
258 1355 421 1422 Aeolicam
452 1360 519 1442 ejus
550 1356 685 1420 formam
719 1356 911 1434 σμυγερῶς.”
944 1354 1031 1420 Haec
1063 1355 1288 1419 Buttmannus.
1400 1386 1403 1392 ·

87 1454 300 1528 Sententiam
331 1466 452 1548 optime
484 1465 659 1548 perspexit,
690 1463 744 1526 sed
772 1484 850 1526 num
881 1463 958 1527 haec
994 1465 1151 1527 sententia
1184 1463 1291 1526 verbis

87 1567 209 1646 qualia
239 1591 312 1635 cum
335 1569 503 1640 ,Boeckhio
539 1571 704 1634 constituit
738 1590 846 1634 revera
879 1570 972 1645 insit,
1005 1590 1041 1634 ea
1072 1569 1110 1633 de
1142 1589 1174 1633 re
1198 1569 1291 1633 dubi·

85 1673 162 1737 tare
191 1676 311 1742 licebit.
359 1675 450 1740 Istud
483 1680 629 1761 „poetam
659 1678 755 1740 metri
778 1696 871 1740 causa
893 1695 949 1759 pro
968 1681 1105 1753 μογερῶς
1126 1673 1288 1739 Aeolicam

84 1772 236 1849 formam
268 1789 428 1861 σμυγερῶς
461 1781 643 1847 admisisse’'
671 1802 749 1847 num
775 1780 892 1846 Graece
915 1789 1021 1846 sonat:
1048 1780 1098 1844 διόι
1123 1781 1157 1844 τό
1182 1782 1291 1861 μέτρον

85 1888 335 1963 resciamus?
363 1889 406 1954 lat
428 1888 505 1973 quid
529 1895 594 1953 est:
619 1890 819 1960 Αίολικῶς
844 1889 875 1952 δέ
900 1888 982 1952 ἐστιν
1005 1886 1173 1958 ἐπιπόνωςί
1204 1889 1289 1953 Num

83 1985 202 2071 igitur
232 1997 343 2062 eadem
375 2016 437 2061 von
473 1995 557 2080 apud
586 1994 765 2060 Homerum
790 1994 877 2060 aliud
902 1994 979 2079 quid
1003 1992 1183 2082 significati
1207 1993 1291 2075 Qua-

84 2110 228 2184 propter
249 2107 318 2190 ipsa
337 2103 434 2168 verba
454 2100 596 2166 difficilia
615 2104 662 2166 ita
675 2103 920 2166 ‘constituerimz
946 2108 1121 2181 σμυγερῶς;
1144 2102 1235 2187 (διὰ)
1255 2103 1290 2166 τό

82 2199 209 2284 μέτρον
229 2209 512 2287 μετείληπται
534 2209 691 2278 λίολικῶς.
713 2206 809 2292 (quod
831 2207 963 2272 verbum
976 2229 1049 2273 cum
1063 2207 1290 2272 Bamesiusre·

82 2317 275 2394 posuisset,
294 2313 494 2381 confirmavit
509 2334 592 2378 nunc
603 2312 866 2401 Hamburgensis.
881 2313 965 2399 App.
980 2336 1011 2400 p.
1028 2314 1118 2392 747.)
1138 2312 1178 2378 ἔσ
1189 2339 1224 2378 τι
1251 2315 1290 2379 δέ
1380 2312 1383 2322 ’

80 2404 166 2490 (Pro
201 2422 234 2488 δέ
263 2424 357 2509 ἐστιν)
383 2419 550 2497 ἐπιπόνως,
576 2441 656 2505 quae
679 2421 796 2484 diserte
818 2421 851 2484 id
872 2424 978 2506 ipsum
1004 2420 1184 2509 significant
1207 2420 1290 2506 quod
1329 2446 1332 2451 ’

77 2508 317 2595 Buttmannus
333 2528 474 2605 volebat,
494 2534 532 2591 ut
550 2529 660 2591 statim
681 2527 961 2592 demonstrabitur.
988 2527 1081 2593 Nunc
1094 2535 1218 2594 tantum
1233 2528 1290 2593 hoc

76 2619 195 2723 ffldo,
220 2637 425 2723 quodetiam
448 2633 597 2712 σμογερός
622 2633 785 2716 dicebant,
810 2636 838 2697 si
862 2631 1024 2720 Hesychia
1049 2634 1136 2700 fides.
1248 2696 1250 2701 .

131 2732 202 2808 Est
234 2749 343 2808 autem
374 2761 486 2827 operae
513 2742 650 2826 pretium
684 2740 722 2804 de
752 2739 861 2804 eodem
885 2740 1039 2806 vocabulo
1064 2741 1291 2826 Epimarismos

72 2825 289 2916 Homericos
317 2851 471 2934 inspicere
503 2867 522 2911 a
553 2844 702 2912 Oramero
727 2847 846 2923 editos,
872 2847 954 2911 unde
979 2867 1059 2932 quae
1085 2847 1123 2913 de
1148 2849 1215 2912 eius
1238 2867 1292 2932 pa-

70 2936 169 3017 ritia
204 2959 240 3020 in
271 2952 499 3021 Grammaticis
529 2950 658 3018 Graecis
688 2951 832 3039 legendis
860 2954 1138 3038 supradiximus,
1163 2954 1293 3037 siquid

67 3056 339 3128 confirmatione
373 3081 467 3145 opus,
504 3058 739 3123 confirmentur.
787 3058 888 3123 Locus
923 3066 971 3123 esi
1005 3060 1179 3124 eiusmodi:
1203 3061 1292 3124 Ἐπι-

66 3167 278 3248 Ψυγερῶςτ
303 3167 455 3246 ἐπίρρημα
478 3166 662 3242 μεσότητος·
688 3167 770 3230 οὐδὲν
794 3168 825 3230 δὲ
846 3166 887 3236 είς
909 3189 945 3236 ως
968 3166 1121 3245 ἐπίρρημα
1141 3169 1291 3250 σόνόετον,

64 3265 292 3341 μάλιστα
335 3275 375 3339 δὲ
419 3274 526 3352 παρόν
568 3274 769 3352 πρόθεσιν,
806 3270 885 3337 ὥστε
921 3273 955 3337 τό
992 3275 1203 3352 ἐπισμυγερῶς
1241 3272 1292 3338 δύο

64 3380 233 3453 κὀιείς
264 3379 355 3459 μέρη,
386 3379 597 3459 παρελκοιίσης
630 3389 685 3452 τῆς
711 3379 762 3442 ἐπί
773 3401 779 3415 ·
811 3379 917 3454 ὁμοίως
941 3381 982 3459 τῷ
1009 3378 1109 3456 „dcciv
1134 3376 1294 3454 ἐπιβουκό·

62 3476 137 3546 λθς
184 3487 288 3566 οίνιίρ.”
320 3483 383 3550 όόεν
411 3487 445 3549 τὸ
471 3485 668 3562 ἁπαξαπλῶς
695 3485 761 3548 καί
787 3486 943 3550 σόνόετον·
970 3487 1057 3549 asae
1084 3486 1168 3549 κατόν
1192 3484 1293 3563 παρό-

63 3571 193 3658 iem,
240 3593 325 3674 Quot
356 3599 552 3678 quantaeque
583 3589 738 3676 ineptiae!
770 3591 925 3668 Nullum,
956 3595 1081 3677 inquit,
1105 3592 1293 3657 adverbium

63 3677 110 3746 ᾖ*
159 3723 209 3772 ως
238 3703 457 3785 componitur,
482 3736 523 3747 -
549 3698 694 3777 μόλισπα
727 3700 757 3763 δὲ
785 3702 871 3776 παρῶ
903 3695 1059 3775 πρόόεσινί
1092 3700 1163 3764 Non
1195 3698 1294 3785 signi·

64 3779 173 3866 fleat
199 3808 275 3890 hoo,
295 3806 379 3890 quod
403 3825 559 3870 nonnemo
584 3811 692 3889 putet,
719 3807 874 3880 „minime
898 3807 1041 3869 omnium
1070 3825 1143 3869 cum
1163 3825 1295 3889 praepo·

70 3895 249 3991 ⁸itione”‚
290 3915 336 3978 ita
377 3915 463 3977 enim
507 3909 656 3985 ἥκιστα
697 3912 728 3974 δὲ
767 3910 876 3987 μετόν
917 3910 1135 3989 προόέσεονς
1171 3912 1294 3976 dictum

75 4015 277 4087 ⁰P0rtabat.
313 4018 374 4084 Sed
397 4039 450 4082 me
472 4019 577 4083 iudice
600 4020 829 4104 grammaticus
847 4016 942 4103 longe
963 4016 1051 4082 aliud
1075 4020 1150 4102 quid
1174 4019 1294 4084 voluit:

84 4110 193 4183 οὐδὲν
220 4125 247 4190 δέ
278 4128 320 4198 είς
345 4149 383 4196 ως
408 4127 560 4204 ἐπίρρημα
584 4125 739 4199 σύνθετον,
765 4128 926 4200 μαλλον
963 4123 1001 4187 δὲ
1037 4124 1148 4188 κατὰ
1175 4124 1297 4205 παρό-

93 4212 233 4314 θέσιν,
271 4231 349 4296 ὥστε
394 4233 428 4295 τὸ
469 4233 680 4309 ἐπισμυγερῶς
718 4229 769 4293 ido
804 4237 916 4293 ποιεί
949 4232 1043 4309 μέρη,
1083 4234 1293 4311 παρελκούτης

10 4360 12 4397 ι
101 4331 156 4402 τῆς
204 4337 258 4402 ἐπί.
305 4337 366 4403 Sed
402 4338 476 4402 vide
511 4358 591 4423 quae
626 4339 775 4402 continuo
805 4343 992 4421 sequantur:
1027 4332 1089 4410 όόεν
1113 4338 1146 4407 τό
1170 4336 1297 4418 όιπαξα-
