2978 4950
198 112 235 157 er
263 111 409 178 perverso
433 91 656 172 παραγομένας
679 95 859 178 perversius
881 89 1140 172 παραγενομένας
1165 79 1380 177 procuderant.
1469 156 1486 169 ,

242 330 273 383 ε,
298 306 353 371 51.
401 304 594 392 Praecipitat
622 326 656 372 ae
687 304 868 373 Mercurius
891 305 926 370 in
950 325 1037 372 mare
1059 303 1142 386 λάρῳ
1166 303 1253 386 θρνιθι
1277 304 1382 379 θιιιιθς.

197 410 413 500 Investigatur
436 433 547 479 eausa:
572 411 624 478 διίο
647 414 679 478 τί
701 411 783 493 λάρῳ
807 413 860 477 καὶ
884 415 928 491 μίν
953 413 1034 493 άετῷ
1059 413 1159 485 ἐοικὼς
1185 409 1313 494 θάλλον
1330 435 1483 477 τιν-Ἣ,

197 518 339 599 τοιούτῳς
377 518 451 585 διθτι
480 518 543 584 οὔτ’
571 520 662 591 άετὸς
692 519 755 585 οὔτ’
788 517 869 585 άλλο
899 544 929 585 τι
960 528 1108 603 χερσαῖον
1140 517 1236 601 θρνεον
1260 519 1446 591 δύναται

197 625 329 690 πλίειν
353 627 391 697 ὥς
416 631 474 690 τῶν
498 633 613 706 πτερῶν
638 626 827 707 θροιιοιριένοιν
851 624 951 704 θντοιν,
976 625 1040 692 θδέ
1056 624 1150 707 λάρος
1176 624 1436 692 θαλάεοιο

197 731 249 797 καί
281 732 471 812 πνκνθτερος.
497 732 547 798 καὶ
571 736 625 799 οὐκ
650 731 684 809 ἦν
708 732 885 810 ὁμοιωθῆναι
909 730 997 813 ι’ίλλῳ
1020 733 1078 798 τινί
1101 731 1264 812 θαλασσίῳ
1285 729 1323 797 δι’
1344 726 1485 797 etQ

198 837 263 915 δος,
297 839 401 903 άλλθι
432 838 483 904 διοὶ
512 840 547 904 τὸ
577 841 722 920 λαμπρθν
752 840 805 905 καί
837 841 944 906 λευκὸν
973 845 1027 906 τοῦ
1052 841 1138 906 θεοῦ·
1165 843 1301 914 τοιοῦτος
1325 839 1483 928 γά-ρ

197 944 249 1010 καί
275 944 288 1008 θ
313 944 416 1024 λάρος·
440 949 478 1018 ὠς
503 949 544 1026 τῷ
570 947 644 1025 ἡλίῳ
668 947 681 1010 θ
706 947 811 1020 κθκνος
835 947 1027 1012 ἀνατίθεται.
1049 946 1101 1034 (E)
1122 945 1275 1012 Primum
1294 946 1485 1019 serit-i

197 1058 339 1138 oportet,
375 1053 485 1136 eredo,
521 1073 582 1117 non
617 1053 722 1119 solum
755 1062 858 1130 πλεῖν,
883 1053 936 1119 sed
964 1056 1080 1119 etiam:
1105 1053 1119 1119 θ
1144 1053 1176 1118 δὲ
1199 1040 1293 1133 λάρος
1316 1051 1481 1140 (τίς)

197 1160 362 1229 θαλάσσιος
394 1159 446 1222 καὶ
479 1159 669 1240 πνκνθτερος.
716 1158 777 1225 Sed
809 1161 939 1225 maioris
972 1159 1067 1247 paulo
1089 1161 1248 1227 momenti
1271 1164 1319 1226 eet
1339 1160 1469 1226 im·

196 1267 372 1350 eptissima
389 1267 422 1330 in
450 1266 654 1350 sequentibus
679 1269 835 1351 oppositio
860 1269 944 1332 inter
967 1268 1001 1330 τὸ
1026 1262 1104 1340 εἶδος
1129 1272 1162 1332 et
1185 1264 1221 1331 τδ
1245 1265 1474 1347 λαμπρὸν

195 1478 223 1541 si
252 1480 298 1543 ita
329 1484 395 1555 est,
420 1478 611 1564 effugiamus
633 1482 768 1564 ineptias
792 1480 971 1545 scribendo:
997 1480 1050 1544 καί
1074 1480 1127 1546 οὐκ
1152 1475 1185 1552 ἦν
1210 1478 1465 1556 ὁμοιωθῆναι

196 1584 283 1665 άλλῳ
315 1584 371 1648 τινί
403 1580 571 1663 θαλαττίῳ
603 1586 640 1649 δι’
669 1581 769 1662 εἶδος,
793 1583 878 1661 άριοι
901 1586 953 1650 διά
976 1585 1011 1649 τὸ
1035 1586 1179 1665 λαμπρὸν
1203 1583 1258 1649 καί
1281 1583 1466 1649 λευκὸν

194 1695 247 1756 τοῦ
273 1691 354 1755 θεοῦ·
379 1726 398 1740 ·
413 1726 465 1740 -·
489 1693 527 1762 ὥς
552 1693 594 1773 τῷ
619 1692 692 1772 ἡλίῳ
718 1693 731 1755 ο“
756 1693 861 1763 κύκνος
882 1689 1093 1768 άνατίθεται..
1123 1691 1284 1776 simulque
1303 1710 1463 1757 oon-

194 1797 367 1883 parationis
397 1819 469 1863 curn
502 1796 568 1862 sole
599 1805 631 1862 et
654 1820 752 1884 cyeno
776 1802 941 1865 institutae
964 1798 1045 1865 ratio
1069 1797 1188 1865 elarius
1213 1796 1454 1884 apparebit.

242 2040 272 2093 ε,
300 2015 353 2080 54.
388 2015 440 2080 Ad
464 2016 548 2081 hune
572 2037 700 2079 versum
725 2014 836 2079 retulit
860 2011 1042 2079 Dindorfiua
1065 2013 1223 2079 athetasin
1242 2016 1277 2079 in
1296 2011 1446 2091 HPQ

196 2129 354 2189 servatam
384 2123 483 2187 hane:
514 2122 676 2201 προσέθηκέ
707 2144 752 2191 τις
783 2123 814 2185 οὐ
841 2120 964 2188 δεόντως
987 2121 1038 2184 τὸν
1062 2121 1182 2200 στίχον.
1207 2119 1259 2184 καί
1285 2119 1444 2196 paterae

196 2229 248 2293 καί
280 2228 464 2308 βραδύτερον
487 2229 646 2307 πορεύεται
671 2229 714 2304 pe
739 2229 893 2307 χρώμενος
917 2229 957 2305 τῷ
983 2228 1045 2306 ίδίςο
1068 2226 1186 2307 τάχει,
1212 2225 1289 2292 ἀλλ’
1313 2227 1438 2291 iro-

193 2336 343 2417 χούριενος
375 2335 492 2409 κύματι
526 2336 577 2397 καί
609 2336 796 2411 μιμούμενος
821 2333 911 2412 λάρον
935 2334 1020 2397 κατά
1045 2333 1079 2396 τὸ
1104 2333 1188 2406 ἔπος.
1213 2332 1327 2399 lectore
1358 2333 1436 2395 in

192 2450 266 2507 note
297 2445 436 2506 monito:
469 2441 631 2517 „scholion
655 2444 687 2504 in
712 2439 823 2519 ΗΡίΥ1
852 2478 892 2488 -
918 2440 998 2504 addo
1022 2439 1076 2513 Μ,
1102 2441 1158 2504 ubi
1183 2461 1259 2505 eum
1283 2440 1436 2506 obaer-

193 2553 319 2615 vatione
351 2548 518 2613 simillima
542 2550 589 2623 ei,
615 2569 694 2631 quae
719 2570 749 2632 p.
775 2547 850 2622 246,
877 2547 896 2610 9
921 2569 960 2611 en
983 2546 1009 2609 P
1032 2546 1171 2632 legitur,
1198 2546 1316 2612 coaluit
1344 2574 1433 2591 -

198 2658 315 2739 „neraei
340 2656 379 2719 51
406 2656 600 2739 adscriptum
625 2656 686 2718 hue
712 2654 860 2717 transtuli
886 2676 959 2716 cum
980 2653 1148 2718 Eustathio
1169 2675 1200 2738 p.
1216 2648 1430 2737 1522,62”‚

195 2784 295 2848 neque
319 2763 410 2826 aliter
434 2762 605 2826 Laroehius
625 2764 656 2823 in
678 2761 815 2825 editione
828 2781 885 2823 sua
897 2761 1006 2824 critica
1018 2760 1185 2825 iudicavit.
1212 2760 1393 2825 Attamen
1420 2797 1429 2823 ι

196 2872 258 2933 nisi
276 2891 327 2933 me
348 2871 454 2933 onmia
473 2868 606 2949 fallunt,
626 2866 814 2930 Eustatlrius
827 2865 1026 2932 Dindorfium
1040 2867 1181 2951 decepit,
1196 2866 1427 2932 Laroehium

195 2974 385 3041 Dindorfius.
412 2973 436 3058 ¹)
470 2974 558 3053 Quod
591 2994 651 3057 quo
682 2972 797 3037 elarius
829 2980 994 3057 appareat,
1030 2978 1116 3037 totus
1141 2971 1276 3038 Homeri
1298 2972 1426 3038 loom

195 3084 351 3150 laetorum
375 3081 475 3147 oeulis
498 3080 712 3145 subiiciendus
735 3083 805 3143 erit.

286 3189 340 3254 43.
372 3188 439 3259 Ὣς
465 3188 571 3270 ἔφατ’,
596 3189 656 3252 οὐδ’
682 3187 813 3258 antenor
837 3184 990 3263 διάκτορος
1017 3184 1255 3264 Ἀργεϊφόντης.

286 3296 339 3361 44.
376 3294 481 3359 αὐτίκ’
508 3291 607 3359 ἔπειθ’
632 3294 689 3356 ὑπὸ
714 3294 821 3356 ποτοίν
847 3292 976 3366 ἐδήσατο
1001 3293 1087 3356 καλοὶ
1112 3293 1237 3371 πέδιλα,
1252 3320 1352 3343 -···

286 3402 339 3468 47.
375 3398 471 3466 είλετο
496 3403 526 3466 δὲ
550 3401 678 3482 ῥάβδον,
704 3410 741 3481 τῇ
767 3402 794 3462 τ’
819 3401 927 3478 άνδρῶν
952 3398 1084 3474 ὄμματα
1109 3401 1216 3477 θέλγει

285 3511 339 3576 48.
376 3507 413 3573 ὧν
438 3509 549 3581 ἐθέλει,
575 3510 643 3578 τοὺς
670 3508 693 3569 δ’
719 3501 794 3569 αὖτε
819 3506 870 3569 καί
898 3507 1069 3577 ὑπνώοντας
1096 3508 1226 3587 ἐγείρει·

284 3616 338 3681 49.
373 3617 428 3688 τίρν
451 3617 535 3692 μετά
559 3616 665 3695 χερσίν
689 3611 768 3695 ἔχων
793 3613 902 3676 πέτετο
928 3614 1040 3691 κρατὺς
1067 3612 1302 3696 Ἀργιῖφθντης.

286 3724 339 3788 50.
375 3730 492 3803 Πιερίην
517 3723 543 3786 δ’
569 3722 684 3800 ἐπιβάς
711 3720 743 3797 ἐξ
768 3721 880 3798 αίθέρος
904 3716 1024 3796 ἔμπεσε
1049 3719 1169 3804 πθντῳ·

195 3891 367 3900 -—-—.

230 3974 253 4036 l)
279 3972 395 4021 Enetathii
419 3970 489 4020 rerba
514 3970 638 4035 adscripsit
662 3969 802 4018 Inroahiua:
818 3969 959 4030 raptatam
979 3963 1069 4018 ι’ίονταὶ
1090 3986 1154 4029 τινες
1171 3971 1214 4020 τὸν
1232 3970 1328 4034 nixu
1356 3947 1402 4002 Ψ.

194 4057 340 4122 θβελιζονσιν
360 4059 412 4117 ’ἦτοι
433 4059 565 4108 sonuum.
