2978 4950
100 93 216 163 mirum
240 96 275 164 in
299 97 432 164 modum
454 100 636 164 invertitur.
661 95 732 162 Non
757 97 861 168 enim,
884 98 1033 181 quoniam
1046 93 1154 161 Ulixis
1167 113 1285 162 encres

99 208 184 271 extra
201 210 315 272 notum
338 212 494 271 tsrramm
518 205 627 272 orbem
651 205 747 289 positi
770 210 865 285 sunt,
889 203 961 270 ideo
984 202 1166 269 Phaeacum
1188 223 1286 268 navos

99 308 245 379 miraculi
278 314 379 378 instar
412 319 487 378 sunt
520 311 697 381 habendae.
734 309 789 375 sed
823 309 916 394 plane
950 315 1059 376 contra
1094 317 1159 375 est:
1205 309 1288 396 quod

101 411 279 486 Phaeacum
302 440 399 485 naves
421 425 618 504 portentosae
642 422 737 488 sunt,
762 423 794 482 et
817 417 876 481 hoc
908 418 1056 482 conducit
1086 417 1125 481 ad
1158 416 1290 501 proban·

105 517 176 590 dnm
212 532 336 605 (contra
368 525 529 592 Oratetem
564 527 694 608 eiusque
725 524 925 609 sectatores),
959 520 1078 589 errores
1110 521 1198 588 fictos
1223 542 1290 587 esse

108 624 233 716 idooqne
261 640 351 697 extra
376 639 490 696 notum
515 636 670 695 terrarum
690 629 802 694 ‚orbem
827 629 1028 714 quaerendos.
1075 628 1188 712 Itaque
1212 628 1290 692 scri·

112 728 257 803 bendum:
287 737 413 816 τοιὶτω
435 739 566 814 Φανερὶν
591 731 635 799 dri
661 735 876 800 ἕκτοτίτισται
903 736 919 808 οἱ
945 734 1067 810 τλοίνη,
1091 735 1157 800 διὰ
1182 734 1223 799 τὸ
1248 734 1292 810 μὶρ

111 840 224 922 κιέζειν
255 844 315 915 τοὶς
340 847 414 914 ναῦς
438 849 496 908 τῶν
520 841 710 921 κυβερνητῶν
741 856 812 906 κτλ.
860 840 966 906 Simul
987 841 1040 907 val
1064 841 1139 907 hinc
1163 847 1293 927 apparet

110 966 197 1032 quam
234 949 419 1036 planissime
456 949 542 1014 idem
583 951 625 1013 sit
655 949 873 1013 ἕκτετότισται
907 949 924 1022 ἦ
956 945 1060 1022 τλιὶνη
1091 956 1124 1014 et
1159 949 1200 1013 τοὶ
1236 953 1292 1020 τῆς

10 1046 12 1051 ’
109 1052 234 1130 τλιὶνης.
855 1120 858 1126 .

151 1158 209 1227 Sed
232 1181 325 1247 parco
348 1161 492 1247 pluribus
515 1163 549 1225 in
573 1182 606 1225 re
625 1161 790 1225 notissima
808 1165 840 1224 et
859 1160 918 1225 hoc
936 1161 1003 1225 iam
1024 1161 1145 1227 nemini
1158 1162 1293 1227 dubium

102 1265 173 1331 tore
192 1271 318 1354 opinor,
342 1275 374 1332 et
397 1286 434 1332 eo
457 1265 540 1341 loco,
568 1266 651 1330 unde
673 1266 749 1330 haec
774 1269 879 1332 omnis
902 1267 1077 1352 disputatio
1102 1288 1212 1333 exorsa
1235 1272 1293 1349 est,

96 1373 127 1453 (δ
147 1370 214 1453 72),
235 1373 408 1461 legendnm
430 1394 496 1438 esse
511 1374 554 1437 τα
568 1384 622 1447 της
635 1370 822 1446 ἐκπλήξεως,
835 1379 867 1438 et
878 1373 1010 1439 eandem
1023 1373 1149 1438 dicendi
1161 1374 1294 1437 formam

10 1510 12 1515 ·
91 1480 332 1545 restituendam
352 1479 445 1544 aliter
464 1480 663 1545 obscuratam
686 1478 790 1544 1800:
814 1479 864 1544 ἱιοὶ
885 1480 917 1543 τί
935 1481 979 1556 μη
993 1477 1109 1556 ἔλαβεν
1121 1477 1155 1549 ἐξ
1167 1479 1294 1543 αὖτιὶνό

86 1579 243 1667 Κύκλωψ
262 1587 308 1650 τοὶ,
326 1585 403 1665 ξίφη
423 1583 476 1649 ιιαὶ
498 1587 725 1664 ἀπογύμνωσιν
747 1585 877 1663 adnutu
897 1585 1133 1670 Respondetur:
1154 1591 1209 1658 τῆς
1229 1587 1295 1650 ἔτι·

80 1683 220 1767 βουλῆς
244 1691 314 1764 ἱσως
340 1691 448 1757 ἔλαθεν
472 1694 566 1759 αὐτὸν
591 1693 663 1773 πρὸς
688 1694 742 1765 την
766 1692 862 1772 βορίου
887 1691 1096 1769 ἐπειγόμενον.
1123 1692 1177 1777 (Q)
1203 1692 1296 1758 Unde

76 1797 220 1870 pendet
237 1800 407 1887 genetivus
425 1805 480 1871 τῆς
501 1797 688 1876 ἐτιβουλησὶ
710 1794 878 1865 Non'certe
890 1799 929 1864 ab
942 1797 1060 1876 ἔλαθεν,
1075 1820 1175 1886 neque
1188 1801 1294 1886 magis

75 1895 123 1959 λδ
167 1905 281 1970 αὐτόν.
329 1904 486 1989 Reqnitur
515 1909 749 1983 nominativus,
781 1908 889 1991 itaque
921 1906 1092 1971 addamus:
1122 1904 1211 1990 (τα)
1237 1913 1294 1980 τῆς

72 1998 272 2084 ἐπιβουλῆς
304 2009 375 2082 ἱσως
406 2008 515 2075 ἔλαθεν
547 2012 651 2077 αὐτόν.
698 2012 839 2078 Tandem
874 2012 1016 2077 eiusdem
1041 2015 1087 2078 rei
1117 2013 1296 2079 observatio

70 2114 250 2189 prodesse
272 2120 390 2204 poterit
412 2116 540 2183 Scholio
563 2121 733 2186 Aristonici
762 2121 794 2182 in
817 2121 910 2184 initio
933 2117 1060 2195 Iliadis,
1086 2129 1115 2183 A
1140 2117 1199 2184 59:
1225 2119 1296 2198 πρὸς
1333 2120 1339 2128 ’

68 2213 166 2284 Τῆν
213 2231 271 2291 τῶν
306 2225 452 2303 νεωτέρων
488 2225 695 2302 ἱστορίαν,
732 2222 777 2289 ἱτι
810 2225 944 2289 ἐντεῦθεν
975 2227 1029 2296 την
1061 2227 1143 2289 κατα
1170 2226 1296 2290 Μυσίαν

69 2309 291 2411 ἱστορίαν
323 2327 479 2394 ἔπλασαν.
526 2330 667 2396 Offendit
690 2334 741 2395 vir
764 2331 968 2397 doctissimus
991 2332 1028 2397 L.
1052 2331 1295 2396 Friedliiuderus

67 2417 108 2485 i¹1
155 2441 306 2523 repetito
336 2439 488 2517 ἱστορίαν,
518 2457 574 2522 pro
604 2437 703 2502 altero
736 2437 917 2517 ,ε’φίρμισιν
946 2438 998 2502 vel
1021 2437 1086 2502 tale
1111 2437 1205 2522 quid’
1228 2459 1298 2522 pro·
1391 2434 1393 2438 ⁸

69 2544 235 2608 ponens.
261 2545 364 2608 Acuta
387 2545 504 2608 vitium
529 2546 703 2628 perspexit,
729 2545 762 2607 in
785 2544 925 2608 remedio
949 2543 1145 2623 adhibendo,
1170 2545 1197 2606 si
1222 2545 1298 2628 quid

70 2635 218 2728 Video,
251 2652 358 2714 minus
382 2632 518 2715 feliciter
540 2657 683 2715 versatus
707 2651 831 2735 sibique
854 2652 921 2734 ipse
946 2650 1124 2735 displicens.
1169 2649 1298 2716 Etenim

69 2756 147 2810 ¹¹80
179 2759 241 2842 qui
262 2757 396 2833 ἱστοριάν
417 2778 456 2820 ex
477 2754 636 2834 ε’Φίρμισιν
658 2757 744 2820 nasci
764 2757 903 2839 potuerit
925 2755 1035 2831 video,
1061 2761 1092 2819 et
1115 2758 1143 2821 si
1167 2757 1242 2840 quid
1266 2760 1300 2821 in

68 2855 251 2928 “trema
284 2868 373 2947 parte
408 2861 618 2937 mutandum,
654 2868 738 2927 certe
769 2862 823 2935 την
856 2861 940 2924 κατα
972 2862 1098 2926 Μυσίαν
1133 2864 1301 2940 τορείαν

68 2966 290 3034 praestaret.
318 2969 342 3054 ¹)
366 2969 476 3052 ltaque
500 2971 621 3032 mirum
646 2987 708 3033 non
740 2975 806 3044 est,
839 2967 1101 3033 Friedlanderum
1134 2968 1298 3035 Dindorfio

72 3113 288 3147 N...

115 3221 156 3288 Ῑ)
184 3238 305 3288 Similiter
326 3237 352 3287 in
368 3236 459 3286 scholio
476 3241 500 3286 et
517 3237 668 3302 caeteroquin
685 3235 864 3301 corruptissimo
882 3236 911 3285 ad
930 3257 947 3287 α
965 3238 975 3300 (
993 3237 1013 3300 ),
1032 3239 1058 3286 5:
1078 3234 1202 3302 ἀρνύμενος
1224 3238 1251 3296 tta
1270 3254 1300 3289 τι

72 3298 197 3378 ψ”κῗνν
215 3326 256 3376 καί
274 3328 360 3376 νόστον
378 3322 477 3388 ἑταίραν
493 3327 538 3390 QV
556 3327 573 3375 i.
583 3342 604 3376 a.
622 3324 722 3376 hebent:
741 3323 1030 3386 ἀντικαταλλασσόμενος
1046 3327 1092 3386 την
1108 3325 1198 3377 tavent
1214 3327 1301 3392 νίυχην

73 3397 126 3446 ¹¹²2
166 3418 223 3476 τὴν
248 3418 282 3475 εἱς
309 3417 353 3468 τὸν
380 3413 441 3465 cdxcv
469 3417 629 3477 τιμωρίαν
655 3412 713 3478 ἱτὶρ
740 3421 790 3466 τῶν
815 3413 923 3478 ἱταίραν.
959 3418 1006 3466 Ρσο
1029 3417 1130 3469 absurdo
1147 3418 1301 3482 τιριαρίανΤ
1381 3402 1389 3421 ⁰

76 3480 180 3563 (⁴1²1).
208 3526 230 3575 p.
253 3509 315 3574 735)
336 3510 437 3575 optime:
461 3509 507 3567 την
530 3507 563 3564 εἱς
589 3503 650 3555 aaa
674 3506 818 3568 τορείαν.
853 3508 978 3572 Sequitur:
1007 3503 1051 3557 οἱον
1070 3507 1145 3568 adria
1164 3510 1299 3560 ἀπολέσθαι

78 3570 177 3637 “⁴⁸⁹
202 3599 238 3648 ἱνα
255 3597 324 3665 retra
344 3599 401 3655 τοὶς
420 3594 536 3661 ἑταίρους.
560 3594 765 3655 διαληττὶσν
784 3595 816 3646 δὲ
835 3596 889 3645 ἐαἱ
909 3597 945 3645 τὸ
964 3599 1090 3647 νόστον.
1126 3600 1190 3665 Quid
1209 3593 1302 3652 ultimis

82 3661 256 3748 hoieladani,
274 3690 300 3738 in
319 3689 339 3736 V
358 3688 458 3738 alterins
474 3688 608 3753 depravatis
625 3687 651 3736 in
667 3684 807 3736 διαλιττίσν
825 3686 867 3735 ’στὶ
881 3693 917 3750 τῷ
935 3686 977 3735 nat
993 3688 1098 3738 νίστσνὶ
1116 3689 1303 3756 Rescripserim:

87 3760 252 3827 ’‘stvtov
270 3775 302 3827 dd
326 3772 426 3827 »am
445 3776 500 3827 ἐτὶ
517 3777 554 3825 τό
575 3772 709 3836 νόστον,
728 3794 782 3827 nam
799 3780 880 3834 erant,
898 3775 940 3840 qui
957 3776 991 3825 sio
1008 3777 1098 3827 seilicet
1117 3778 1303 3843 interpretaren-

89 3845 151 3906 Ἧι
190 3864 313 3930 ιὶρνίμενσς
339 3864 367 3926 tia
393 3866 476 3930 ψυχην
501 3864 554 3916 tob
582 3866 696 3917 ν’όστον
721 3863 836 3929 ἱταίριιν,
860 3867 929 3914 erant
946 3865 988 3929 qui
1006 3866 1044 3942 nel
1061 3867 1152 3916 durius.
1169 3867 1241 3917 Patet
1257 3869 1303 3919 hoo

97 3948 128 3988 ‘¹
145 3946 177 3999 B
198 3958 282 4009 indae
299 3959 396 4009 mutilo:
416 3956 669 4015 ἂντικιιταλλασσων,
688 3954 820 4013 ἀντιδιδοὺς
835 3955 869 4004 τὶι
888 3952 972 4014 anona
990 3953 1030 4003 aa
1048 3957 1093 4015 την
1114 3953 1141 4013 ἣν
1159 3953 1246 4019 ψυχὴν
1260 3958 1302 4008 aad

97 4019 146 4101 ’ἢ
172 4046 217 4094 τὸν
239 4050 323 4098 νόστον
348 4052 396 4097 τᾶν
419 4044 526 4110 ἑταίρων.
562 4048 602 4096 un
621 4048 677 4095 baec
694 4046 844 4112 paraphrasis
861 4044 988 4094 verborum
1005 4062 1032 4093 eo
1050 4047 1120 4096 modo
1139 4049 1304 4110 structorum,
