2978 4950
678 202 721 287 89

91 424 180 492 quae
203 428 272 474 rem
296 406 477 481 conficient:
502 409 595 473 ἐκεῖνο
618 408 649 473 δὲ
673 407 863 488 προστίθησιν
888 411 901 474 ὅ
925 410 1078 489 Τρύφων,
1103 407 1148 477 irs
1170 411 1183 476 d
1207 411 1287 477 ε’πί-

86 537 223 592 οορος,
260 517 308 587 ὥς
344 515 584 596 ἐπίσκοπος,
617 516 647 578 οὐ
681 514 805 589 πάντως
837 514 904 598 ἔχει
928 518 1103 595 ἐγκείμενον
1127 519 1178 583 τὸν
1206 516 1288 598 οὐράν

77 621 147 683 τὸν
184 619 321 703 udaeam
352 622 437 686 κοοτά
465 622 583 695 ταύτην
614 626 668 694 την
698 621 859 706 cretoso,
891 623 974 687 unde
997 623 1094 688 simul
1117 631 1223 689 nostra
1251 645 1290 689 ex

57 724 284 795 ,Herodiano
315 727 514 815 negligenter
543 729 717 792 admodum
740 735 886 812 excerpta
910 750 976 794 esse
999 731 1206 795 manifestum
1230 735 1289 795 est.

69 831 212 917 ltaque
243 837 305 898 sit:
338 834 487 914 ἐπίσσροςε
510 836 555 903 ὡς
580 834 764 909 ἐπίσκοπος,
791 841 829 898 ut
852 834 964 899 itidem
988 837 1217 900 restituendum
1242 841 1290 900 est

64 963 129 1017 γ,
167 938 252 1004 101;
286 941 468 1013 ἕνίσπεςς
493 940 642 1020 ἐπίσχες,
668 941 746 1004 εἶπέ.
793 940 894 1006 Immo
918 962 1009 1007 vero:
1038 945 1111 1026 (ὡς)
1139 943 1287 1022 ἐπίσχες,

65 1045 186 1122 εἰπέ,
222 1083 263 1093 -
288 1045 413 1111 lallitur
447 1049 532 1111 enim
569 1047 729 1112 Personas
765 1047 896 1128 ἐπίσχες
933 1048 1053 1114 formae
1089 1049 1290 1133 explicandae

59 1173 195 1218 causa
231 1153 391 1218 adiectum
415 1167 546 1237 putans,
563 1150 587 1238 ¹)
613 1191 656 1204 -
679 1154 950 1238 quemadmodum
974 1161 1058 1220 recte
1083 1162 1176 1233 asty
1205 1154 1287 1220 179:

58 1267 183 1338 μῆρα
203 1261 243 1332 ὥς
263 1268 371 1343 μῆλά,
391 1260 512 1343 7444,
533 1261 640 1336 άμνίον
660 1263 697 1331 cic
718 1261 830 1336 πηνίον,
854 1268 993 1345 utsupra
1006 1264 1038 1325 in
1051 1261 1177 1327 Scholia
1191 1262 1287 1328 Iliaco

56 1371 128 1432 et
147 1365 235 1431 infra
258 1389 283 1447 ο,
307 1364 392 1430 242:
417 1365 553 1431 Μάντιον
573 1369 610 1438 ὡς
633 1367 747 1442 Φήμιον
766 1373 798 1431 et
815 1368 932 1451 ubique
946 1366 1096 1433 locorum,
1122 1368 1289 1434 Praeterea

52 1471 232 1538 malim:
264 1472 391 1538 δύνοντος
424 1476 440 1548 η
475 1473 609 1552 πρόθεσις
642 1470 718 1538 είνοςς
745 1471 789 1536 ’Ἠ
814 1475 851 1537 ’ἐν
882 1477 1067 1554 πλεονασμῷ
1094 1477 1165 1558 (sic)
1190 1511 1243 1524 --
1270 1476 1287 1551 ἦ

50 1578 291 1659 rapiamur.
318 1617 359 1627 -
383 1605 410 1658 ρ.
438 1578 493 1646 21.
526 1581 709 1659 σημάντορις
744 1581 784 1660 τῷ
816 1581 949 1644 ὁπωσοῦν
981 1580 1193 1645 ἐπιτάσσοντι·
1220 1581 1288 1645 κοιί

51 1686 128 1750 ἐν
164 1688 207 1766 τῷ
245 1686 454 1764 ,σημάντορος
485 1687 517 1749 οὐ
540 1686 721 1765 πορείντος”
746 1688 787 1771 (Ο
810 1685 889 1770 325)
914 1686 1036 1764 νομέως.
1085 1687 1289 1775 Legendum:

48 1793 143 1863 ὥς
157 1792 188 1857 ἐν
198 1794 241 1873 τῷ
255 1807 326 1857 κτλ.
350 1790 509 1857 Similiter
520 1791 710 1876 Apollonius
722 1795 743 1857 i.
758 1814 788 1858 v.
811 1791 995 1869 σημάντο
1004 1816 1038 1872 ρε
1049 1815 1079 1865 e:
1097 1795 1122 1856 οί
1134 1794 1292 1872 βασιλεῖς,

56 1898 165 1963 ἀπὸ
190 1903 244 1963 τοῦ
269 1900 447 1974 οημοςίνειν,
469 1895 540 1976 άπερ
566 1899 674 1983 incip)
702 1898 963 1963 ὑποπάσσειν.
985 1901 1047 1964 άπὸ
1068 1900 1099 1964 tl
1119 1909 1173 1974 τῆς
1194 1902 1291 1972 αὐτῆς

50 2004 216 2076 ἐννοίας
248 2006 301 2068 κοί
333 2005 384 2068 τὸν
415 2003 547 2082 ποιμένος
579 2003 756 2084 σημάντορος
792 2007 986 2082 λέγομεν,
1020 2004 1226 2085 ,σημάντορος
1259 2010 1291 2072 οὐ

51 2110 295 2195 πορείντοά,
318 2112 375 2176 ubi
398 2109 593 2176 ἐπιτάσσειν
613 2111 815 2176 scribendum
833 2119 865 2177 et
890 2113 940 2176 ris
961 2111 1091 2188 ποιμένος
1112 2113 1291 2192 σημάντορος

50 2215 240 2297 λέγει,
272 2222 304 2282 et
336 2216 434 2282 miror
466 2237 540 2282 cum
572 2216 784 2282 Villoisonum
809 2223 979 2303 utrumque
1002 2218 1175 2284 admodum
1200 2220 1291 2285 dubi·

58 2531 129 2585 11
150 2525 220 2587 lot.)
242 2524 343 2589 Reliqua
364 2523 531 2588 disputationis
552 2522 667 2572 absumis
690 2523 812 2589 perepicuo
830 2529 885 2575 sunt
902 2528 997 2590 praeter
1015 2543 1103 2586 unum,
1121 2530 1183 2592 quod
1205 2531 1229 2579 in
1246 2533 1293 2580 tine

62 2603 227 2665 betium:
246 2611 282 2661 trs
301 2611 342 2661 καὶ
359 2612 402 2661 τὸν
420 2613 489 2660 πίνον
508 2610 629 2675 φυλάσσει
650 2617 695 2670 τῆς
714 2611 857 2674 προίίσςονς,
874 2617 936 2680 qnod
955 2606 1030 2664 miror
1047 2633 1093 2665 nou
1112 2623 1204 2666 notasse
1219 2618 1293 2667 Iselrr·

66 2698 177 2756 Unus,
202 2697 228 2746 in
253 2696 341 2745 talibus
366 2695 505 2760 praesertim
531 2696 664 2744 acutissime
687 2697 794 2745 omnium
816 2702 958 2746 cernentem.
994 2699 1049 2747 Non
1072 2699 1135 2747 euim
1162 2700 1293 2764 significare

72 2784 193 2844 potet,
220 2780 283 2843 qnod
305 2778 468 2827 Ptolemaeum
490 2793 518 2825 ex
536 2778 610 2826 totius
627 2778 794 2843 disputationis
810 2783 893 2829 tenore
912 2780 1012 2828 voluisse
1031 2781 1202 2844 intelligimus,
1221 2784 1294 2846 quod-

71 2873 150 2927 que
173 2862 287 2912 Irelrrsius
312 2861 385 2910 etiam
410 2860 466 2909 hine
490 2860 586 2917 sumsit,
615 2862 758 2926 ‚compositu
782 2863 877 2911 nomina
900 2878 953 2912 cum
969 2864 1156 2928 praepositione,
1175 2864 1215 2913 ulii
1233 2865 1294 2914 nihil

76 2953 178 2994 leorae
192 2944 370 3009 significationis
383 2943 482 3000 aceedit,
502 2958 596 2991 servare
605 2949 728 2993 accentum
737 2945 826 2995 σικονι”.
850 2948 904 2994 Non
914 2946 985 2993 latuit
995 2945 1038 2993 hoc
1048 2946 1213 3010 Pluygersium
1224 2964 1245 2996 ο.
1256 2947 1294 3005 el,

76 3037 138 3085 tie
161 3036 336 3100 disputantem,
360 3036 386 3082 ut
403 3031 539 3081 Diudorfius
557 3047 650 3095 quoqne
667 3033 772 3083 monuit:
793 3039 857 3092 »τῆς
875 3032 1004 3096 προίίσεοις
1021 3034 1159 3083 ον’ίοίςιςάκικ
1178 3041 1231 3091 οςίς
1249 3051 1296 3085 noa

76 3125 163 3172 esta
182 3122 370 3188 praepositionis,
394 3122 436 3169 sed
458 3119 558 3168 neminie
580 3125 701 3169 accentum
726 3123 841 3172 retinebat
864 3126 1027 3181 Ptolemaeus,
1045 3122 1207 3188 scribebatque
1230 3121 1295 3174 ἔτι·

85 3216 210 3275 cipue,
232 3212 296 3276 quod
317 3210 380 3259 idem
402 3207 553 3257 Aristarchus
578 3208 641 3257 haud
664 3209 733 3259 dubie
759 3212 862 3271 fecisset,
888 3213 908 3261 si
925 3212 1064 3262 vocabulum
1082 3207 1146 3273 cipue
1164 3217 1295 3278 composito

86 3292 177 3346 ἰοονσο
202 3291 357 3361 putavisset.”
384 3291 422 3352 (de
447 3291 532 3339 Zenod.
561 3292 667 3341 Carmin.
694 3293 815 3343 Homeris.
842 3296 956 3354 editione,
982 3312 1026 3344 scr.
1051 3296 1088 3345 W.
1114 3297 1298 3361 uP1uygers.)

92 3382 175 3435 laete
201 3384 265 3450 quod
290 3383 320 3431 ad
344 3396 407 3438 rem,
433 3383 457 3428 et
482 3380 514 3428 sic
540 3379 635 3428 demum
658 3382 814 3446 intelligimus
837 3385 894 3447 quid
915 3385 947 3432 sit
971 3382 1010 3433 lira
1034 3392 1126 3448 τριχῶς
1147 3383 1296 3446 maudein,

92 3489 205 3541 namque
231 3475 260 3523 de
284 3471 375 3537 triplici
401 3474 498 3520 accentu
523 3470 580 3518 haec
602 3470 721 3530 dicuntur,
746 3489 800 3521 cum
822 3473 956 3523 Zenodotus
981 3478 1005 3523 et
1022 3477 1174 3525 Aristarchus
1190 3472 1296 3538 ίπίονρος

86 3564 266 3630 probaverint,
290 3562 332 3612 alii
354 3558 394 3610 ’ίπο
419 3556 498 3621 οὖρος,
522 3561 671 3611 Ptolemaeus
692 3562 827 3612 Ascalonita
849 3564 963 3624 iaerctpoc.
998 3568 1042 3614 Sed
1062 3567 1082 3614 si
1100 3571 1145 3623 τῆς
1164 3566 1293 3628 προίίσιονς

97 3654 223 3715 elicimus,
245 3653 418 3719 praecedentia:
443 3648 478 3699 διὸ
503 3668 525 3698 κ.
543 3668 569 3699 τ.
596 3652 663 3699 πίνον
687 3650 810 3712 Φολάσσσς
828 3670 876 3702 non
895 3653 993 3711 habeut,
1012 3671 1059 3718 quo
1077 3655 1135 3704 liene
1153 3658 1293 3708 referantur.

101 3747 177 3796 (luins
199 3745 264 3795 euim
286 3748 408 3793 acoentum
430 3759 523 3792 servare
546 3743 675 3792 dicuntur?
693 3745 748 3791 Non
766 3747 831 3792 certe
848 3747 893 3800 της
912 3744 966 3799 ixl,
986 3745 1049 3808 quod
1066 3746 1192 3809 praecedit.
1228 3749 1294 3812 Qua-

102 3835 211 3886 nobum
225 3835 379 3885 correxerim:
399 3832 412 3880 ί
430 3830 456 3881 di
477 3827 658 3891 Ἀσκαλωνίτης
677 3831 803 3895 ποιρίλκειν
819 3829 918 3893 elysium
936 3835 981 3891 ruis
997 3835 1050 3882 ὀπί’
1066 3831 1101 3883 διὸ
1117 3835 1157 3883 sai
1173 3837 1216 3885 τὸν
1226 3840 1293 3887 τόνον

96 3926 224 3988 φυλάσσοι
252 3930 298 3984 τῆς
327 3921 526 3986 προσίίσονις
555 3922 637 3984 άμσίονς
664 3929 699 3986 τῷ
720 3925 798 3984 »βοῶν
823 3920 979 3985 ἐπιβουκόλος
1003 3919 1087 3986 άνιίρ.”
1122 3929 1238 3977 Aceeutns
1264 3931 1289 3980 in

98 4010 270 4076 compositione
292 4007 387 4072 regula,
410 4022 482 4072 quam
503 4006 608 4056 breviter
634 4007 673 4055 hic
698 4008 795 4070 stringit
823 4008 985 4065 Herodianus,
1004 4008 1084 4072 paullo
1101 4009 1233 4059 accuratius
1251 4028 1288 4060 er-

99 4100 198 4164 ponitur
214 4099 244 4148 ad
261 4098 293 4157 E,
315 4097 371 4149 lle:
392 4094 451 4144 άτοιν
469 4093 577 4160 πορίλκη
596 4094 609 4152 ἦ
629 4096 752 4158 πρίίεσις,
772 4093 798 4144 σίν
818 4092 923 4145 ποιεῖται
941 4092 1083 4157 ἐξαλλαγὴν
1101 4098 1180 4145 πίνον.

137 4191 161 4252 l)
184 4191 234 4240 uir.
261 4206 283 4239 v.
300 4205 321 4238 e.
347 4188 451 4252 Etymol.
479 4189 596 4251 Magnum
622 4188 638 4236 i.
657 4204 678 4237 v.
701 4185 871 4235 '‘Esccerss:
942 4212 1019 4221 ——
1041 4187 1083 4236 κοιί
1106 4187 1185 4250 άίσπιρ
1210 4187 1289 4254 loxos

102 4275 191 4343 ism,
217 4280 280 4329 οίίπον
305 4277 347 4327 κοί
368 4276 441 4326 ’ίτπον
463 4275 534 4333 ’ίσπες
560 4275 719 4334 κοιῖίνισπος.
739 4277 775 4325 τὸ
794 4276 904 4337 μίντοι
923 4279 1170 4339 προστακτικὸν
1189 4295 1286 4346 rape·

107 4364 250 4429 ξίνετοι,
269 4371 416 4427 ονίσπες,
435 4367 472 4424 ὥς
489 4368 647 4430 1οπίσχος,
666 4363 785 4424 iuliae.
