2978 4950
635 214 699 286 201

57 413 244 488 lucivoma
265 413 554 491 aestuaremus
579 408 851 490 ὑπεζωμριίφκσαν
877 408 982 496 [αὐτὸν
1008 411 1038 472 ἐν
1062 410 1104 488 τῷ
1127 402 1251 494 σῦρανῷ]

52 520 148 602 μετὰ
181 524 236 584 τοῦ
268 521 420 597 σκορπίον.
469 519 624 583 Narratur
656 516 766 582 eadem
797 516 946 592 historia,
980 537 1019 580 ex
1043 513 1157 582 Ouidio
1181 537 1252 600 per·

50 627 284 713 vulgatissima
306 626 408 706 (Fasti
432 625 469 709 V,
496 624 559 688 531
586 627 695 708 seqq.),
720 625 753 685 in
778 621 836 686 AD
860 622 899 687 ad
925 633 951 686 Σ
976 620 1053 695 486,
1073 622 1127 686 sed
1147 623 1253 687 verbis

46 735 156 822 plane
188 732 338 810 dirersis,
372 733 480 797 addito
512 733 545 795 in
576 728 651 794 fine:
685 730 702 802 ἦ
735 729 852 808 ἱστορία
883 729 968 808 ταρα
994 730 1161 810 Εὐφαρίωνι
1186 731 1254 793 sive

47 838 221 920 Φερεκύδῃ.
244 837 315 902 -At
343 838 433 904 nullo
455 838 576 903 auxilio
600 839 795 900 extrinsecus
819 835 939 900 adscito
963 855 1042 920 opus
1066 842 1130 911 est,
1155 845 1192 900 ut
1215 856 1255 901 ex

46 968 84 1015 ea
133 952 235 1032 porte,
266 965 364 1030 quam
396 944 565 1029 descripsi,
598 943 661 1007 duo
692 944 848 1006 immania
876 944 957 1011 uitia
981 942 1253 1027 deprehendamus

47 1060 78 1120 et
116 1053 324 1139 corrigamus.
349 1047 456 1125 Quid?
480 1049 577 1114 Orion
601 1051 710 1114 statim
728 1068 764 1112 ao
784 1054 944 1113 natusest
964 1045 1061 1133 (οὗτος
1075 1048 1251 1134 γενόμενος)

50 1160 228 1244 deperibat
250 1153 409 1222 Dianam?
432 1157 556 1222 Immo:
583 1156 703 1242 (ἀνὴρ)
730 1155 950 1233 γενόμενος
975 1155 1087 1233 ἠράσθη
1112 1162 1168 1229 τῆς
1186 1159 1254 1233 Ἀρ·

51 1265 204 1343 τέμιδος,
236 1263 506 1351 quemadmodum
538 1261 672 1328 Ovidius
696 1265 754 1326 etsi
778 1261 876 1326 aliam
901 1262 940 1327 de
963 1263 1031 1327 eius
1054 1265 1187 1327 interitu
1210 1262 1254 1328 11-

54 1390 156 1436 mam
189 1376 318 1436 secatus
348 1377 432 1435 recte
455 1369 555 1433 dixit:
582 1374 744 1444 „creverat
767 1367 992 1452 immensum'’,
1017 1373 1049 1433 et
1072 1390 1177 1434 rerum
1202 1390 1256 1434 na·

55 1484 145 1542 tara
164 1477 367 1543 demonstrat.
416 1475 580 1541 Praeterea
602 1477 636 1538 in
668 1476 886 1559 sequentibus,
919 1475 1002 1560 quod
1031 1478 1096 1541 iam
1129 1475 1254 1564 signifi-

57 1586 159 1662 cavi,
188 1584 285 1649 verba
316 1584 409 1649 αὐτὸν
438 1585 468 1646 ἐν
497 1584 539 1660 τῷ
571 1582 681 1661 οὐρανῷ
712 1580 858 1645 cancellis
882 1589 970 1666 septa
995 1585 1102 1667 spuria
1126 1591 1256 1650 suntet

55 1690 226 1756 elicienda
275 1689 360 1755 Nam
391 1696 423 1754 et
450 1688 487 1753 δι’
519 1687 637 1765 ἄστρων
669 1687 854 1772 planissime
873 1687 960 1752 idem
984 1696 1050 1764 est,
1076 1687 1255 1778 elegantius

57 1800 191 1861 tantum
209 1800 434 1872 enunciatum,
461 1805 556 1880 atque
580 1795 612 1857 ἐν’
633 1796 676 1872 τῷ
701 1795 831 1874 οὐρανῷ,
856 1806 888 1858 et
912 1814 1004 1859 nemo
1030 1793 1170 1861 Graecus
1194 1800 1255 1862 nisi

59 1901 295 1968 infantissimus
333 1903 464 1967 dixerit:
493 1895 521 1966 oi
552 1901 608 1964 daci
642 1902 824 1975 ἐλεήσαντες
857 1901 949 1964 αὐτὸν
986 1899 1256 1985 ὑπεζωμράφιισαν

61 2008 171 2073 corta.
216 2007 333 2074 Omnia
366 2015 440 2074 sunt
475 2011 509 2072 in
544 2006 616 2071 illo:
653 2009 678 2070 oi
714 2002 762 2070 οὖν
794 2006 851 2071 θεοὶ
884 2007 1068 2081 ἐλεήσαντες
1097 2009 1190 2075 αὐτὸν
1218 2012 1256 2077 δι’

62 2110 184 2195 ἄστρων
214 2116 487 2197 ὑπεζωγριέφκσαν
517 2115 602 2190 μετὰ
633 2118 687 2177 τσῦ
712 2115 862 2193 σκσρτίνν.
909 2113 1118 2179 adverbum
1144 2117 1223 2198 ὑτεζ
1247 2153 1257 2166 -

10 2272 12 2283 .
63 2221 237 2303 ννάφρσαν
271 2222 355 2308 quod
381 2223 513 2299 attinet,
541 2220 671 2298 „laudat
694 2217 886 2286 Oreurerus”
910 2257 951 2269 —
976 2221 1136 2288 indicante
1166 2223 1258 2290 Butt-

65 2345 183 2395 manno
214 2367 256 2379 -
290 2330 456 2416 „ignotam
488 2328 599 2392 lexicis
626 2328 761 2391 iormam
792 2331 829 2391 ut
860 2326 1131 2415 elegantissimam
1167 2333 1258 2417 eique

68 2412 116 2497 ici
145 2439 349 2521 aptissimam.
396 2435 481 2500 Vide
504 2434 682 2499 uberiorem
708 2436 776 2498 eius
799 2440 907 2500 notam
931 2437 964 2498 in
988 2434 1096 2500 Melet.
1123 2436 1142 2502 1.
1158 2437 1204 2502 σ.”
1229 2440 1259 2526 (Ι

70 2558 97 2622 ρ.
131 2542 193 2623 51.)
222 2542 322 2608 Recte
353 2541 429 2608 fecit
459 2539 650 2623 Oreucerus,
677 2577 717 2587 -
746 2543 836 2605 cuins
866 2539 940 2606 libri
971 2545 1061 2626 copia
1092 2544 1174 2608 milri
1197 2566 1261 2611 non

73 2654 143 2724 ast,
168 2685 205 2697 -
230 2648 315 2734 quod
346 2648 480 2714 verbum
511 2647 672 2723 laudarit,
696 2649 815 2711 rectius
838 2647 976 2724 iecisset,
1003 2650 1031 2711 si
1055 2649 1170 2715 inutile
1194 2672 1261 2716 em·

76 2746 177 2819 blema
197 2753 390 2820 eiiciendum
414 2755 644 2839 proposuisset,
668 2752 708 2817 ad
732 2755 886 2817 amussim
905 2754 1094 2838 respondens
1113 2760 1158 2833 ei,
1177 2759 1261 2842 qnod

81 2853 153 2923 olim
181 2863 214 2926 in
248 2859 429 2926 Obserratt.
461 2863 504 2945 (p.
537 2858 591 2945 38)
625 2857 802 2923 tollendum
832 2859 973 2924 indicavi
1002 2862 1036 2924 in
1067 2862 1186 2928 scholio
1221 2865 1261 2930 ad

83 2958 186 3043 1123,
209 2968 346 3041 sarcina:
367 2963 397 3030 ὃν
421 2966 599 3050 [ἀλλαχοῦ]
622 2964 658 3027 δι’
680 2965 784 3043 ἑτέρων
799 2965 929 3042 κλισμὸν
942 2966 1092 3046 ἱνομαζει.
1109 2968 1144 3054 ¹).
1172 2970 1261 3036 idem

12 3134 20 3167 ·.
88 3065 193 3137 dicendi
203 3094 306 3162 genus
318 3072 405 3138 alind
418 3075 537 3137 vitium
548 3074 695 3157 inquinat
706 3076 738 3135 in
751 3069 877 3136 Scholio
890 3072 928 3137 de
937 3072 1121 3140 Pleiadibus
1131 3076 1171 3162 (Σ
1183 3078 1261 3164 486)

15 3197 18 3202 ·
93 3192 123 3236 ox
138 3188 231 3246 nostro
250 3179 321 3245 loco
339 3178 521 3245 eluendum.
548 3177 696 3244 Scholion
716 3180 762 3242 111
782 3177 887 3243 editur
906 3199 945 3243 ex
962 3176 1081 3246 Veneto
1094 3185 1133 3266 A,
1147 3181 1262 3250 Codice

93 3277 300 3353 numomimo.
320 3283 399 3364 (Gir.
411 3286 545 3373 Dionys.
558 3285 634 3350 Hal.
647 3286 690 3351 A.
703 3284 742 3350 R.
756 3285 772 3349 1
784 3308 810 3351 c.
825 3284 893 3372 61).
902 3289 1027 3358 ’Ἃτλας
1042 3288 1073 3352 δὲ
1085 3285 1129 3361 εἷς
1142 3294 1200 3355 τῶν
1213 3301 1262 3355 Γι-

96 3385 194 3460 odoror
211 3395 318 3473 μιγεὶς
339 3394 472 3471 Πλκῖόνμ
491 3402 529 3475 τῇ
549 3392 705 3456 Ὠκεανοῦ
728 3390 805 3472 ἔσχε
826 3395 997 3473 θυγατέρας
1018 3392 1056 3473 ζ’,
1069 3387 1104 3459 αἳ
1117 3399 1172 3471 τὴν
1185 3422 1262 3477 ταρ-

16 3500 24 3513 “
58 3550 63 3557 ,
98 3490 699 3580 1111111ἆγατῆσασαισυνεκννιὶμσνντῇ
715 3497 883 3577 Ἀρτέμιδι.
899 3502 1086 3577 θεασάμενος
1100 3504 1130 3568 δὲ
1147 3503 1263 3584 Ὠρίων

98 3597 185 3681 lodoin
208 3607 259 3673 aci
285 3607 405 3671 ἐδίωκεν
428 3607 530 3678 αὑτὰς
550 3613 684 3684 μιγῆναι
703 3605 902 3683 βουλόμενος.
923 3608 955 3672 αι’
977 3608 1008 3672 δὲ
1030 3614 1264 3690 τερικατσὶλνρτ·

99 3723 132 3768 τοι
151 3715 307 3793 γενόμεναι
333 3714 407 3784 θεοῖς
433 3710 564 3787 ηὔξαντο
588 3713 787 3798 μεταβαλεῖν
811 3714 865 3787 σὺν
890 3714 996 3794 Φύσιν.
1021 3716 1097 3788 Ζεὺς
1126 3718 1158 3782 δὲ
1177 3719 1263 3793 ἐλεή-

18 3837 25 3843 “
99 3829 142 3883 “a
168 3821 262 3892 αὐτὸς
289 3819 357 3884 κα1
382 3818 449 3883 διὰ
472 3826 545 3884 τῶν
570 3818 727 3900 ἄρκτων
753 3822 1064 3900 κατηστέρισεν.
1091 3824 1264 3901 ὠνομάσθη-

100 3935 144 3979 σαν
168 3922 371 4002 11Πλιρϊσὶδες
396 3927 459 3992 ἀπὸ
484 3923 633 4018 [lapideae
657 3935 712 4001 τῆς
737 3925 849 4008 μητρὸς
874 3929 984 3993 αὐτῶν.
1032 3928 1069 3994 lu
1093 3931 1143 3996 his
1168 3953 1263 3998 nemo

16 4027 34 4076 .“·“
102 4059 253 4088 χ,

125 4172 147 4239 l)
161 4181 320 4253 Nempe-id
336 4187 400 4250 quod
416 4187 475 4235 olim
493 4200 589 4235 monere
605 4186 853 4252 neglexi-occurrit
868 4186 1264 4251 3186‚adquemrcrsumhrcria

102 4266 144 4312 Μ·
161 4275 234 4325 atil
256 4276 295 4334 Η,
319 4290 374 4324 cum
395 4275 472 4325 altera
494 4275 536 4324 illa
553 4275 582 4323 ad
599 4290 634 4325 ra.
653 4274 701 4322 laa
718 4273 893 4338 coniungenda:
913 4273 941 4333 tio
959 4273 1006 4324 ἅνω
1023 4277 1068 4339 (vs.
1092 4277 1264 4341 121)κλισ1ιρν

103 4343 154 4413 1111.
168 4357 247 4414 τοῦτον
265 4361 304 4414 νῦν
322 4364 425 4425 κλισμὸν
444 4367 522 4414 καλεῖ.
540 4364 630 4429 (Praei.
648 4380 671 4429 p.
692 4366 742 4428 nu).
