2978 4950
671 229 734 298 121

64 443 148 488 τε.
189 417 269 506 130,
304 419 360 487 ubi
395 419 562 507 Neptunus
598 419 875 508 indignabundus,
907 423 979 506 quis
1011 420 1143 486 deorum
1175 443 1228 486 me
1262 422 1297 486 in

62 532 264 613 postorum
289 565 332 576 —-
356 529 529 613 inquit-
551 528 723 605 verebitur,
754 523 804 591 ὅτε
835 551 876 604 με
900 526 1001 608 βροτοὶ
1030 527 1094 592 οὔτε
1118 529 1242 606 ricveo,
1260 527 1286 615 ΙΙ

60 637 256 717 Φαίηκες,
295 633 400 712 τοίτερ
435 657 481 699 τοο
521 636 596 710 ἐμῆς
635 629 668 706 ἕξ
700 634 756 697 rior
789 635 955 717 νενεθλῆς,
987 655 1061 699 uam
1093 635 1170 700 haec
1206 638 1298 699 unice

58 740 200 804 verba
221 741 375 824 respicere
399 745 503 824 potest
527 736 676 808 Scholion
700 759 763 824 quo
787 739 825 804 ds
849 743 995 826 agimus,
1015 743 1063 804 ita
1077 741 1295 806 scribendum:

57 850 194 910 τοῦτο
231 849 378 922 μάλιστα
420 845 567 911 Ποσειδῶν
611 846 773 922 circuires,
814 848 906 925 τάχα
948 846 1000 932 [δ’]
1037 844 1099 924 ὅτι,
1140 847 1206 933 (ri)
1243 847 1296 911 καὶ

57 972 93 1013 κ·
111 955 406 1032 αρατεραφάῆναο
446 954 538 1016 αὑτὸν
582 952 635 1016 ὑπ’
675 948 798 1028 ἄλλον,
840 954 956 1041 (ssu)
994 955 1054 1033 οὐχ
1091 946 1155 1017 ὑπ”
1179 954 1297 1018 ἐκείνων

57 1050 178 1123 ἔδει.
199 1057 240 1123 ut
263 1080 320 1124 cur
341 1059 367 1124 δ’
392 1060 610 1145 expunxerim,
636 1063 669 1122 et
692 1079 749 1123 cur
772 1059 797 1123 εἰ
819 1066 851 1124 et
872 1060 947 1123 άλλ·
967 1059 1163 1137 addiderim,
1187 1062 1296 1146 etqui

55 1158 223 1229 facturn
246 1165 290 1230 sit
316 1172 354 1230 ut
378 1185 458 1249 quae
482 1164 623 1230 addenda
646 1167 828 1231 existimem
851 1165 886 1229 in
918 1167 1080 1230 codicibus
1104 1166 1294 1244 exciderint,

56 1268 164 1335 vel
188 1292 235 1338 me
263 1272 423 1338 indicente
455 1273 560 1356 quivis
582 1271 701 1336 videat.
725 1309 768 1321 -
792 1271 931 1351 Quartus
963 1273 1098 1357 deniqne
1133 1271 1222 1338 locus
1246 1278 1295 1339 est

54 1393 79 1434 τ
101 1422 128 1447 ,
171 1378 249 1456 450,
283 1379 341 1443 ubi
363 1377 402 1444 de
425 1376 623 1464 etymologia
646 1377 793 1443 vocabuli
816 1376 983 1445 Homerici
1007 1380 1143 1458 λνκρνοίς
1168 1383 1295 1467 agitur:

53 1477 324 1562 ἓτυρολονοῦον
354 1483 386 1548 δὲ
415 1485 450 1547 τὸ
482 1484 616 1562 λικριφὶς
646 1477 703 1547 οἷον
726 1486 798 1547 λίαν
822 1488 1054 1564 κεκρυμμένος·
1079 1486 1106 1549 οἱ
1130 1485 1181 1564 δέ,
1207 1485 1296 1565 περὶ

52 1605 78 1645 τ
97 1588 162 1653 ὦ
185 1592 284 1671 ἰκρία,
315 1585 335 1655 ά
364 1591 428 1654 εὀτο
459 1591 502 1654 τά
534 1589 661 1666 stam
694 1587 796 1675 ξύλα,
821 1593 873 1656 καὶ
898 1594 933 1656 τὸ
957 1596 1040 1657 λίαν.
1070 1591 1136 1678 (Β.)
1161 1595 1296 1678 beripsit

52 1687 216 1775 homo,
247 1699 377 1782 opinor:
409 1698 434 1762 oi
459 1697 509 1774 δὲ,
534 1698 643 1774 repa
668 1696 709 1760 τὸ
734 1699 814 1775 ἰκρία
954 1699 1005 1762 καὶ
1030 1698 1064 1762 τὸ
1088 1700 1178 1777 λίαν,
1201 1708 1297 1783 atque

53 1795 173 1882 sie,
192 1804 246 1870 sad
268 1802 413 1888 plonius,
436 1803 558 1891 legitur
581 1805 615 1867 in
640 1802 865 1890 lltymologico
888 1804 1016 1892 Magno.

150 1909 277 1977 Elocis
310 1907 511 1975 Scholiorum
536 1911 575 1974 ad
600 1908 749 1987 Iliadem,
776 1913 886 1976 eadem
911 1912 982 1977 labe
1007 1913 1148 1988 intectis,
1176 1950 1216 1960 -
1241 1914 1298 1996 qui

53 2007 117 2068 θῒ·
165 2017 237 2102 ἱροὶ,
262 2031 419 2101 quantum
442 2015 550 2081 videre
574 2019 678 2101 potui,
704 2037 765 2080 non
789 2015 1000 2095 multisunt,
1027 2055 1068 2066 -
1093 2039 1176 2083 nunc
1195 2039 1295 2082 unum

53 2109 230 2187 “tntum
274 2123 434 2199 tractabo,
475 2119 649 2187 Herodiani
683 2121 832 2189 Scholion
867 2123 906 2188 ad
941 2123 1035 2189 Iliad.
1070 2134 1091 2188 B
1129 2124 1212 2207 585,
1254 2125 1294 2189 ob

54 2205 230 2294 l-oehrsii
261 2219 326 2294 viri
356 2228 523 2294 clarissimi
553 2221 787 2317 anctoritatem.
834 2227 985 2315 Disputat
1008 2230 1221 2312 ,Herodianus
1257 2230 1296 2295 de

57 2333 263 2421 “emptura
293 2335 431 2401 nominis
461 2335 605 2400 Οἴτυλον.
638 2337 815 2400 Οἴτυλον
845 2338 876 2402 δὲ
901 2374 942 2386 -
967 2337 1071 2422 inquit
1097 2375 1137 2385 -
1161 2340 1200 2401 cic
1224 2337 1298 2402 δάκ-

57 2439 208 2508 ¹*bitus
235 2477 291 2493 ·-
314 2449 414 2512 κακῶς
446 2442 476 2506 δὲ
509 2445 697 2523 Τυραννίων,
713 2443 860 2521 ὀἰόμενος
890 2441 992 2523 άράρον
1016 2439 1093 2508 εἶναι
1117 2443 1152 2507 τὸ
1176 2438 1218 2522 οἳ,
1243 2443 1296 2508 καὶ

58 2545 109 2586 ⁸*
135 2549 216 2629 αρά
239 2549 295 2622 τὴν
319 2550 476 2623 συνήθειαν
499 2554 552 2613 τοῦ
576 2553 701 2622 ποιητοῦ
726 2549 913 2634 άμαρτάναν
939 2553 991 2615 καὶ
1016 2551 1126 2630 παρά
1146 2552 1201 2623 τὴν
1219 2551 1298 2615 ἱστο-

58 2642 190 2732 Ρῖαν,
221 2656 250 2720 εἴ
272 2679 313 2734 νε
336 2654 429 2728 οὗτος
454 2657 533 2735 φησὶ
558 2657 611 2720 καὶ
638 2658 804 2734 Φερεκύδης
830 2640 924 2721 κτλῇ
950 2657 1123 2742 Equidem,
1148 2657 1300 2742 quemad·

61 2750 238 2854 {llodum
264 2798 307 2810 -
330 2768 367 2826 ut
397 2782 460 2827 uno
492 2761 638 2847 exemplo
663 2763 817 2849 defungar
841 2801 884 2812 -
908 2763 1085 2848 Xenophon
1110 2773 1194 2828 recte
1217 2764 1300 2828 dixit

62 2857 141 2929 ¹11
162 2868 304 2933 Ansbssi
327 2867 390 2952 Ill,
414 2867 446 2933 ll
469 2869 487 2952 ἓ
508 2869 568 2932 20:
589 2864 616 2934 oi
634 2869 766 2933 siccarat
788 2868 833 2934 ὅτι
855 2870 889 2945 ἥν
910 2894 941 2934 το
963 2872 1052 2950 περὶ
1074 2872 1157 2946 ἡμᾶς
1178 2870 1300 2950 άμοορ-

62 2969 280 3069 ἲάνωον,
302 2975 389 3053 περὶ
414 2977 474 3048 τάς
501 2975 616 3040 ἑαυτῶν
641 2978 753 3055 ψυχάς
779 2978 830 3039 καὶ
855 2981 988 3052 σώματα
1014 2976 1301 3057 άμαρτάνοοοο,

62 3071 148 3147 lta
181 3086 215 3146 et
246 3079 465 3148 Herodianum
490 3088 522 3146 et
545 3088 683 3148 caeteros
707 3102 817 3148 omnes
841 3105 881 3148 ex
906 3085 1006 3168 ipsius
1030 3080 1223 3149 Graecitatis
1246 3103 1300 3148 na-

63 3167 175 3253 tlura
204 3189 369 3272 scripsisse
400 3189 551 3265 arbitror,
585 3189 693 3272 itaque
719 3188 770 3254 vel
794 3192 895 3255 invito
919 3187 1035 3256 Codice
1059 3189 1182 3254 Veneto
1205 3191 1299 3255 corri-

68 3294 265 3368 gendum:
300 3278 402 3365 κακῶν
438 3296 469 3359 δὲ
502 3299 673 3374 Τυραννίων
699 3334 740 3344 -
765 3301 817 3360 καὶ
851 3297 939 3376 περὶ
975 3298 1030 3360 τίον
1058 3300 1215 3370 συνήθειαν
1247 3299 1300 3360 τοῦ

71 3406 232 3476 *oratori
262 3400 448 3479 άμαρτάνοον
479 3403 532 3464 καὶ
566 3401 658 3479 περὶ
684 3404 739 3477 τὴν
765 3403 907 3480 ἱστορίαν.
934 3400 997 3468 Sed
1020 3411 1196 3487 opponetur
1219 3402 1302 3466 mihi

71 3487 232 3578 Lehrsii
251 3507 408 3573 renuntia
427 3506 490 3572 alia
511 3507 617 3579 omnia
636 3512 792 3574 censentis
812 3512 844 3574 in
860 3510 1062 3575 adnotatione
1075 3511 1114 3574 ad
1127 3507 1303 3574 Herodinni
1374 3529 1380 3541 ·

70 3617 167 3697 *spi
186 3614 332 3693 μονῆρονς
345 3611 412 3686 λέξ.
430 3622 472 3698 (p.
490 3612 529 3677 31
545 3617 614 3678 eius
626 3615 799 3700 editionis).
814 3614 1023 3692 Herodianus,
1038 3617 1084 3680 ibi
1097 3616 1135 3680 de
1148 3613 1301 3680 vocabulo

72 3732 190 3798 ⁸'sirco
214 3741 314 3807 agens
337 3722 498 3804 scripsisse
521 3723 676 3793 creditur,
701 3721 728 3785 si
754 3725 847 3787 unico
870 3709 1098 3787 Codici'fides:
1125 3758 1145 3772 -
1159 3757 1178 3772 -
1192 3757 1211 3771 -
1236 3746 1302 3787 τε·

72 3821 321 3901 τλάνννταν
346 3825 407 3905 άρα
432 3829 449 3901 ἡ
472 3836 558 3900 νῆσος
583 3851 638 3890 τα
647 3829 694 3908 ρά
716 3828 751 3892 τὸ
775 3830 872 3906 γένος.
907 3827 958 3893 Ad
982 3829 1059 3894 haec
1081 3831 1184 3916 igitur
1205 3827 1304 3894 Lehr·

72 3942 192 4004 Biua:
227 3932 339 4012 „Solet
371 3936 571 4005 τετλάννταν
604 3935 680 4012 περί.
710 3969 729 3983 -
744 3969 796 3984 --
822 3938 965 4000 Attamen
989 3943 1018 3998 ct
1041 3935 1121 3998 illud
1141 3943 1218 3999 recte
1240 3935 1304 4000 diri

63 4039 209 4120 „tantm”
248 4040 398 4125 affertque
433 4041 473 4105 ad
508 4039 589 4105 hanc
624 4041 801 4106 doctrinam
837 4062 929 4105 suam
962 4039 1210 4107 confirmandam
1240 4049 1303 4106 octo
1418 4097 1419 4100 ,

80 4150 394 4237 grammaticorum
430 4144 531 4223 locos,
568 4166 703 4230 quorum
739 4155 875 4232 quatuor
905 4154 981 4212 sunt
1014 4169 1052 4213 ex
1080 4148 1304 4232 Epimerismis

82 4247 307 4330 Homonoia,
331 4251 608 4340 negligentissime
632 4254 759 4341 scriptis
779 4261 812 4318 et
835 4273 853 4318 a
877 4252 1045 4338 Cramoro,
1070 4261 1107 4320 ut
1129 4257 1213 4320 inter
1231 4275 1302 4320 om·

90 4378 160 4429 nse
192 4366 337 4438 constat,
369 4357 423 4425 vel
446 4362 628 4444 imperitius
657 4357 771 4426 sditisl
805 4363 850 4426 At
872 4380 951 4445 quos
975 4358 1074 4429 looosl
1100 4362 1154 4427 Τά
1175 4359 1226 4426 διὰ
1249 4365 1303 4425 τοῦ
