2978 4950
654 198 720 267 337

126 394 170 479 ζ,
200 391 275 457 228.
324 392 359 456 In
392 391 557 458 Nicanoris
590 400 665 458 nota
698 391 869 481 legendum
900 390 1013 465 ἄδηλον
1045 397 1104 457 ποῦ
1128 394 1208 456 ἐστιν
1234 390 1279 479 (ἡ)

125 499 316 574 millonis,
347 497 519 584 eodemque
548 500 688 564 remedio
713 499 868 563 insimili
895 498 1019 564 defectu
1043 501 1168 584 saepius
1192 505 1280 565 uten-

126 626 176 670 n.
216 603 387 670 Addsndus
410 605 513 692 igitur
537 604 692 669 articulus
713 608 822 670 statim
844 607 876 669 in
893 607 1009 669 vicinia
1029 603 1062 688 (ζ
1072 603 1171 691 265);
1192 604 1279 684 λέγει

134 707 201 776 ὅτι
226 747 245 761 -
259 747 279 760 -
310 715 400 786 στενή
426 712 508 775 ἒοτιν
533 712 578 795 (οἱ)
602 710 732 788 εἴσοδος,
755 711 916 776 addendus
938 737 954 785 ν
979 709 1046 774 244
1068 712 1120 795 (ex
1144 711 1202 799 T):
1226 711 1279 775 καὶ
1406 794 1409 799 ¹

138 826 335 883 τελευταῖον
370 820 470 902 (τὴν)
506 816 639 881 ἱκετείαν
669 833 739 881 κτλ.
770 819 810 882 ad
841 838 934 902 quem
960 816 1067 883 locum
1091 822 1163 903 post
1184 815 1280 904 paulo

126 925 242 990 eundi
275 928 337 990 erit
359 912 513 1001 facultas,
537 923 699 989 addendus
722 927 736 988 ό
763 924 822 991 17:
847 930 997 989 κινοῦνται
1020 925 1083 1004 γὰρ
1108 923 1165 1009 (οἱ)
1190 923 1278 1005 όχλοι

126 1056 140 1101 ι
188 1034 245 1103 τις
270 1018 357 1110 tosa
382 1030 450 1113 iu),
478 1040 510 1096 a
533 1034 578 1095 sic
602 1033 617 1094 ο
644 1030 725 1108 124,
751 1035 785 1096 in
809 1029 927 1096 solorio
950 1032 1164 1096 infantissimo
1181 1033 1280 1116 pessi·

126 1158 206 1222 pue
229 1145 380 1224 concepto
405 1139 454 1202 bis
477 1138 657 1221 addendus,
682 1141 709 1202 si
733 1141 817 1203 tanti
840 1147 905 1215 est,
930 1136 1084 1202 articissns
1102 1142 1230 1202 auctore
1250 1136 1278 1201 D

126 1245 208 1308 ael.
241 1266 271 1330 p.
303 1246 373 1327 nu).
422 1244 588 1309 Praeterea
611 1245 765 1309 articulus
788 1245 874 1309 de'e‘st
898 1269 906 1307 ι
929 1241 1012 1308 229:
1033 1244 1165 1322 ἄλογον,
1188 1243 1279 1328 (τὸν)

126 1349 219 1414 'aava
243 1352 432 1429 λογιόαοόαι
454 1352 505 1415 τὸν
528 1348 715 1430 ἀφιξόμενον
740 1348 844 1431 ἄγριον
866 1346 941 1414 εἶναι
961 1354 1094 1414 τοιαῦτα
1113 1349 1280 1431 προσδοκᾶν

126 1454 132 1479 ’
191 1460 295 1522 αὐτοῦ.
323 1455 458 1542 (HQ),
481 1477 636 1521 -·moxr
656 1456 721 1522 297
743 1458 782 1522 ad
802 1455 930 1537 ἄκρητον
949 1456 1059 1534 yona:
1075 1456 1279 1538 απαραμιγὲς

194 1563 245 1627 καὶ
279 1566 312 1648 (τ
321 1564 349 1648 ό)
382 1563 500 1644 ὀρρῶδες
532 1563 585 1627 κα)
617 1564 651 1626 τό
676 1563 802 1640 τυρῶδες
827 1564 877 1627 καὶ
904 1565 939 1627 τὸ
963 1563 1114 1635 ἐλαιῶδες.
1140 1562 1211 1649 (Η).
1238 1601 1279 1612 -

131 1669 286 1736 scholio
316 1693 325 1733 ι
350 1668 416 1733 300
446 1672 511 1733 iam
543 1669 610 1733 dixi
640 1691 668 1754 p.
699 1667 772 1734 187.
806 1708 847 1718 -
879 1668 898 1743 ξ
923 1665 998 1734 533.
1032 1670 1086 1732 τὴν
1111 1668 1142 1734 δὲ
1166 1668 1280 1750 πέτραν

157 1775 272 1856 βορρᾶ
306 1778 443 1853 aaronis
476 1772 544 1841 εἷπε
576 1776 707 1850 παρόσον
734 1812 787 1826 --
820 1776 931 1841 αὐτόσε
956 1773 1091 1852 ἄγνυται
1116 1778 1211 1840 αὐτοῦ
1235 1778 1280 1861 (ἦ)

175 1883 236 1968 (Β)
264 1882 385 1947 Eadem
418 1885 588 1967 ipsissimis
620 1883 724 1947 verbis
754 1883 851 1947 habet
885 1881 937 1955 Η,
974 1881 1029 1947 scd
1060 1881 1194 1947 articulo
1217 1902 1279 1947 non

126 2005 216 2054 3⁸0.
261 1988 368 2054 Codex
401 1988 427 2052 Β
452 1995 558 2053 autem
584 1987 676 2074 plane
700 1988 788 2053 aliud
801 1989 877 2074 quid
890 1988 1005 2053 habere
1017 1987 1160 2066 videtin,
1186 1990 1280 2054 αὑτοῦ

128 2117 162 2153 ν
191 2095 302 2183 ‚quod
323 2093 503 2161 Dindorfius
529 2098 686 2172 „correxit
709 2117 747 2160 ex
768 2095 887 2161 scholio
909 2092 1143 2180 praecedente?
1166 2095 1280 2161 Athoo

126 2219 197 2267 m
228 2205 346 2268 vitium
379 2202 498 2266 indicio
530 2209 578 2267 est
613 2204 710 2267 etiam
741 2204 775 2266 in
800 2201 826 2265 B
850 2223 913 2266 non
937 2202 1088 2278 defuisse,
1114 2203 1169 2288 qui
1192 2202 1280 2268 salva

126 2312 272 2375 onitate
304 2310 412 2374 abesse
444 2310 596 2393 nequibat
626 2308 788 2373 articulus.
839 2308 962 2394 Nempe
991 2307 1058 2373 ιιιόν
1090 2309 1150 2373 hoc
1172 2311 1281 2394 ipsum

126 2429 175 2476 ae
203 2417 346 2483 continet
370 2414 453 2500 quod
476 2418 685 2499 requirimus,
712 2417 834 2497 (ieci,
855 2414 966 2480 eadem
985 2414 1077 2479 litera
1101 2438 1117 2486 a
1138 2415 1279 2500 primum

126 2538 148 2576 't
163 2568 180 2596 ,
210 2543 285 2586 mox
308 2523 341 2585 in
365 2546 379 2584 ν
403 2523 583 2606 depravata.
599 2560 638 2570 —
653 2546 672 2585 τ
687 2520 761 2586 192.
786 2523 810 2605 (ο
820 2521 844 2606 i)
865 2520 1044 2598 ψευδόμενοι
1063 2519 1143 2584 ε’πιὶν
1163 2521 1281 2598 λέγουσι’

126 2627 188 2700 aa,
213 2626 323 2694 εἰδέναι
347 2631 464 2703 danlae
492 2633 563 2709 (ant
588 2626 802 2714 οὶκριβιέςό)
828 2628 1021 2707 πιθανώτεροι
1038 2628 1172 2692 δοκοῦσιν
1190 2622 1278 2692 εἶναι.

175 2770 223 2784 —-
256 2734 396 2801 Tandem
430 2759 450 2797 ο
483 2734 564 2806 319.
598 2738 653 2800 ubi
685 2735 723 2800 de
754 2727 849 2800 Ulixe
876 2737 959 2820 patri
983 2737 1116 2800 iamiam
1140 2735 1212 2818 quis
1236 2737 1279 2799 sit

126 2831 286 2907 latetur-o
318 2840 450 2907 dicitur:
489 2843 551 2906 οἰνόι
583 2845 664 2921 ῥῖνας
691 2842 722 2906 δέ
746 2844 771 2906 οἱ
796 2841 850 2915 ἤδη
876 2840 963 2919 δριμὺ
988 2839 1076 2917 μόνος
1101 2839 1278 2925 προῦτυψε,

126 2946 246 3032 cripta
281 2947 399 3012 habent
440 2947 585 3036 Vulgata
620 2949 700 3013 hanc
735 2948 993 3033 explicationem:
1035 2947 1099 3023 ἤτοι
1130 2941 1176 3010 ὅτι
1209 2947 1277 3033 (τὸ)

126 3047 229 3128 ἱ’λ’,ιια
253 3053 423 3130 ἐτόλμησεν
447 3055 595 3132 ἐξειπεῖν,
623 3051 705 3122 δὸτι
727 3054 842 3130 ἔμελλε
865 3053 1013 3137 δακρύειν,
1027 3054 1277 3133 τροετεμτόπτει

126 3157 141 3221 'i
181 3161 242 3240 ῥισὶ
266 3160 410 3241 δριμύτης
434 3184 491 3228 τιο.

126 3355 159 3437 ἶ,
197 3369 272 3437 256.
319 3372 409 3452 Quod
440 3393 510 3438 raro
541 3373 621 3438 facio
653 3377 686 3437 in
719 3371 839 3437 scholio
867 3374 906 3437 ad
934 3372 1019 3437 hunc
1043 3392 1172 3438 versum
1195 3372 1279 3437 mihi

126 3466 269 3541 lendum
294 3483 358 3554 est,
384 3484 420 3542 ut
445 3478 595 3565 vulgatae
618 3478 762 3543 lectionis
783 3481 951 3544 sanitatem
973 3483 1081 3544 contra
1092 3481 1275 3544 criticorum

126 3584 302 3650 lli-ationem
326 3584 477 3650 tuendam
501 3589 535 3648 in
559 3607 610 3650 ms
632 3587 834 3670 susciperem.
859 3585 994 3673 Legitur
1013 3585 1052 3650 ad
1072 3584 1187 3666 πατρὸς
1200 3586 1275 3663 ἐμοῦ

126 3676 162 3739 ¹5⁶
199 3690 285 3765 δῶμα
321 3693 355 3754 iu
388 3690 449 3771 HQ
482 3692 559 3755 haec
590 3693 762 3774 Aristonici
794 3696 885 3754 nota:
919 3686 964 3753 ότι
990 3693 1019 3754 ἒν
1044 3695 1121 3756 ποῖοι
1145 3690 1275 3771 Φέρεται

128 3782 219 3860 (W
241 3796 316 3860 αλλ’
342 3799 396 3862 οὐκ
421 3795 555 3875 „ipseo”
580 3795 659 3873 ὅμως
686 3798 737 3860 ε’πό
760 3820 845 3859 τινων
869 3796 1028 3870 Ζηνόδοτος
1050 3797 1098 3861 ἐπὶ
1119 3797 1154 3862 τό
1175 3807 1278 3880 χεῖρον

126 3903 283 3978 cassiopi.
330 3903 413 3967 Mihi
443 3903 520 3968 haec
543 3905 640 3969 verba
663 3925 738 3968 sana
762 3911 856 3987 atque
879 3906 1004 3991 integra
1028 3905 1193 3983 videntur,
1217 3928 1276 3972 nec

126 4000 262 4093 lidquam
282 4011 383 4075 habeo
402 4011 486 4095 quod
506 4013 591 4076 iniis
604 4010 840 4096 reprehendam.
868 4009 913 4073 At
929 4010 1083 4077 Mauricio
1096 4011 1275 4080 Schmidtio

126 4146 133 4162 ·
155 4112 189 4178 cl.
210 4117 262 4180 ἐπί
284 4141 370 4180 τινων
395 4117 557 4205 offepsioni
583 4119 662 4194 fuit,
684 4138 740 4203 pro
759 4137 820 4201 quo
839 4119 986 4192 ἐπιτιμῶν
1005 4119 1183 4202 reponebat.
1204 4119 1276 4185 Non

126 4226 384 4319 ’inmemorassem
410 4226 472 4288 viri
489 4223 717 4288 immortaliter
734 4223 772 4287 de
791 4226 1012 4311 grammaticis
1025 4221 1156 4291 Graecia
1167 4229 1276 4292 meriti

126 4329 303 4395 cniecturam
339 4330 442 4396 obiter
470 4331 664 4416 propositam
694 4336 726 4394 et·
757 4330 887 4395 fortasse
915 4331 980 4395 iam
1005 4330 1124 4396 dudum
1149 4333 1279 4419 abipso

1099 4451 1132 4501 82
