2978 4950
718 168 763 246 ih

146 371 200 435 τοῦ
233 365 253 449 ζ
278 362 329 433 διὰ
359 368 439 455 (την
472 368 546 453 ine.)
576 357 631 433 τοῦ
654 371 692 450 ῥῶ
723 372 905 448 συμπλοκὴν
930 369 972 438 είς
996 366 1031 432 τὸ
1055 363 1073 431 δ
1095 360 1325 444 μεταπεσόντος

148 474 245 554 μίρδω
268 470 337 559 οὖν,
361 475 415 540 καί
439 475 525 552 μετὰ
548 478 601 538 τοῦ
626 480 801 554 στερητικοῦ
821 500 859 560 α,
879 476 999 556 οίμέρδω
1019 487 1103 557 art,
1123 492 1204 558 quae
1223 472 1325 539 iteden

147 601 244 668 prope
266 580 372 647 verbie
393 583 587 646 transierunt
608 582 643 645 in
667 580 930 669 Etymologicnm
954 581 1133 668 Magnum,
1154 578 1231 643 hinc
1246 579 1325 644 iniat

147 687 217 755 eiua
246 687 438 776 paragraphi
470 686 713 753 emendandum.
760 687 831 753 Hoc
860 691 945 753 enim
981 690 1046 754 ita:
1086 684 1249 766 Ἀμίρδαι
1285 720 1325 739 ··

147 795 333 873 ἐστέρισκεν,
366 793 512 874 ἦμαιίρον.
542 794 644 872 κυρίας
677 792 710 857 τί
741 794 847 873 μέρους
878 796 991 875 ττερῶ·
1022 790 1325 875 καταχρηστικῶςδ

145 900 197 965 καί
231 900 280 966 ext
313 905 368 966 τοῦ
398 906 640 981 στεροῦμαι.
672 895 730 965 οἷον
761 900 899 977 „lurore
926 900 959 966 δὲ
982 900 1045 988 (δη)
1068 899 1119 965 τίν
1142 898 1244 976 ὁμοῖον
1266 898 1325 975 ανδ

125 1006 287 1081 „etitem
326 1007 472 1090 (ἕίέλησιν
495 1013 579 1072 recte
602 1010 743 1073 nuncin
767 1007 873 1093 texti.)
897 1006 1067 1087 οίμίρσαι.”
1090 1021 1163 1071 κτλ.
1190 1005 1246 1089 (Π,
1272 1003 1325 1090 68]

147 1112 253 1182 Immo
275 1133 369 1180 vero:
393 1119 650 1194 καταχρηστικῶς
674 1112 706 1177 δὲ
725 1114 777 1178 καί
798 1114 848 1178 ε’σί
868 1117 923 1179 τοῦ
947 1118 1071 1193 στερῶ
1095 1112 1146 1190 μί
1155 1133 1235 1177 νον·
1261 1105 1320 1176 οἷο

147 1234 232 1296 κτλ.,
263 1226 300 1285 ut
329 1222 363 1285 in
394 1219 619 1305 Epimeriamia
648 1225 705 1285 eet.
736 1220 760 1305 ¹)
806 1218 842 1284 In
874 1219 985 1308 Etym.
1016 1216 1165 1286 Gudiauo
1195 1217 1325 1285 eineder

149 1330 196 1392 rei
218 1325 317 1398 exilee
340 1331 467 1392 tantum
490 1324 623 1391 laciniae
646 1332 736 1402 eunt,
760 1326 806 1390 eie
829 1329 949 1411 optime
965 1325 1086 1392 editae:
1105 1323 1324 1402 ’Λμίκδειν

146 1433 256 1512 ταριδ
279 1432 322 1497 τὸ
346 1432 515 1511 μερίδας
538 1434 650 1503 τινὸς
674 1433 893 1512 α’φαιρεῖσίαι,
919 1433 1015 1517 idque
1033 1433 1118 1497 inter
1135 1433 1325 1509 σίμενηνδςε

145 1535 276 1619 ιὶμερίςί
301 1540 346 1623 (p.
370 1537 414 1602 44
438 1538 486 1603 ed.
511 1535 628 1621 Stura.)
654 1538 795 1624 Apparet
818 1539 1056 1605 rescribendum
1088 1558 1172 1604 eeae:
1207 1535 1325 1619 ’Λμίρ

145 1647 244 1712 δεινι
270 1644 381 1725 ταρὰ
404 1644 447 1710 τὸ
472 1642 688 1731 (μερίζειν,
712 1639 807 1729 οἷον)
829 1647 978 1725 μερίδα
1001 1644 1109 1717 τινὸς
1127 1646 1325 1727 ἁφαιρεῑσία

147 1751 210 1819 See
243 1751 282 1816 ad
314 1772 382 1818 rem
412 1759 449 1816 ut
480 1750 625 1834 redeam,
648 1773 732 1816 nunc
757 1752 883 1818 undem
905 1752 1055 1818 lacunam
1078 1771 1175 1837 quam
1198 1751 1325 1820 indicae

145 1879 209 1926 nou
247 1860 345 1924 nimie
380 1857 529 1923 audacter
556 1858 685 1922 eareiaae
716 1858 846 1924 videbor
876 1858 1060 1936 ecribend0,
1093 1865 1132 1922 ut
1162 1857 1251 1925 dixi:
1288 1893 1325 1908 -ι

144 1966 331 2047 μαρμαίρειν
361 1963 462 2043 λέγειν
492 1963 527 2027 τί
559 1961 719 2040 λοίμτειν,
750 1960 853 2028 ὄίστι
877 1962 1008 2046 μερίζειν
1033 1964 1085 2028 καί
1110 1963 1251 2048 διαιρεῖν,
1276 1965 1325 2047 ιίφ

145 2071 179 2139 οὗ
206 2071 393 2161 (μέρδειν)
418 2070 453 2134 τί
476 2069 651 2149 διακρίνειν·
672 2067 735 2135 ὅθεν
767 2071 800 2135 τί
830 2072 876 2146 μη
903 2069 1022 2152 μερίζσν
1055 2070 1144 2135 αλλὰ
1166 2071 1322 2136 σκοτεινόν

147 2181 297 2262 ἀμαυρόν.
344 2177 421 2243 ilaec
450 2175 529 2241 haec
560 2179 668 2241 omnia
698 2175 914 2265 etymologiae
937 2176 1192 2263 philosophantis
1214 2175 1325 2243 eciliee

145 2285 374 2358 deliramenta,
400 2319 441 2331 -
465 2283 598 2364 τεχνικὰ
621 2285 679 2359 μὲν
702 2282 801 2368 τιὶνιι,
825 2283 908 2349 οὐδὲν
934 2283 966 2348 δὲ
990 2283 1151 2364 χρήσιμα,
1172 2289 1211 2349 ut
1229 2281 1325 2349 aciat

147 2394 186 2458 de
209 2390 449 2458 dialecticorum
474 2391 611 2477 argutiis
630 2389 804 2467 iudicavit,
828 2427 868 2438 —
883 2393 939 2456 vix
958 2409 1037 2475 opus
1056 2397 1104 2455 eat
1121 2395 1160 2455 nt
1177 2409 1325 2459 moneam

192 2628 230 2689 α,
255 2601 309 2668 48.
357 2600 441 2667 Leve
472 2602 592 2666 vitium
624 2601 828 2667 eximendum
861 2607 910 2667 eet
932 2623 971 2668 ex
996 2604 1055 2686 iia,
1078 2624 1159 2689 qnae
1183 2604 1225 2669 ad
1248 2606 1325 2686 ἀμφ

145 2711 278 2785 Ὀδυσῆΐ
299 2708 437 2789 δαΐφρονι
461 2707 669 2773 observantur
691 2708 725 2769 in
748 2705 886 2772 Scholiia
905 2707 1059 2796 Vulgatie
1079 2729 1159 2794 quae
1190 2708 1325 2777 dicnntu

145 2822 179 2885 iu
202 2818 288 2883 huuc
311 2814 463 2881 modum:
488 2812 657 2893 Δαΐφρονιτ
683 2813 899 2894 τολεμίφρονι.
925 2814 994 2887 δαίς
1014 2816 1076 2895 γὰρ
1096 2819 1113 2890 η
1133 2814 1241 2897 μιίχη.
1264 2813 1325 2882 ὅτι

144 2925 176 2991 δὲ
212 2925 261 2989 ext
293 2928 348 2996 τῆς
379 2920 559 2995 Πηνελίτης
590 2919 690 2999 alyn,
721 2922 877 3005 (spectant
905 2920 1000 2986 haec:
1020 2919 1176 3000 ,κουριδίης
1211 2923 1325 3003 α’λίχιι

147 3033 324 3114 δαΐφρονος,
356 3026 415 3093 od.
445 3051 477 3103 o,
509 3024 589 3110 356)
611 3026 777 3109 δεδαηκνίᾳ
799 3027 885 3091 κατὰ
909 3028 1042 3109 φρένας,
1067 3028 1210 3095 τουτέστι
1233 3052 1325 3106 μεμε

148 3138 274 3221 tumre,
299 3133 341 3212 tt
361 3130 401 3200 οὖ
425 3136 480 3208 την
503 3136 629 3207 συνετὴν
653 3133 705 3198 καί
730 3135 871 3213 σώφρονα
892 3135 1045 3214 βούλεται
1071 3136 1188 3210 δηλοῦν.
1214 3135 1325 3226 Legen

144 3245 242 3311 dum:
276 3243 322 3308 δι’
353 3237 397 3306 οὗ
426 3243 480 3315 την
503 3242 630 3314 συνετὴν
654 3263 683 3303 κ.
708 3242 850 3319 σώφρονα
871 3239 1023 3318 βούλεται
1046 3243 1175 3317 δηλοῦν.
1201 3243 1325 3309 musaei

145 3354 312 3417 notiaeimc
344 3368 448 3414 errore
475 3346 511 3410 δι’
540 3353 573 3411 et
602 3344 654 3430 ἐξ,
686 3366 881 3431 quamquam
909 3350 1009 3413 etiam
1040 3347 1236 3416 Bodleianne
1260 3349 1325 3417 lihe

146 3456 201 3544 (0)
225 3478 287 3523 non
312 3454 422 3520 minua
445 3473 541 3538 qnam
564 3451 686 3518 Aldina
708 3452 808 3517 editio
832 3451 865 3529 ἐξ
888 3452 1003 3519 habere
1019 3430 1158 3521 videtur.
1205 3454 1325 3523 Dindor

145 3565 207 3631 tine
237 3568 321 3630 certe
351 3559 434 3626 nihil
457 3579 496 3626 ex
519 3579 555 3624 eo
578 3559 731 3623 enotavit.
779 3556 974 3624 Monendum
997 3566 1159 3645 praeterea
1182 3567 1248 3640 eet,
1275 3583 1325 3630 ma

144 3693 234 3738 naaee
267 3670 346 3736 haec
382 3688 420 3734 ex
456 3664 679 3751 Epimeriamie
713 3662 896 3728 Homericis
931 3667 977 3748 (in
1013 3664 1155 3732 Cramer.
1195 3665 1325 3734 Aneedd

147 3776 267 3844 Oxenn.
297 3775 367 3842 Vol.
400 3771 416 3837 l
444 3794 475 3859 p.
508 3770 572 3836 11⁶
605 3777 637 3836 et
671 3767 767 3852 116),
798 3773 854 3855 qui
884 3771 943 3835 eub
966 3772 1025 3838 hac
1049 3794 1126 3839 voce
1149 3779 1182 3839 et
1205 3774 1325 3842 haece

147 3884 212 3951 alia
246 3884 326 3950 bene
359 3879 466 3946 multa
499 3881 630 3964 insuper
664 3876 826 3962 praebent.
870 3875 916 3941 Hi
938 3878 1041 3966 igitur
1062 3881 1126 3944 ita:
1152 3915 1173 3929 -
1186 3915 1207 3929 -
1230 3882 1283 3946 ε’τί
1311 3881 1325 3947 δ

147 3995 201 4058 τοῦ
228 3986 391 4068 ςκονριδίης
411 3984 540 4067 &alzeco
560 3981 737 4064 δαΐφρονος”
755 3984 788 4048 οὐ
808 3983 950 4060 σημαίνει
970 3987 1026 4056 την
1048 3987 1229 4078 πολεμικὴν,
1251 3989 1325 4055 ἀλλο

181 4243 204 4293 ll
222 4239 268 4289 uti
290 4244 370 4287 umen
393 4251 477 4302 prava:
503 4233 556 4282 ui
583 4238 790 4296 καταχρηστιιός
816 4229 849 4280 ll
875 4232 905 4280 τδ
930 4239 1008 4294 στερῦ
1027 4237 1158 4302 praecepto
1175 4235 1325 4303 mm)

144 4331 198 4380 ul
216 4330 248 4378 τδ
266 4332 345 4391 mpfl
363 4328 440 4387 μίαν.
457 4325 496 4372 Sit·-
514 4325 569 4372 huc
587 4326 667 4373 omnia
685 4324 767 4372 {mcc
788 4320 861 4384 βρόνι.
