2978 4950
682 142 748 211 479

126 335 228 400 ιωόωνι
261 333 292 399 δὲ
322 332 497 413 προστάξαι
529 350 611 410 κτλ,
634 335 775 400 oratioue
799 335 837 400 de
861 355 950 400 more
972 339 1100 418 repente
1121 333 1156 396 in
1177 330 1311 396 indirec-

126 461 182 506 sm
207 462 298 507 verse
321 447 354 506 et
376 444 442 506 ism
465 440 555 507 nulls
578 440 692 506 lacuna
714 441 882 506 statuendo
905 442 1069 526 supererit.
1094 438 1217 523 Nempe
1236 445 1313 503 note

126 547 369 640 schygrophics
391 568 447 633 pro
471 549 526 612 κκί
549 547 719 632 quemdam
745 547 894 614 fefellisse
920 548 1055 613 videtur.

160 775 205 836 λ,
231 758 307 824 359.
331 760 394 826 Pro
417 761 576 840 πλειοτόρρ
600 762 655 826 σὺν
677 763 758 840 χειρὶ
782 760 1011 847 Aristophanes
1035 761 1185 849 legebat:
1210 776 1313 825 πλειο-

126 865 237 949 ense
272 869 375 948 χεροό.
405 867 421 932 ό
450 867 536 945 μετόν
567 867 700 934 πλεόνων
732 869 873 934 tuentes
903 871 956 933 τοῦ
986 892 1073 933 ποτε.
1110 867 1168 954 (Η)
1208 865 1313 933 Immo

126 999 194 1040 ress
217 998 304 1042 ποτε.

165 1205 203 1266 λ,
229 1187 306 1255 385.
353 1189 458 1254 Ἀλλὰ
486 1188 538 1252 κού
563 1189 577 1252 ό
604 1187 742 1268 Σόονφος
767 1188 918 1267 κέρδιστος
942 1190 980 1254 ὢν
1004 1189 1055 1253 διὰ
1075 1188 1108 1253 τό
1127 1185 1312 1268 mitteres

126 1295 153 1360 τό
187 1293 375 1374 κακότροπον
404 1295 418 1359 ό
450 1299 590 1365 Γλοιῦκος
620 1299 674 1359 τού
706 1295 853 1375 προγόνου
884 1297 927 1368 εἰς
960 1295 1079 1360 σύνεσιν
1109 1295 1313 1372 μετήνεγκεν.

126 1399 204 1485 TV)
232 1401 282 1467 De
311 1422 345 1466 re
368 1404 437 1486 ipss
460 1414 531 1485 post
555 1401 790 1465 Buttmannum
816 1400 893 1468 clim
919 1401 1080 1487 disputavi
1101 1405 1134 1466 in
1159 1402 1311 1468 Observv.

126 1530 149 1594 p.
183 1506 245 1585 29,
281 1506 380 1572 simul
415 1509 562 1572 correctis
602 1507 699 1571 huius
734 1506 849 1573 scholii
879 1510 1040 1573 extremis.
1087 1508 1181 1574 Nunc
1213 1511 1246 1571 in
1276 1510 1316 1572 iis

126 1636 204 1702 pose
234 1616 385 1700 descripsi
415 1617 541 1679 inverso
572 1614 680 1678 ordine
711 1634 809 1698 eoque
840 1614 980 1679 naturali
1004 1617 1159 1700 scriptum
1184 1613 1315 1679 molim:

126 1723 157 1786 τὸ
182 1720 369 1802 κακότροπον
392 1725 445 1784 τοῦ
469 1719 616 1799 προγόνου
640 1721 653 1783 ό
679 1725 817 1791 Γλαῦκος
843 1721 885 1789 εἷς
911 1720 975 1784 ούν.
1000 1724 1211 1805 μετήνεγκεν,
1234 1741 1316 1805 quse

126 1849 185 1916 puo
213 1848 307 1892 sensu
330 1832 434 1892 essent
457 1827 640 1910 accipienda
663 1824 880 1897 Buttmannus
905 1797 1022 1890 docirit.

169 2056 203 2116 λ,
230 2039 306 2105 428.
354 2039 465 2106 Ulixes
496 2042 748 2128 Agamemnonis
770 2040 868 2105 verbs
889 2040 986 2105 refert
1009 2040 1093 2126 apud
1117 2040 1233 2106 inferos
1256 2040 1317 2104 sibi

126 2148 200 2214 istc
222 2154 256 2211 et
277 2146 342 2212 slis
365 2153 398 2213 et
420 2148 514 2213 hoec:

306 2253 344 2325 ὣς
368 2256 420 2320 ούκ
444 2253 603 2319 οιὶνότοιτον
628 2255 680 2319 sci
705 2256 843 2333 κύντερον
865 2254 947 2319 ἄλλο
971 2255 1114 2331 γννοιικός

310 2362 390 2446 [ήτις
416 2361 451 2435 δή
474 2368 607 2427 τοιοῦτον
631 2362 715 2438 μετόν
739 2361 848 2440 Φρεσὶν
872 2359 950 2439 ἔργον
973 2361 1152 2446 Batinum}

126 2467 319 2535 Ulteriorem
343 2489 471 2533 versum
495 2475 528 2534 et
550 2467 684 2554 plurimi
707 2470 918 2534 recentiorum
942 2475 1163 2552 expunxerunt
1186 2473 1218 2532 et
1238 2467 1318 2532 snti-

126 2583 292 2661 pulcrum:
325 2576 377 2640 Ἐν
407 2582 532 2646 πολλοῖς
556 2575 589 2639 ού
613 2573 760 2654 φέρεται,
786 2577 823 2645 ὥς
850 2574 964 2639 ἐκλύων
989 2575 1038 2639 τόν
1063 2574 1171 2652 όομόν,
1197 2577 1229 2639 ού
1253 2576 1318 2664 γὰρ
1425 2662 1427 2666 Α

126 2677 171 2746 ότι
205 2684 277 2758 πρὸς
308 2681 471 2760 όεροιτεόοιν
504 2683 635 2760 Ἀρήτης
669 2681 682 2745 ό
714 2681 899 2751 Ὀδυσσεύς·
933 2683 966 2745 ού
990 2682 1053 2759 γοὶρ
1078 2683 1251 2758 ύνοιγκοιῑον
1275 2685 1317 2763 τῷ

126 2786 343 2867 ὑποκρινομένῳ
375 2789 417 2852 τό
441 2788 597 2866 πρόσωπον
629 2787 864 2865 ’Λγοιμόμνονος
888 2789 1187 2864 περιόπτοοόοιό
1212 2811 1248 2852 τι
1273 2790 1321 2852 εἰ·

126 2901 231 2958 τεῒν.
262 2893 322 2978 (Η)
355 2892 405 2958 Its
433 2894 511 2959 haec
542 2894 575 2958 in
607 2891 812 2959 Dindcrficne
840 2893 988 2958 eduntur.
1039 2892 1111 2957 Nisi
1137 2915 1189 2959 me
1212 2897 1321 2960 omnis

126 2999 259 3074 fallunt,
303 2999 438 3085 Didymi
480 3001 533 3065 hic
566 3001 663 3066 verbs
694 3007 839 3065 tenemus
872 3020 945 3064 eum
975 3020 1105 3065 versum
1138 3001 1321 3066 damnantis

126 3110 201 3193 qui,
238 3106 377 3172 Porsonc
410 3107 533 3183 iudice,
569 3106 728 3192 „p'rofecto
760 3108 905 3171 omnium
937 3107 1002 3171 fere
1036 3109 1091 3191 qui
1123 3128 1180 3192 pro
1202 3111 1321 3193 spuriis

126 3218 278 3279 notentur
296 3212 508 3299 dignissimus
526 3211 830 3300 qui-expungatur.”
854 3211 938 3276 Note
958 3218 1066 3277 tomen
1091 3213 1123 3277 in
1148 3212 1321 3278 Schmidtii

126 3317 254 3405 sylloge
290 3317 500 3389 desideretur,
538 3319 670 3383 fortasse
704 3319 787 3403 quod
822 3338 885 3382 non
920 3318 1074 3402 hsbebst,
1108 3320 1184 3406 quid
1216 3319 1321 3385 verbis

126 3429 244 3490 mismo
264 3427 420 3510 corruptis
436 3425 654 3489 substitueret.
678 3427 828 3489 Attamen
849 3424 1002 3508 dispicere
1014 3425 1097 3488 mihi
1112 3426 1229 3499 videor,
1244 3425 1320 3510 quid

126 3533 361 3620 grammaticus
391 3530 522 3596 dederit.
571 3531 624 3594 Ἐν
655 3540 781 3601 πολλοῖς
815 3531 847 3593 ού
879 3529 1027 3613 Φέρεται,
1058 3533 1097 3599 ὥς
1129 3531 1245 3595 ἐκλύων
1268 3531 1320 3595 τὸν

126 3638 233 3715 όνμόν.
258 3638 291 3701 ού
313 3638 377 3717 γόιρ
401 3635 446 3703 ότι
471 3639 543 3718 πρός
562 3638 726 3717 όεροιπεόοον
746 3634 875 3716 Ἀρήτης
897 3635 1070 3712 εόρήτοιι.
1092 3639 1124 3700 ού
1144 3638 1206 3715 γόιρ
1220 3639 1321 3714 οἱνιιγ-

126 3751 215 3808 κιιῖον
238 3745 280 3814 τῶ
306 3743 521 3824 ὑποκρινομένῳ
544 3743 579 3807 τό
603 3742 760 3821 πρόσωπον
781 3741 1017 3820 Ἀγαμέμνονος
1036 3744 1319 3821 πορόστοιοόιιι

126 3848 147 3916 ό
175 3875 214 3915 τι
247 3846 375 3927 εἶπεν,
408 3869 488 3934 quse
520 3852 724 3933 antiquorum
757 3851 1043 3935 grammaticorum
1074 3854 1107 3912 et
1130 3848 1320 3914 brevitatem

126 3963 162 4024 et
186 3956 350 4022 indicendi
374 3958 543 4021 sanitatem
567 3955 705 4021 feliciter
728 3954 878 4020 referunt.
926 3954 1109 4018 Eiiciendus
1131 3975 1241 4019 versus
1264 3963 1321 4032 est,

126 4065 245 4149 inquit.
293 4061 365 4127 Non
397 4064 481 4126 enim
504 4081 540 4126 eo
565 4060 796 4143 defendendus,
821 4059 905 4144 quod
928 4059 1039 4124 Ulixes
1062 4059 1147 4124 hunc
1171 4059 1259 4126 oddit
1282 4083 1323 4126 ne

126 4171 245 4236 Aretes
279 4170 424 4234 animum
460 4166 606 4233 offendat.
654 4165 782 4231 lltenim
819 4186 880 4230 non
917 4187 956 4230 ex
991 4186 1049 4230 suo
1073 4187 1156 4230 nunc
1180 4165 1322 4250 loquitur

130 4294 266 4363 persons
295 4274 350 4339 sed
379 4294 418 4340 ex
448 4275 717 4362 Agamemnonis,
747 4292 847 4358 neque
870 4291 950 4361 opus
974 4277 1022 4337 est
1044 4276 1081 4336 ut
1104 4272 1201 4346 huius
1223 4273 1323 4340 dicto·
