<?xml version="1.0" encoding="UTF-8"?>
<!DOCTYPE html PUBLIC "-//W3C//DTD XHTML 1.0 Transitional//EN"
    "http://www.w3.org/TR/xhtml1/DTD/xhtml1-transitional.dtd">
<html xmlns="http://www.w3.org/1999/xhtml" xml:lang="en" lang="en">
 <head>
  <title>
</title>
<meta http-equiv="Content-Type" content="text/html;charset=utf-8" />
  <meta name='ocr-system' content='tesseract 3.04.00' />
  <meta name='ocr-capabilities' content='ocr_page ocr_carea ocr_par ocr_line ocrx_word'/>
</head>
<body>
  <div class='ocr_page' id='page_1' title='image "./adodysseameiusq00polagoog_0477.png"; bbox 0 0 2978 4950; ppageno 0'>
   <div class='ocr_carea' id='block_1_1' title="bbox 705 169 771 238">
    <p class='ocr_par' dir='ltr' id='par_1_1' title="bbox 705 169 771 238">
     <span class='ocr_line' id='line_1_1' title="bbox 705 169 771 238; baseline 0.015 -1"><span class='ocrx_word' id='word_1_1' title='bbox 705 169 771 238; x_wconf 77' lang='grc'>436</span> 
     </span>
    </p>
   </div>
   <div class='ocr_carea' id='block_1_2' title="bbox 144 356 1323 655">
    <p class='ocr_par' dir='ltr' id='par_1_2' title="bbox 144 356 1323 655">
     <span class='ocr_line' id='line_1_2' title="bbox 144 356 1323 450; baseline -0.01 -15"><span class='ocrx_word' id='word_1_2' title='bbox 144 367 325 445; x_wconf 66' lang='grc' dir='ltr'><strong><em>λισσομένη,</em></strong></span> <span class='ocrx_word' id='word_1_3' title='bbox 345 384 481 450; x_wconf 86' lang='lat' dir='ltr'>quorum</span> <span class='ocrx_word' id='word_1_4' title='bbox 501 365 678 430; x_wconf 82' lang='lat' dir='ltr'>tentamina</span> <span class='ocrx_word' id='word_1_5' title='bbox 697 365 813 428; x_wconf 86' lang='lat' dir='ltr'>merito</span> <span class='ocrx_word' id='word_1_6' title='bbox 832 362 942 426; x_wconf 88' lang='lat' dir='ltr'>reiecit</span> <span class='ocrx_word' id='word_1_7' title='bbox 954 357 1147 426; x_wconf 81' lang='lat' dir='ltr'>Diudorfius</span> <span class='ocrx_word' id='word_1_8' title='bbox 1166 356 1323 424; x_wconf 78' lang='lat' dir='ltr'>Schmidtii</span> 
     </span>
     <span class='ocr_line' id='line_1_3' title="bbox 145 464 1322 558; baseline -0.011 -16"><span class='ocrx_word' id='word_1_9' title='bbox 145 479 358 542; x_wconf 87' lang='lat' dir='ltr'>coniecturam</span> <span class='ocrx_word' id='word_1_10' title='bbox 388 471 536 558; x_wconf 82' lang='lat' dir='ltr'>(Didym.</span> <span class='ocrx_word' id='word_1_11' title='bbox 567 492 601 555; x_wconf 90' lang='lat' dir='ltr'>p.</span> <span class='ocrx_word' id='word_1_12' title='bbox 627 470 706 555; x_wconf 81' lang='lat'>201)</span> <span class='ocrx_word' id='word_1_13' title='bbox 732 470 784 534; x_wconf 79' lang='grc' dir='ltr'><strong><em>καί</em></strong></span> <span class='ocrx_word' id='word_1_14' title='bbox 809 468 1034 542; x_wconf 62' lang='lat' dir='ltr'>bellicensem,</span> <span class='ocrx_word' id='word_1_15' title='bbox 1060 486 1156 558; x_wconf 86' lang='lat' dir='ltr'>quam</span> <span class='ocrx_word' id='word_1_16' title='bbox 1183 487 1222 531; x_wconf 85' lang='lat' dir='ltr'>ex</span> <span class='ocrx_word' id='word_1_17' title='bbox 1243 464 1322 530; x_wconf 71' lang='lat' dir='ltr'>colle</span> 
     </span>
     <span class='ocr_line' id='line_1_4' title="bbox 146 573 1322 655; baseline -0.009 -7"><span class='ocrx_word' id='word_1_18' title='bbox 146 585 232 648; x_wconf 91' lang='lat' dir='ltr'>tione</span> <span class='ocrx_word' id='word_1_19' title='bbox 266 601 376 646; x_wconf 84' lang='lat' dir='ltr'>versus</span> <span class='ocrx_word' id='word_1_20' title='bbox 410 577 476 643; x_wconf 82' lang='lat'>296</span> <span class='ocrx_word' id='word_1_21' title='bbox 512 576 625 643; x_wconf 84' lang='lat' dir='ltr'>fulcire</span> <span class='ocrx_word' id='word_1_22' title='bbox 660 589 808 652; x_wconf 91' lang='lat' dir='ltr'>conatur,</span> <span class='ocrx_word' id='word_1_23' title='bbox 845 573 1027 640; x_wconf 87' lang='lat' dir='ltr'>Diudorfius</span> <span class='ocrx_word' id='word_1_24' title='bbox 1061 594 1125 639; x_wconf 89' lang='lat' dir='ltr'>non</span> <span class='ocrx_word' id='word_1_25' title='bbox 1157 575 1322 655; x_wconf 72' lang='lat' dir='ltr'>cognorim</span> 
     </span>
    </p>
   </div>
   <div class='ocr_carea' id='block_1_3' title="bbox 146 690 284 756">
    <p class='ocr_par' dir='ltr' id='par_1_3' title="bbox 146 690 284 756">
     <span class='ocr_line' id='line_1_5' title="bbox 146 690 284 756; baseline -0.022 -2"><span class='ocrx_word' id='word_1_26' title='bbox 146 690 284 756; x_wconf 86' lang='lat' dir='ltr'>videtur.</span> 
     </span>
    </p>
   </div>
   <div class='ocr_carea' id='block_1_4' title="bbox 66 897 1335 4393">
    <p class='ocr_par' dir='ltr' id='par_1_4' title="bbox 66 897 1335 4393">
     <span class='ocr_line' id='line_1_6' title="bbox 192 897 440 984; baseline -0.02 -17"><span class='ocrx_word' id='word_1_27' title='bbox 192 927 228 975; x_wconf 88' lang='grc' dir='ltr'>κ,</span> <span class='ocrx_word' id='word_1_28' title='bbox 254 898 339 984; x_wconf 82' lang='grc'>350,</span> <span class='ocrx_word' id='word_1_29' title='bbox 364 897 440 963; x_wconf 80' lang='grc'><strong>351.</strong></span> 
     </span>
     <span class='ocr_line' id='line_1_7' title="bbox 236 1001 1229 1084; baseline -0.006 -13"><span class='ocrx_word' id='word_1_30' title='bbox 236 1007 399 1084; x_wconf 68' lang='grc' dir='ltr'><strong><em>Γίγνονται</em></strong></span> <span class='ocrx_word' id='word_1_31' title='bbox 423 1005 448 1068; x_wconf 74' lang='grc' dir='ltr'>δ’</span> <span class='ocrx_word' id='word_1_32' title='bbox 474 1001 536 1082; x_wconf 76' lang='grc' dir='ltr'><strong><em>ἄρα</em></strong></span> <span class='ocrx_word' id='word_1_33' title='bbox 560 1004 616 1068; x_wconf 90' lang='grc' dir='ltr'>ταί</span> <span class='ocrx_word' id='word_1_34' title='bbox 639 1003 674 1081; x_wconf 76' lang='grc' dir='ltr'>ν’</span> <span class='ocrx_word' id='word_1_35' title='bbox 700 1003 734 1068; x_wconf 75' lang='grc' dir='ltr'>ἓν</span> <span class='ocrx_word' id='word_1_36' title='bbox 757 1027 793 1068; x_wconf 83' lang='grc' dir='ltr'>τε</span> <span class='ocrx_word' id='word_1_37' title='bbox 815 1004 941 1082; x_wconf 76' lang='grc' dir='ltr'><strong><em>κρηνέων</em></strong></span> <span class='ocrx_word' id='word_1_38' title='bbox 966 1003 1031 1067; x_wconf 82' lang='grc' dir='ltr'><strong><em>οίτί</em></strong></span> <span class='ocrx_word' id='word_1_39' title='bbox 1055 1003 1085 1065; x_wconf 88' lang='grc' dir='ltr'>τ’</span> <span class='ocrx_word' id='word_1_40' title='bbox 1109 1001 1229 1066; x_wconf 80' lang='grc' dir='ltr'><strong><em>οίλσίιιν</em></strong></span> 
     </span>
     <span class='ocr_line' id='line_1_8' title="bbox 236 1101 1237 1190; baseline -0.006 -14"><span class='ocrx_word' id='word_1_41' title='bbox 236 1112 271 1176; x_wconf 76' lang='grc' dir='ltr'><strong><em>ἔα</em></strong></span> <span class='ocrx_word' id='word_1_42' title='bbox 298 1101 322 1176; x_wconf 78' lang='lat' dir='ltr'>d&#39;</span> <span class='ocrx_word' id='word_1_43' title='bbox 346 1113 428 1190; x_wconf 82' lang='grc' dir='ltr'><strong><em>ἱερῶν</em></strong></span> <span class='ocrx_word' id='word_1_44' title='bbox 452 1115 618 1187; x_wconf 80' lang='grc' dir='ltr'><strong><em>ποταμῶν,</em></strong></span> <span class='ocrx_word' id='word_1_45' title='bbox 642 1108 681 1174; x_wconf 85' lang='lat' dir='ltr'>oi&#39;</span> <span class='ocrx_word' id='word_1_46' title='bbox 699 1110 729 1173; x_wconf 89' lang='grc' dir='ltr'>τ’</span> <span class='ocrx_word' id='word_1_47' title='bbox 753 1110 810 1181; x_wconf 78' lang='grc' dir='ltr'><strong><em>τίς</em></strong></span> <span class='ocrx_word' id='word_1_48' title='bbox 834 1107 965 1175; x_wconf 72' lang='grc' dir='ltr'><strong><em>ἅλαδε</em></strong></span> <span class='ocrx_word' id='word_1_49' title='bbox 990 1109 1237 1189; x_wconf 72' lang='grc' dir='ltr'><strong><em>τρνρίοντιν.</em></strong></span> 
     </span>
     <span class='ocr_line' id='line_1_9' title="bbox 146 1215 1322 1304; baseline -0.003 -18"><span class='ocrx_word' id='word_1_50' title='bbox 146 1221 196 1287; x_wconf 87' lang='lat' dir='ltr'>Ad</span> <span class='ocrx_word' id='word_1_51' title='bbox 219 1219 355 1304; x_wconf 78' lang='lat' dir='ltr'>priorem</span> <span class='ocrx_word' id='word_1_52' title='bbox 379 1238 508 1283; x_wconf 84' lang='lat' dir='ltr'>versum</span> <span class='ocrx_word' id='word_1_53' title='bbox 525 1216 694 1282; x_wconf 85' lang='lat' dir='ltr'>adnotatur</span> <span class='ocrx_word' id='word_1_54' title='bbox 713 1219 747 1281; x_wconf 93' lang='lat' dir='ltr'>in</span> <span class='ocrx_word' id='word_1_55' title='bbox 767 1215 870 1296; x_wconf 83' lang='lat' dir='ltr'>BQV:</span> <span class='ocrx_word' id='word_1_56' title='bbox 888 1217 1081 1295; x_wconf 90' lang='grc' dir='ltr'><strong><em>ὑφίστανται</em></strong></span> <span class='ocrx_word' id='word_1_57' title='bbox 1103 1215 1232 1296; x_wconf 77' lang='grc' dir='ltr'><strong><em>νύμφας</em></strong></span> <span class='ocrx_word' id='word_1_58' title='bbox 1251 1215 1322 1282; x_wconf 77' lang='grc' dir='ltr'><strong><em>σινίιι</em></strong></span> 
     </span>
     <span class='ocr_line' id='line_1_10' title="bbox 148 1321 1322 1410; baseline -0.006 -20"><span class='ocrx_word' id='word_1_59' title='bbox 148 1327 182 1404; x_wconf 77' lang='grc' dir='ltr'>ἐξ</span> <span class='ocrx_word' id='word_1_60' title='bbox 202 1324 330 1398; x_wconf 76' lang='grc' dir='ltr'><strong><em>ὕδατος,</em></strong></span> <span class='ocrx_word' id='word_1_61' title='bbox 349 1323 401 1389; x_wconf 83' lang='lat' dir='ltr'>vel</span> <span class='ocrx_word' id='word_1_62' title='bbox 412 1325 520 1408; x_wconf 86' lang='lat' dir='ltr'>potius</span> <span class='ocrx_word' id='word_1_63' title='bbox 539 1326 573 1388; x_wconf 91' lang='lat' dir='ltr'>in</span> <span class='ocrx_word' id='word_1_64' title='bbox 592 1323 747 1410; x_wconf 80' lang='lat' dir='ltr'>Vulgatis</span> <span class='ocrx_word' id='word_1_65' title='bbox 768 1328 912 1399; x_wconf 84' lang='lat' dir='ltr'>tuntum,</span> <span class='ocrx_word' id='word_1_66' title='bbox 932 1343 1007 1388; x_wconf 88' lang='lat' dir='ltr'>nam</span> <span class='ocrx_word' id='word_1_67' title='bbox 1027 1325 1060 1386; x_wconf 91' lang='lat' dir='ltr'>in</span> <span class='ocrx_word' id='word_1_68' title='bbox 1077 1322 1133 1402; x_wconf 80' lang='lat' dir='ltr'>BQ</span> <span class='ocrx_word' id='word_1_69' title='bbox 1147 1321 1322 1403; x_wconf 81' lang='grc' dir='ltr'><strong><em>ὑφίστασίσι</em></strong></span> 
     </span>
     <span class='ocr_line' id='line_1_11' title="bbox 147 1427 1323 1515; baseline -0.007 -16"><span class='ocrx_word' id='word_1_70' title='bbox 147 1437 313 1499; x_wconf 84' lang='lat' dir='ltr'>exaratum</span> <span class='ocrx_word' id='word_1_71' title='bbox 345 1436 412 1513; x_wconf 88' lang='lat' dir='ltr'>est,</span> <span class='ocrx_word' id='word_1_72' title='bbox 444 1430 529 1515; x_wconf 90' lang='lat' dir='ltr'>quod</span> <span class='ocrx_word' id='word_1_73' title='bbox 560 1451 634 1494; x_wconf 90' lang='lat' dir='ltr'>cum</span> <span class='ocrx_word' id='word_1_74' title='bbox 667 1430 871 1514; x_wconf 86' lang='lat' dir='ltr'>praecedente</span> <span class='ocrx_word' id='word_1_75' title='bbox 902 1429 1023 1495; x_wconf 91' lang='lat' dir='ltr'>scholio</span> <span class='ocrx_word' id='word_1_76' title='bbox 1046 1430 1224 1506; x_wconf 67' lang='grc' dir='ltr'><strong><em>κατήγοντο</em></strong></span> <span class='ocrx_word' id='word_1_77' title='bbox 1244 1427 1323 1506; x_wconf 69' lang='lat' dir='ltr'>ilci</span> 
     </span>
     <span class='ocr_line' id='line_1_12' title="bbox 147 1534 1322 1623; baseline -0.006 -20"><span class='ocrx_word' id='word_1_78' title='bbox 147 1538 285 1618; x_wconf 72' lang='grc' dir='ltr'><strong><em>γενέσει,</em></strong></span> <span class='ocrx_word' id='word_1_79' title='bbox 317 1558 397 1621; x_wconf 90' lang='lat' dir='ltr'>quae</span> <span class='ocrx_word' id='word_1_80' title='bbox 430 1536 570 1623; x_wconf 79' lang='lat' dir='ltr'>glossula</span> <span class='ocrx_word' id='word_1_81' title='bbox 601 1542 649 1600; x_wconf 90' lang='lat' dir='ltr'>est</span> <span class='ocrx_word' id='word_1_82' title='bbox 679 1537 718 1600; x_wconf 94' lang='lat' dir='ltr'>ad</span> <span class='ocrx_word' id='word_1_83' title='bbox 742 1538 920 1613; x_wconf 73' lang='grc' dir='ltr'><strong><em>γίγνονται.</em></strong></span> <span class='ocrx_word' id='word_1_84' title='bbox 948 1557 1021 1601; x_wconf 88' lang='lat' dir='ltr'>casu</span> <span class='ocrx_word' id='word_1_85' title='bbox 1047 1535 1198 1621; x_wconf 79' lang='lat' dir='ltr'>quodam</span> <span class='ocrx_word' id='word_1_86' title='bbox 1211 1534 1322 1600; x_wconf 78' lang='lat' dir='ltr'>coaluit</span> 
     </span>
     <span class='ocr_line' id='line_1_13' title="bbox 146 1641 1322 1731; baseline -0.007 -20"><span class='ocrx_word' id='word_1_87' title='bbox 146 1647 257 1731; x_wconf 83' lang='lat' dir='ltr'>Neque</span> <span class='ocrx_word' id='word_1_88' title='bbox 283 1645 473 1724; x_wconf 71' lang='grc' dir='ltr'><strong><em>ὑφίστανται</em></strong></span> <span class='ocrx_word' id='word_1_89' title='bbox 495 1653 580 1708; x_wconf 91' lang='lat' dir='ltr'>recte</span> <span class='ocrx_word' id='word_1_90' title='bbox 600 1644 708 1718; x_wconf 89' lang='lat' dir='ltr'>habet,</span> <span class='ocrx_word' id='word_1_91' title='bbox 732 1643 792 1707; x_wconf 90' lang='lat' dir='ltr'>etsi</span> <span class='ocrx_word' id='word_1_92' title='bbox 812 1663 831 1707; x_wconf 87' lang='lat' dir='ltr'>s</span> <span class='ocrx_word' id='word_1_93' title='bbox 850 1642 1046 1708; x_wconf 91' lang='lat' dir='ltr'>Buttmanno</span> <span class='ocrx_word' id='word_1_94' title='bbox 1059 1641 1322 1712; x_wconf 80' lang='lat' dir='ltr'>commendatum,</span> 
     </span>
     <span class='ocr_line' id='line_1_14' title="bbox 66 1747 1323 1842; baseline -0.006 -24"><span class='ocrx_word' id='word_1_95' title='bbox 66 1830 71 1842; x_wconf 22' lang='lat' dir='ltr'>q</span> <span class='ocrx_word' id='word_1_96' title='bbox 146 1773 202 1839; x_wconf 94' lang='lat' dir='ltr'>pro</span> <span class='ocrx_word' id='word_1_97' title='bbox 226 1771 287 1836; x_wconf 92' lang='lat' dir='ltr'>quo</span> <span class='ocrx_word' id='word_1_98' title='bbox 310 1748 506 1836; x_wconf 78' lang='lat' dir='ltr'>singularem</span> <span class='ocrx_word' id='word_1_99' title='bbox 531 1751 656 1833; x_wconf 90' lang='lat' dir='ltr'>requiro</span> <span class='ocrx_word' id='word_1_100' title='bbox 681 1749 918 1824; x_wconf 79' lang='grc' dir='ltr'><strong><em>ὑφίσταται</em></strong></span> <span class='ocrx_word' id='word_1_101' title='bbox 940 1749 978 1814; x_wconf 92' lang='lat' dir='ltr'>de</span> <span class='ocrx_word' id='word_1_102' title='bbox 997 1747 1141 1814; x_wconf 85' lang='lat' dir='ltr'>Homero</span> <span class='ocrx_word' id='word_1_103' title='bbox 1160 1747 1280 1812; x_wconf 90' lang='lat' dir='ltr'>dictum</span> <span class='ocrx_word' id='word_1_104' title='bbox 1296 1764 1323 1810; x_wconf 89' lang='lat' dir='ltr'>eo</span> 
     </span>
     <span class='ocr_line' id='line_1_15' title="bbox 147 1848 1324 1946; baseline -0.006 -22"><span class='ocrx_word' id='word_1_105' title='bbox 147 1856 350 1946; x_wconf 78' lang='lat' dir='ltr'>significatu,</span> <span class='ocrx_word' id='word_1_106' title='bbox 382 1876 476 1940; x_wconf 89' lang='lat' dir='ltr'>quem</span> <span class='ocrx_word' id='word_1_107' title='bbox 505 1856 539 1919; x_wconf 90' lang='lat' dir='ltr'>in</span> <span class='ocrx_word' id='word_1_108' title='bbox 572 1856 832 1939; x_wconf 80' lang='lat' dir='ltr'>praecedentibus</span> <span class='ocrx_word' id='word_1_109' title='bbox 859 1855 983 1920; x_wconf 89' lang='lat' dir='ltr'>abunde</span> <span class='ocrx_word' id='word_1_110' title='bbox 1006 1853 1176 1940; x_wconf 83' lang='lat' dir='ltr'>explicari.</span> <span class='ocrx_word' id='word_1_111' title='bbox 1223 1852 1270 1918; x_wconf 78' lang='lat' dir='ltr'>sd</span> <span class='ocrx_word' id='word_1_112' title='bbox 1290 1848 1324 1916; x_wconf 81' lang='lat' dir='ltr'>d·</span> 
     </span>
     <span class='ocr_line' id='line_1_16' title="bbox 148 1957 1324 2048; baseline -0.008 -19"><span class='ocrx_word' id='word_1_113' title='bbox 148 1971 253 2029; x_wconf 91' lang='lat' dir='ltr'>terum</span> <span class='ocrx_word' id='word_1_114' title='bbox 285 1962 483 2048; x_wconf 84' lang='lat' dir='ltr'>Didymians</span> <span class='ocrx_word' id='word_1_115' title='bbox 510 1962 684 2034; x_wconf 89' lang='lat' dir='ltr'>habemus,</span> <span class='ocrx_word' id='word_1_116' title='bbox 714 1965 830 2046; x_wconf 88' lang='lat' dir='ltr'>partim</span> <span class='ocrx_word' id='word_1_117' title='bbox 855 1965 888 2026; x_wconf 90' lang='lat' dir='ltr'>in</span> <span class='ocrx_word' id='word_1_118' title='bbox 912 1961 973 2041; x_wconf 79' lang='lat' dir='ltr'>HQ</span> <span class='ocrx_word' id='word_1_119' title='bbox 995 1968 1141 2036; x_wconf 86' lang='lat' dir='ltr'>serrata,</span> <span class='ocrx_word' id='word_1_120' title='bbox 1165 1957 1324 2046; x_wconf 75' lang='lat' dir='ltr'>partimin</span> 
     </span>
     <span class='ocr_line' id='line_1_17' title="bbox 149 2068 1325 2153; baseline -0.007 -18"><span class='ocrx_word' id='word_1_121' title='bbox 149 2071 215 2136; x_wconf 92' lang='lat' dir='ltr'>solo</span> <span class='ocrx_word' id='word_1_122' title='bbox 236 2068 288 2151; x_wconf 86' lang='lat' dir='ltr'>H,</span> <span class='ocrx_word' id='word_1_123' title='bbox 312 2077 446 2153; x_wconf 86' lang='lat' dir='ltr'>utraque</span> <span class='ocrx_word' id='word_1_124' title='bbox 469 2068 723 2152; x_wconf 89' lang='lat' dir='ltr'>corruptissima,</span> <span class='ocrx_word' id='word_1_125' title='bbox 750 2069 827 2133; x_wconf 88' lang='lat' dir='ltr'>adeo</span> <span class='ocrx_word' id='word_1_126' title='bbox 850 2076 888 2133; x_wconf 86' lang='lat' dir='ltr'>ut</span> <span class='ocrx_word' id='word_1_127' title='bbox 916 2070 994 2133; x_wconf 86' lang='lat' dir='ltr'>viris</span> <span class='ocrx_word' id='word_1_128' title='bbox 1018 2069 1120 2133; x_wconf 89' lang='lat' dir='ltr'>doctis</span> <span class='ocrx_word' id='word_1_129' title='bbox 1143 2088 1206 2133; x_wconf 93' lang='lat' dir='ltr'>non</span> <span class='ocrx_word' id='word_1_130' title='bbox 1227 2084 1325 2152; x_wconf 84' lang='lat' dir='ltr'>pamm</span> 
     </span>
     <span class='ocr_line' id='line_1_18' title="bbox 150 2171 1325 2263; baseline -0.006 -22"><span class='ocrx_word' id='word_1_131' title='bbox 150 2178 271 2263; x_wconf 80' lang='lat' dir='ltr'>negotii</span> <span class='ocrx_word' id='word_1_132' title='bbox 295 2175 521 2239; x_wconf 78' lang='lat' dir='ltr'>facessiverint.</span> <span class='ocrx_word' id='word_1_133' title='bbox 557 2174 741 2257; x_wconf 85' lang='lat' dir='ltr'>Praeposito</span> <span class='ocrx_word' id='word_1_134' title='bbox 765 2174 918 2240; x_wconf 89' lang='lat' dir='ltr'>lemmate</span> <span class='ocrx_word' id='word_1_135' title='bbox 942 2172 1019 2239; x_wconf 80' lang='grc' dir='ltr'><strong><em>οἵτ’</em></strong></span> <span class='ocrx_word' id='word_1_136' title='bbox 1043 2174 1086 2243; x_wconf 78' lang='grc' dir='ltr'>είς</span> <span class='ocrx_word' id='word_1_137' title='bbox 1111 2171 1213 2239; x_wconf 73' lang='grc' dir='ltr'><strong><em>ἅλαδε</em></strong></span> <span class='ocrx_word' id='word_1_138' title='bbox 1238 2172 1325 2255; x_wconf 85' lang='lat' dir='ltr'>sequi·</span> 
     </span>
     <span class='ocr_line' id='line_1_19' title="bbox 149 2273 1326 2363; baseline -0.006 -15"><span class='ocrx_word' id='word_1_139' title='bbox 149 2291 219 2348; x_wconf 83' lang='lat' dir='ltr'>tur:</span> <span class='ocrx_word' id='word_1_140' title='bbox 254 2280 386 2358; x_wconf 73' lang='lat' dir='ltr'>„crire”</span> <span class='ocrx_word' id='word_1_141' title='bbox 416 2278 535 2359; x_wconf 68' lang='grc' dir='ltr'><strong><em>γράφει</em></strong></span> <span class='ocrx_word' id='word_1_142' title='bbox 569 2279 741 2353; x_wconf 61' lang='grc' dir='ltr'><strong><em>Ζηνοὺοτος.</em></strong></span> <span class='ocrx_word' id='word_1_143' title='bbox 774 2282 977 2361; x_wconf 76' lang='grc' dir='ltr'><strong><em>Ἀρίσταρχος</em></strong></span> <span class='ocrx_word' id='word_1_144' title='bbox 1009 2280 1041 2345; x_wconf 74' lang='grc' dir='ltr'>δέ</span> <span class='ocrx_word' id='word_1_145' title='bbox 1068 2273 1122 2363; x_wconf 78' lang='lat' dir='ltr'>„oi</span> <span class='ocrx_word' id='word_1_146' title='bbox 1147 2282 1206 2357; x_wconf 76' lang='grc' dir='ltr'>είς</span> <span class='ocrx_word' id='word_1_147' title='bbox 1229 2275 1326 2343; x_wconf 54' lang='lat' dir='ltr'>aina?</span> 
     </span>
     <span class='ocr_line' id='line_1_20' title="bbox 148 2382 1327 2472; baseline -0.003 -18"><span class='ocrx_word' id='word_1_148' title='bbox 148 2390 337 2466; x_wconf 79' lang='grc' dir='ltr'><strong><em>δεύτερον</em></strong></span> <span class='ocrx_word' id='word_1_149' title='bbox 363 2387 393 2451; x_wconf 73' lang='grc' dir='ltr'>δέ</span> <span class='ocrx_word' id='word_1_150' title='bbox 418 2388 501 2450; x_wconf 84' lang='grc' dir='ltr'><strong><em>ἐστιν</em></strong></span> <span class='ocrx_word' id='word_1_151' title='bbox 525 2389 543 2461; x_wconf 79' lang='grc' dir='ltr'><strong><em>ὑ</em></strong></span> <span class='ocrx_word' id='word_1_152' title='bbox 567 2388 620 2457; x_wconf 80' lang='grc' dir='ltr'><strong><em>είς.</em></strong></span> <span class='ocrx_word' id='word_1_153' title='bbox 668 2386 841 2472; x_wconf 86' lang='lat' dir='ltr'>Hucusque</span> <span class='ocrx_word' id='word_1_154' title='bbox 865 2389 1058 2453; x_wconf 89' lang='lat' dir='ltr'>coniunctim</span> <span class='ocrx_word' id='word_1_155' title='bbox 1084 2393 1250 2472; x_wconf 75' lang='lat' dir='ltr'>peccantes</span> <span class='ocrx_word' id='word_1_156' title='bbox 1268 2382 1327 2461; x_wconf 79' lang='lat' dir='ltr'>HQ·</span> 
     </span>
     <span class='ocr_line' id='line_1_21' title="bbox 148 2487 1328 2576; baseline -0.001 -16"><span class='ocrx_word' id='word_1_157' title='bbox 148 2499 355 2561; x_wconf 87' lang='lat' dir='ltr'>Accesserunt</span> <span class='ocrx_word' id='word_1_158' title='bbox 379 2502 487 2576; x_wconf 89' lang='lat' dir='ltr'>postea</span> <span class='ocrx_word' id='word_1_159' title='bbox 510 2515 549 2557; x_wconf 77' lang='lat' dir='ltr'>ex</span> <span class='ocrx_word' id='word_1_160' title='bbox 573 2492 621 2557; x_wconf 89' lang='lat' dir='ltr'>H:</span> <span class='ocrx_word' id='word_1_161' title='bbox 645 2494 712 2557; x_wconf 79' lang='grc' dir='ltr'><strong><em>καί</em></strong></span> <span class='ocrx_word' id='word_1_162' title='bbox 738 2495 814 2572; x_wconf 67' lang='grc' dir='ltr'>γαρ</span> <span class='ocrx_word' id='word_1_163' title='bbox 839 2492 908 2558; x_wconf 80' lang='grc' dir='ltr'>ὦδε</span> <span class='ocrx_word' id='word_1_164' title='bbox 933 2500 997 2558; x_wconf 86' lang='grc' dir='ltr'>νῦν</span> <span class='ocrx_word' id='word_1_165' title='bbox 1022 2495 1051 2556; x_wconf 90' lang='grc' dir='ltr'>τ’</span> <span class='ocrx_word' id='word_1_166' title='bbox 1079 2495 1137 2562; x_wconf 82' lang='grc' dir='ltr'>είς</span> <span class='ocrx_word' id='word_1_167' title='bbox 1163 2495 1225 2568; x_wconf 73' lang='grc' dir='ltr'>δῇ,</span> <span class='ocrx_word' id='word_1_168' title='bbox 1250 2487 1328 2559; x_wconf 67' lang='lat' dir='ltr'>eccl</span> 
     </span>
     <span class='ocr_line' id='line_1_22' title="bbox 152 2596 1329 2680; baseline -0.007 -15"><span class='ocrx_word' id='word_1_169' title='bbox 152 2601 266 2680; x_wconf 66' lang='lat' dir='ltr'>„etsta</span> <span class='ocrx_word' id='word_1_170' title='bbox 290 2600 360 2675; x_wconf 86' lang='grc' dir='ltr'><strong><em>μιν”</em></strong></span> <span class='ocrx_word' id='word_1_171' title='bbox 385 2602 436 2663; x_wconf 79' lang='grc' dir='ltr'><strong><em>καί</em></strong></span> <span class='ocrx_word' id='word_1_172' title='bbox 461 2601 568 2677; x_wconf 57' lang='grc' dir='ltr'><strong><em>,αμφὶ</em></strong></span> <span class='ocrx_word' id='word_1_173' title='bbox 594 2603 659 2676; x_wconf 80' lang='grc' dir='ltr'><strong><em>περί</em></strong></span> <span class='ocrx_word' id='word_1_174' title='bbox 684 2602 819 2676; x_wconf 75' lang='grc' dir='ltr'><strong><em>κρήναν.”</em></strong></span> <span class='ocrx_word' id='word_1_175' title='bbox 844 2602 1016 2666; x_wconf 82' lang='lat' dir='ltr'>Leroohius</span> <span class='ocrx_word' id='word_1_176' title='bbox 1037 2600 1120 2665; x_wconf 85' lang='lat' dir='ltr'>nihil</span> <span class='ocrx_word' id='word_1_177' title='bbox 1145 2603 1214 2665; x_wconf 83' lang='lat' dir='ltr'>sani</span> <span class='ocrx_word' id='word_1_178' title='bbox 1237 2621 1273 2664; x_wconf 85' lang='lat' dir='ltr'>cx</span> <span class='ocrx_word' id='word_1_179' title='bbox 1290 2596 1329 2660; x_wconf 85' lang='lat' dir='ltr'>lis</span> 
     </span>
     <span class='ocr_line' id='line_1_23' title="bbox 150 2708 1328 2792; baseline -0.004 -19"><span class='ocrx_word' id='word_1_180' title='bbox 150 2710 296 2774; x_wconf 81' lang='lat' dir='ltr'>extricari</span> <span class='ocrx_word' id='word_1_181' title='bbox 332 2727 419 2790; x_wconf 85' lang='lat' dir='ltr'>posse</span> <span class='ocrx_word' id='word_1_182' title='bbox 456 2710 603 2790; x_wconf 85' lang='lat' dir='ltr'>opinatus</span> <span class='ocrx_word' id='word_1_183' title='bbox 639 2715 696 2771; x_wconf 88' lang='lat' dir='ltr'>est.</span> <span class='ocrx_word' id='word_1_184' title='bbox 751 2711 793 2771; x_wconf 88' lang='lat' dir='ltr'>At</span> <span class='ocrx_word' id='word_1_185' title='bbox 829 2712 911 2792; x_wconf 87' lang='lat' dir='ltr'>ipse,</span> <span class='ocrx_word' id='word_1_186' title='bbox 948 2710 1115 2786; x_wconf 81' lang='lat' dir='ltr'>Diintzeri‚</span> <span class='ocrx_word' id='word_1_187' title='bbox 1152 2708 1328 2778; x_wconf 74' lang='lat' dir='ltr'>scenicis,</span> 
     </span>
     <span class='ocr_line' id='line_1_24' title="bbox 152 2813 1329 2899; baseline -0.004 -20"><span class='ocrx_word' id='word_1_188' title='bbox 152 2813 307 2879; x_wconf 88' lang='lat' dir='ltr'>Diudorfii</span> <span class='ocrx_word' id='word_1_189' title='bbox 331 2814 497 2876; x_wconf 86' lang='lat' dir='ltr'>conatibus</span> <span class='ocrx_word' id='word_1_190' title='bbox 522 2816 685 2887; x_wconf 83' lang='lat' dir='ltr'>insistens,</span> <span class='ocrx_word' id='word_1_191' title='bbox 711 2817 776 2876; x_wconf 87' lang='lat' dir='ltr'>iam</span> <span class='ocrx_word' id='word_1_192' title='bbox 801 2818 833 2877; x_wconf 88' lang='lat' dir='ltr'>in</span> <span class='ocrx_word' id='word_1_193' title='bbox 859 2815 1038 2879; x_wconf 84' lang='lat' dir='ltr'>Observatt.</span> <span class='ocrx_word' id='word_1_194' title='bbox 1065 2817 1109 2899; x_wconf 82' lang='lat' dir='ltr'>(p.</span> <span class='ocrx_word' id='word_1_195' title='bbox 1136 2814 1193 2896; x_wconf 78' lang='lat'>98)</span> <span class='ocrx_word' id='word_1_196' title='bbox 1220 2837 1258 2879; x_wconf 83' lang='lat' dir='ltr'>ex</span> <span class='ocrx_word' id='word_1_197' title='bbox 1275 2814 1329 2877; x_wconf 77' lang='grc' dir='ltr'><strong><em>οὔτε</em></strong></span> 
     </span>
     <span class='ocr_line' id='line_1_25' title="bbox 153 2917 1331 3005; baseline -0.002 -21"><span class='ocrx_word' id='word_1_198' title='bbox 153 2921 234 2984; x_wconf 90' lang='lat' dir='ltr'>illud</span> <span class='ocrx_word' id='word_1_199' title='bbox 258 2923 364 3003; x_wconf 89' lang='lat' dir='ltr'>ipsum</span> <span class='ocrx_word' id='word_1_200' title='bbox 390 2917 420 2981; x_wconf 82' lang='grc' dir='ltr'>οἵ</span> <span class='ocrx_word' id='word_1_201' title='bbox 439 2944 474 2982; x_wconf 82' lang='grc' dir='ltr'>τε</span> <span class='ocrx_word' id='word_1_202' title='bbox 498 2920 579 3001; x_wconf 82' lang='lat' dir='ltr'>(sine</span> <span class='ocrx_word' id='word_1_203' title='bbox 604 2921 658 3001; x_wconf 58' lang='grc' dir='ltr'>ἐς)</span> <span class='ocrx_word' id='word_1_204' title='bbox 685 2921 858 2983; x_wconf 90' lang='lat' dir='ltr'>eruendum</span> <span class='ocrx_word' id='word_1_205' title='bbox 885 2943 950 2985; x_wconf 89' lang='lat' dir='ltr'>esse</span> <span class='ocrx_word' id='word_1_206' title='bbox 976 2921 1116 3002; x_wconf 81' lang='lat' dir='ltr'>ostendi,</span> <span class='ocrx_word' id='word_1_207' title='bbox 1143 2923 1225 3005; x_wconf 89' lang='lat' dir='ltr'>quod</span> <span class='ocrx_word' id='word_1_208' title='bbox 1251 2919 1331 2984; x_wconf 83' lang='lat' dir='ltr'>Zeno</span> 
     </span>
     <span class='ocr_line' id='line_1_26' title="bbox 154 3024 1331 3111; baseline -0.003 -21"><span class='ocrx_word' id='word_1_209' title='bbox 154 3027 264 3090; x_wconf 92' lang='lat' dir='ltr'>dotum</span> <span class='ocrx_word' id='word_1_210' title='bbox 301 3028 463 3109; x_wconf 86' lang='lat' dir='ltr'>scripsisse</span> <span class='ocrx_word' id='word_1_211' title='bbox 493 3026 554 3090; x_wconf 83' lang='lat' dir='ltr'>viri</span> <span class='ocrx_word' id='word_1_212' title='bbox 579 3027 663 3089; x_wconf 91' lang='lat' dir='ltr'>docti</span> <span class='ocrx_word' id='word_1_213' title='bbox 687 3030 897 3090; x_wconf 89' lang='lat' dir='ltr'>consentiunt.</span> <span class='ocrx_word' id='word_1_214' title='bbox 946 3027 1117 3092; x_wconf 88' lang='lat' dir='ltr'>Videamus</span> <span class='ocrx_word' id='word_1_215' title='bbox 1143 3049 1247 3103; x_wconf 75' lang='lat' dir='ltr'>nunc,</span> <span class='ocrx_word' id='word_1_216' title='bbox 1270 3024 1331 3111; x_wconf 89' lang='lat' dir='ltr'>quid</span> 
     </span>
     <span class='ocr_line' id='line_1_27' title="bbox 154 3132 1332 3218; baseline -0.003 -20"><span class='ocrx_word' id='word_1_217' title='bbox 154 3153 230 3198; x_wconf 87' lang='lat' dir='ltr'>voce</span> <span class='ocrx_word' id='word_1_218' title='bbox 262 3133 395 3210; x_wconf 78' lang='grc' dir='ltr'><strong><em>δεύτερον</em></strong></span> <span class='ocrx_word' id='word_1_219' title='bbox 419 3133 581 3196; x_wconf 84' lang='lat' dir='ltr'>faciamus.</span> <span class='ocrx_word' id='word_1_220' title='bbox 631 3132 843 3195; x_wconf 89' lang='lat' dir='ltr'>Buttmannus</span> <span class='ocrx_word' id='word_1_221' title='bbox 869 3154 979 3198; x_wconf 89' lang='lat' dir='ltr'>vocem</span> <span class='ocrx_word' id='word_1_222' title='bbox 1005 3134 1185 3198; x_wconf 83' lang='lat' dir='ltr'>distrahens</span> <span class='ocrx_word' id='word_1_223' title='bbox 1209 3136 1332 3218; x_wconf 81' lang='lat' dir='ltr'>primum</span> 
     </span>
     <span class='ocr_line' id='line_1_28' title="bbox 154 3238 1333 3326; baseline -0.003 -22"><span class='ocrx_word' id='word_1_224' title='bbox 154 3240 313 3325; x_wconf 88' lang='lat' dir='ltr'>syllabam</span> <span class='ocrx_word' id='word_1_225' title='bbox 346 3260 419 3302; x_wconf 92' lang='lat' dir='ltr'>cum</span> <span class='ocrx_word' id='word_1_226' title='bbox 451 3239 653 3322; x_wconf 83' lang='lat' dir='ltr'>praecedente</span> <span class='ocrx_word' id='word_1_227' title='bbox 685 3238 749 3301; x_wconf 75' lang='grc' dir='ltr'><strong><em>σ’ίλα</em></strong></span> <span class='ocrx_word' id='word_1_228' title='bbox 783 3242 1014 3326; x_wconf 82' lang='lat' dir='ltr'>coniungebat,</span> <span class='ocrx_word' id='word_1_229' title='bbox 1039 3241 1122 3305; x_wconf 90' lang='lat' dir='ltr'>unde</span> <span class='ocrx_word' id='word_1_230' title='bbox 1148 3240 1333 3305; x_wconf 80' lang='lat' dir='ltr'>Aristarchea</span> 
     </span>
     <span class='ocr_line' id='line_1_29' title="bbox 156 3345 1334 3430; baseline -0.002 -21"><span class='ocrx_word' id='word_1_231' title='bbox 156 3345 251 3409; x_wconf 91' lang='lat' dir='ltr'>lectio</span> <span class='ocrx_word' id='word_1_232' title='bbox 283 3352 477 3430; x_wconf 83' lang='lat' dir='ltr'>emergeret,</span> <span class='ocrx_word' id='word_1_233' title='bbox 502 3349 534 3408; x_wconf 90' lang='lat' dir='ltr'>in</span> <span class='ocrx_word' id='word_1_234' title='bbox 559 3346 680 3429; x_wconf 91' lang='lat' dir='ltr'>reliqua</span> <span class='ocrx_word' id='word_1_235' title='bbox 705 3353 792 3430; x_wconf 87' lang='lat' dir='ltr'>parte</span> <span class='ocrx_word' id='word_1_236' title='bbox 817 3348 949 3410; x_wconf 92' lang='lat' dir='ltr'>verbum</span> <span class='ocrx_word' id='word_1_237' title='bbox 975 3351 1100 3421; x_wconf 79' lang='grc' dir='ltr'><strong><em>τερισσὺ</em></strong></span> <span class='ocrx_word' id='word_1_238' title='bbox 1126 3347 1226 3412; x_wconf 84' lang='lat' dir='ltr'>latere</span> <span class='ocrx_word' id='word_1_239' title='bbox 1248 3347 1334 3430; x_wconf 89' lang='lat' dir='ltr'>suspi-</span> 
     </span>
     <span class='ocr_line' id='line_1_30' title="bbox 157 3450 1334 3536; baseline -0.003 -19"><span class='ocrx_word' id='word_1_240' title='bbox 157 3453 304 3526; x_wconf 85' lang='lat' dir='ltr'>cabatur,</span> <span class='ocrx_word' id='word_1_241' title='bbox 329 3450 467 3534; x_wconf 89' lang='lat' dir='ltr'>tulitque</span> <span class='ocrx_word' id='word_1_242' title='bbox 492 3453 660 3515; x_wconf 87' lang='lat' dir='ltr'>adsensum</span> <span class='ocrx_word' id='word_1_243' title='bbox 685 3460 717 3515; x_wconf 91' lang='lat' dir='ltr'>et</span> <span class='ocrx_word' id='word_1_244' title='bbox 740 3452 912 3516; x_wconf 85' lang='lat' dir='ltr'>Schmidtii</span> <span class='ocrx_word' id='word_1_245' title='bbox 936 3461 968 3516; x_wconf 90' lang='lat' dir='ltr'>ct</span> <span class='ocrx_word' id='word_1_246' title='bbox 991 3452 1149 3518; x_wconf 88' lang='lat' dir='ltr'>Diudorfii</span> <span class='ocrx_word' id='word_1_247' title='bbox 1174 3457 1220 3518; x_wconf 91' lang='lat' dir='ltr'>sic</span> <span class='ocrx_word' id='word_1_248' title='bbox 1243 3454 1334 3536; x_wconf 90' lang='lat' dir='ltr'>dispu-</span> 
     </span>
     <span class='ocr_line' id='line_1_31' title="bbox 158 3556 1334 3643; baseline -0.003 -21"><span class='ocrx_word' id='word_1_249' title='bbox 158 3561 270 3622; x_wconf 88' lang='lat' dir='ltr'>tantis:</span> <span class='ocrx_word' id='word_1_250' title='bbox 309 3556 421 3632; x_wconf 91' lang='lat' dir='ltr'>„Hanc</span> <span class='ocrx_word' id='word_1_251' title='bbox 450 3560 663 3641; x_wconf 84' lang='lat' dir='ltr'>conjecturem</span> <span class='ocrx_word' id='word_1_252' title='bbox 689 3559 913 3622; x_wconf 90' lang='lat' dir='ltr'>commendant</span> <span class='ocrx_word' id='word_1_253' title='bbox 936 3560 1032 3623; x_wconf 86' lang='lat' dir='ltr'>verba</span> <span class='ocrx_word' id='word_1_254' title='bbox 1057 3565 1208 3643; x_wconf 88' lang='lat' dir='ltr'>corrupta</span> <span class='ocrx_word' id='word_1_255' title='bbox 1232 3563 1264 3623; x_wconf 91' lang='lat' dir='ltr'>in</span> <span class='ocrx_word' id='word_1_256' title='bbox 1286 3556 1334 3620; x_wconf 89' lang='lat' dir='ltr'>fine</span> 
     </span>
     <span class='ocr_line' id='line_1_32' title="bbox 157 3665 1335 3748; baseline -0.005 -19"><span class='ocrx_word' id='word_1_257' title='bbox 157 3665 269 3729; x_wconf 91' lang='lat' dir='ltr'>scholii</span> <span class='ocrx_word' id='word_1_258' title='bbox 305 3665 357 3726; x_wconf 76' lang='grc' dir='ltr'><strong><em>καὶ</em></strong></span> <span class='ocrx_word' id='word_1_259' title='bbox 390 3665 622 3740; x_wconf 72' lang='grc' dir='ltr'><strong><em>γαρ-κρήνην,</em></strong></span> <span class='ocrx_word' id='word_1_260' title='bbox 655 3686 734 3747; x_wconf 82' lang='lat' dir='ltr'>quae</span> <span class='ocrx_word' id='word_1_261' title='bbox 766 3666 880 3728; x_wconf 87' lang='lat' dir='ltr'>absunt</span> <span class='ocrx_word' id='word_1_262' title='bbox 911 3665 999 3743; x_wconf 74' lang='lat' dir='ltr'>aQ,</span> <span class='ocrx_word' id='word_1_263' title='bbox 1026 3686 1064 3728; x_wconf 82' lang='lat' dir='ltr'>ex</span> <span class='ocrx_word' id='word_1_264' title='bbox 1088 3665 1122 3728; x_wconf 90' lang='lat' dir='ltr'><strong>H</strong></span> <span class='ocrx_word' id='word_1_265' title='bbox 1148 3675 1255 3730; x_wconf 86' lang='lat' dir='ltr'>autem</span> <span class='ocrx_word' id='word_1_266' title='bbox 1278 3671 1335 3748; x_wconf 82' lang='lat' dir='ltr'>post</span> 
     </span>
     <span class='ocr_line' id='line_1_33' title="bbox 159 3770 1334 3836; baseline -0.004 0"><span class='ocrx_word' id='word_1_267' title='bbox 159 3772 346 3836; x_wconf 87' lang='lat' dir='ltr'>Buttmauni</span> <span class='ocrx_word' id='word_1_268' title='bbox 379 3772 509 3834; x_wconf 91' lang='lat' dir='ltr'>demum</span> <span class='ocrx_word' id='word_1_269' title='bbox 542 3771 714 3834; x_wconf 91' lang='lat' dir='ltr'>editionem</span> <span class='ocrx_word' id='word_1_270' title='bbox 746 3772 784 3833; x_wconf 86' lang='lat' dir='ltr'>ab</span> <span class='ocrx_word' id='word_1_271' title='bbox 816 3770 963 3835; x_wconf 83' lang='lat' dir='ltr'>Cramero</span> <span class='ocrx_word' id='word_1_272' title='bbox 988 3773 1072 3835; x_wconf 87' lang='lat' dir='ltr'>edita</span> <span class='ocrx_word' id='word_1_273' title='bbox 1097 3773 1207 3836; x_wconf 62' lang='lat' dir='ltr'>sunt*</span> <span class='ocrx_word' id='word_1_274' title='bbox 1255 3773 1334 3836; x_wconf 78' lang='lat' dir='ltr'>Bne</span> 
     </span>
     <span class='ocr_line' id='line_1_34' title="bbox 159 3879 1334 3961; baseline -0.002 -19"><span class='ocrx_word' id='word_1_275' title='bbox 159 3899 310 3952; x_wconf 90' lang='lat' dir='ltr'>mannus,</span> <span class='ocrx_word' id='word_1_276' title='bbox 332 3890 367 3939; x_wconf 84' lang='lat' dir='ltr'>ut</span> <span class='ocrx_word' id='word_1_277' title='bbox 387 3899 525 3960; x_wconf 81' lang='lat' dir='ltr'>semper,</span> <span class='ocrx_word' id='word_1_278' title='bbox 547 3898 672 3940; x_wconf 85' lang='lat' dir='ltr'>sensum</span> <span class='ocrx_word' id='word_1_279' title='bbox 695 3885 913 3959; x_wconf 90' lang='lat' dir='ltr'>corruptorum</span> <span class='ocrx_word' id='word_1_280' title='bbox 937 3880 1107 3941; x_wconf 87' lang='lat' dir='ltr'>verborum</span> <span class='ocrx_word' id='word_1_281' title='bbox 1130 3879 1334 3961; x_wconf 83' lang='lat' dir='ltr'>optimeadse</span> 
     </span>
     <span class='ocr_line' id='line_1_35' title="bbox 159 3983 1335 4067; baseline -0.003 -18"><span class='ocrx_word' id='word_1_282' title='bbox 159 3992 251 4049; x_wconf 89' lang='lat' dir='ltr'>cutus</span> <span class='ocrx_word' id='word_1_283' title='bbox 277 3992 332 4046; x_wconf 87' lang='lat' dir='ltr'>est.</span> <span class='ocrx_word' id='word_1_284' title='bbox 375 3983 419 4046; x_wconf 86' lang='lat' dir='ltr'>At</span> <span class='ocrx_word' id='word_1_285' title='bbox 445 4005 518 4047; x_wconf 89' lang='lat' dir='ltr'>vero</span> <span class='ocrx_word' id='word_1_286' title='bbox 542 4006 580 4046; x_wconf 81' lang='lat' dir='ltr'>er</span> <span class='ocrx_word' id='word_1_287' title='bbox 602 4007 702 4061; x_wconf 80' lang='grc' dir='ltr'><strong><em>υτεριν</em></strong></span> <span class='ocrx_word' id='word_1_288' title='bbox 726 3986 929 4066; x_wconf 87' lang='lat' dir='ltr'>aptissimum</span> <span class='ocrx_word' id='word_1_289' title='bbox 955 3988 1157 4067; x_wconf 88' lang='lat' dir='ltr'>caeteroquin</span> <span class='ocrx_word' id='word_1_290' title='bbox 1177 3985 1335 4049; x_wconf 83' lang='lat' dir='ltr'>sententiae</span> 
     </span>
     <span class='ocr_line' id='line_1_36' title="bbox 160 4087 1335 4172; baseline -0.004 -19"><span class='ocrx_word' id='word_1_291' title='bbox 160 4091 287 4166; x_wconf 68' lang='grc' dir='ltr'><strong><em>περισσή</em></strong></span> <span class='ocrx_word' id='word_1_292' title='bbox 320 4094 405 4152; x_wconf 85' lang='lat' dir='ltr'>nasci</span> <span class='ocrx_word' id='word_1_293' title='bbox 431 4111 519 4172; x_wconf 87' lang='lat' dir='ltr'>posse</span> <span class='ocrx_word' id='word_1_294' title='bbox 543 4092 612 4172; x_wconf 90' lang='lat' dir='ltr'>quis</span> <span class='ocrx_word' id='word_1_295' title='bbox 636 4091 698 4153; x_wconf 88' lang='lat' dir='ltr'>sibi</span> <span class='ocrx_word' id='word_1_296' title='bbox 722 4090 931 4172; x_wconf 71' lang='lat' dir='ltr'>persuadeat?</span> <span class='ocrx_word' id='word_1_297' title='bbox 956 4089 1043 4153; x_wconf 92' lang='lat' dir='ltr'>Idem</span> <span class='ocrx_word' id='word_1_298' title='bbox 1071 4097 1154 4154; x_wconf 90' lang='lat' dir='ltr'>nuric</span> <span class='ocrx_word' id='word_1_299' title='bbox 1179 4092 1283 4155; x_wconf 91' lang='lat' dir='ltr'>iudico</span> <span class='ocrx_word' id='word_1_300' title='bbox 1305 4087 1335 4150; x_wconf 92' lang='lat' dir='ltr'>dc</span> 
     </span>
     <span class='ocr_line' id='line_1_37' title="bbox 160 4194 1335 4279; baseline -0.002 -21"><span class='ocrx_word' id='word_1_301' title='bbox 160 4216 231 4258; x_wconf 84' lang='lat' dir='ltr'>meu</span> <span class='ocrx_word' id='word_1_302' title='bbox 254 4197 449 4271; x_wconf 88' lang='lat' dir='ltr'>coniectura,</span> <span class='ocrx_word' id='word_1_303' title='bbox 474 4217 536 4279; x_wconf 91' lang='lat' dir='ltr'>qua</span> <span class='ocrx_word' id='word_1_304' title='bbox 560 4196 637 4259; x_wconf 89' lang='lat' dir='ltr'>olim</span> <span class='ocrx_word' id='word_1_305' title='bbox 663 4218 700 4259; x_wconf 80' lang='lat' dir='ltr'>ex</span> <span class='ocrx_word' id='word_1_306' title='bbox 726 4220 824 4272; x_wconf 82' lang='grc' dir='ltr'><strong><em>ντερον</em></strong></span> <span class='ocrx_word' id='word_1_307' title='bbox 850 4197 945 4259; x_wconf 89' lang='lat' dir='ltr'>verba</span> <span class='ocrx_word' id='word_1_308' title='bbox 968 4197 1018 4259; x_wconf 79' lang='grc' dir='ltr'><strong><em>δια</em></strong></span> <span class='ocrx_word' id='word_1_309' title='bbox 1044 4197 1078 4258; x_wconf 84' lang='grc' dir='ltr'>τὸ</span> <span class='ocrx_word' id='word_1_310' title='bbox 1099 4197 1210 4272; x_wconf 79' lang='grc' dir='ltr'><strong><em>μέτρον</em></strong></span> <span class='ocrx_word' id='word_1_311' title='bbox 1231 4194 1335 4261; x_wconf 81' lang='lat' dir='ltr'>exscul-</span> 
     </span>
     <span class='ocr_line' id='line_1_38' title="bbox 160 4300 1335 4393; baseline 0.005 -29"><span class='ocrx_word' id='word_1_312' title='bbox 160 4300 285 4387; x_wconf 79' lang='lat' dir='ltr'>pebaur.</span> <span class='ocrx_word' id='word_1_313' title='bbox 333 4300 402 4364; x_wconf 90' lang='lat' dir='ltr'>Non</span> <span class='ocrx_word' id='word_1_314' title='bbox 428 4313 522 4393; x_wconf 86' lang='lat' dir='ltr'>tanto</span> <span class='ocrx_word' id='word_1_315' title='bbox 540 4302 704 4365; x_wconf 88' lang='lat' dir='ltr'>molimine</span> <span class='ocrx_word' id='word_1_316' title='bbox 729 4322 807 4386; x_wconf 87' lang='lat' dir='ltr'>opus</span> <span class='ocrx_word' id='word_1_317' title='bbox 831 4308 886 4365; x_wconf 73' lang='lat' dir='ltr'>est,</span> <span class='ocrx_word' id='word_1_318' title='bbox 935 4302 1108 4366; x_wconf 89' lang='lat' dir='ltr'>Numerale</span> <span class='ocrx_word' id='word_1_319' title='bbox 1134 4306 1335 4370; x_wconf 80' lang='lat' dir='ltr'>servabimus,</span> 
     </span>
    </p>
   </div>
   <div class='ocr_carea' id='block_1_5' title="bbox 0 0 1514 4950">
    <p class='ocr_par' dir='ltr' id='par_1_5' title="bbox 0 0 1514 4950">
     <span class='ocr_line' id='line_1_39' title="bbox 0 0 1514 4950; baseline 0 0"><span class='ocrx_word' id='word_1_320' title='bbox 0 0 1514 4950; x_wconf 95' lang='lat' dir='ltr'> </span> 
     </span>
    </p>
   </div>
  </div>
 </body>
</html>
