2978 4950
637 273 700 339 145

118 490 156 549 y,
181 460 256 529 332.
288 460 426 550 Magnas
456 467 743 550 grammaticorum
776 471 808 530 et
830 472 976 531 veterum
1001 471 1033 529 et
1055 470 1263 534 recentiorum

65 574 287 640 contentiones
315 571 470 635 excitavit
498 569 582 654 quod
605 570 722 636 Nestor
744 571 837 637 dicit:
863 573 938 636 ἀλλ’
963 570 1025 650 aye
1049 572 1185 649 τθμνετε
1209 575 1266 649 μὲν

68 681 240 761 γλώσσας,
274 676 424 756 ιιεροθοισθε
448 675 479 740 u
504 671 587 740 οἶνον.
634 675 696 756 Qui
721 699 792 746 mos
815 681 861 743 ita
885 678 1052 762 exponitur
1075 681 1108 742 in
1132 677 1179 742 V:
1204 679 1266 750 ἔθος

67 784 106 862 ἦν
147 785 334 865 τρεπομένοις
365 782 438 861 πρὸς
470 781 504 845 πθ
536 782 690 848 καθεύδειν
714 792 771 849 τῶν
796 786 914 863 θερεθοιν
930 786 989 853 τοὶς
1012 785 1160 861 γλώσσας
1185 787 1264 850 οὶπο-

70 891 195 969 τέμνειν
230 889 283 955 aa>
320 892 416 954 ιιοιθειν
448 896 510 960 τοῖς
541 888 615 959 θεοῖς
646 899 730 962 τοῖς
760 889 885 967 λόγου
916 892 976 975 (ita
1006 912 1045 956 ex
1074 889 1264 957 Buttmanui

70 998 275 1083 consotiona)
309 996 637 1074 ἐπιμελομένοις.
671 996 713 1062 art
746 999 797 1062 ιιοοὶ
831 999 880 1063 ἐπὶ
909 999 1002 1073 μθνοις
1034 1005 1088 1072 τῆς
1112 999 1262 1078 Νέστορος

72 1106 181 1176 θυσθος
204 1104 321 1183 εθριρτοιι
341 1104 376 1167 τὸ
398 1104 470 1175 ἔθος.
493 1105 595 1177 εὔηθες
616 1104 679 1184 ydra
699 1104 733 1168 τὸ
754 1106 874 1182 λέγειν,
896 1104 1030 1180 σθντεμε
1050 1107 1120 1176 τοὺς
1142 1103 1263 1183 λόγους.

74 1211 131 1276 sd
162 1216 232 1277 haec
261 1211 359 1276 verba
390 1209 606 1275 Buttmannus
630 1216 662 1277 et
682 1210 868 1301 ‚Dindorfius
893 1211 1073 1277 Heinrichii
1098 1213 1266 1278 cuiusdam

73 1316 222 1384 adsemnt
240 1323 349 1383 notam
362 1316 495 1382 hancce:
512 1318 628 1394 „verba
640 1327 701 1389 τοῖς
717 1318 810 1397 λόγον
823 1318 1053 1396 ἐπιμελομένοις
1066 1339 1127 1383 non
1141 1319 1178 1384 ad
1192 1319 1276 1384 deos·

74 1426 248 1508 pertinere,
280 1424 336 1490 sed
366 1423 531 1489 cohaerere
557 1426 647 1495 ’Ἔθις
677 1421 710 1498 ἦν
734 1435 796 1495 τοῖς
820 1426 917 1502 λθνον
940 1424 1173 1502 ἐπιμελομένοις
1198 1447 1286 1496 cer-,

74 1528 235 1620 tissimum
269 1535 318 1596 ast
349 1536 419 1595 tum
452 1551 491 1595 ex
514 1534 686 1608 sententia,
711 1539 781 1597 tum
807 1554 845 1598 ex
869 1553 904 1598 eo
929 1532 1011 1616 quod
1035 1534 1198 1617 sequitur,
1222 1532 1264 1601 aa

73 1634 130 1698 aa>
160 1644 232 1704 ota:
264 1643 302 1703 ut
333 1658 406 1703 sane
437 1637 571 1714 melius,
602 1641 750 1723 quamvis
774 1637 826 1704 vel
849 1643 894 1704 sic
916 1659 978 1704 non
1003 1642 1141 1723 optime,
1166 1646 1267 1706 strue·

71 1748 185 1809 centn
204 1745 249 1810 sic
273 1745 386 1810 verba:
409 1745 500 1814 Ἔθος
524 1741 557 1818 ἦν
578 1752 640 1816 τοῖς
662 1761 693 1810 λ.
717 1746 967 1823 ἐπιμελομένοις,
989 1745 1182 1823 τρεπομένοις
1194 1745 1265 1810 -”.

69 1840 179 1916 Verba
199 1859 262 1924 τοῖς
287 1849 382 1928 λέγον
406 1850 635 1928 ἐπιμελομένοις
658 1871 720 1917 non
745 1853 784 1917 ad
808 1851 882 1918 deos
901 1855 1055 1938 pertinere
1073 1855 1100 1915 si
1120 1872 1176 1937 pro
1197 1856 1265 1916 uni·

10 2014 12 2037 ,
68 1970 168 2022 veras
195 1960 404 2043 interpretum
430 1960 589 2023 sententia
611 1959 725 2024 habuit
747 1958 971 2035 Heinrichius,
997 1957 1129 2023 fallitur.
1155 1958 1266 2024 Fuisse

64 2061 181 2148 enim,
215 2066 271 2150 qni
304 2064 449 2130 Nestoris
482 2066 581 2128 ritum
611 2065 670 2131 hoc
693 2067 762 2150 ipso
785 2067 880 2131 modo
904 2070 1111 2150 exponerent,
1136 2071 1266 2150 apparet

10 2168 14 2179 '
62 2166 92 2224 tt
145 2190 178 2235 ex
199 2169 325 2236 Scholia
348 2172 383 2234 in
406 2169 451 2243 u,
477 2169 683 2257 ePorphyrii
708 2172 923 2258 disputatione
947 2170 1137 2255 quibusdam
1162 2176 1267 2235 tamen

59 2278 270 2342 extrinsecus
293 2276 422 2341 adscitis
439 2286 602 2360 excerpto,
625 2277 707 2361 quod
729 2279 751 2341 i.
769 2299 796 2342 a.
818 2283 849 2342 et
868 2278 927 2342 hoo
945 2277 1057 2341 habet:
1081 2277 1140 2345 τοὶς
1165 2276 1266 2353 esdr·

57 2395 141 2451 ’ῦς
161 2384 220 2462 νθιρ
241 2384 284 2464 τῷ
305 2385 402 2463 Ἐρμῇ
424 2383 576 2447 οένετθθουν
599 2386 636 2452 ὡς
662 2386 760 2463 ε’Φθρῳ
783 2388 836 2448 τοῦ
859 2382 973 2468 λόγου,
998 2388 1030 2448 et
1054 2405 1092 2448 ex
1117 2385 1268 2468 interpre-

56 2480 166 2555 tibus
196 2491 236 2556 ad
267 2490 488 2576 Aristophanis
519 2489 652 2555 Plutum
686 2512 733 2556 vs.
768 2490 868 2556 lllO:
895 2491 911 2563 ἧ
936 2491 1070 2567 ysam
1095 2491 1135 2569 τῷ
1160 2489 1264 2568 κήρυκι

56 2592 189 2661 Τούτων
216 2596 382 2673 τέμνεται,
414 2597 467 2660 ubi
492 2598 513 2660 i.
538 2617 566 2661 a.
591 2596 748 2683 legimus:
774 2597 1009 2676 Κοιλλθττροιτος
1036 2601 1093 2660 τῶν
1118 2594 1265 2673 θυομένων

56 2697 158 2770 Φησὶ
189 2704 247 2777 τθις
283 2701 431 2781 andacer
466 2711 529 2775 τοῖς
566 2701 685 2783 κήρυξιν
724 2704 949 2780 οὶπονέμεσθοιι·
985 2701 1044 2767 διὸ
1088 2703 1157 2766 κοιὶ
1199 2701 1265 2765 τὸν

56 2811 245 2884 rorarios
289 2811 338 2890 τῷ
382 2793 501 2889 Ἑρμῇ
538 2820 669 2874 ποιεῖν
705 2811 963 2886 τεμνομένους
1000 2809 1149 2890 adroic,
1185 2828 1265 2893 quae

57 2921 219 2981 nostrum
243 2915 404 3003 Odysseae
427 2915 533 2980 locum
558 2920 711 3001 respicere
735 2920 799 2982 iam
825 2917 991 2982 adnotavit
1013 2915 1188 2990 Kiisterus‚
1214 2922 1264 2989 et,

59 3021 165 3096 quod
196 3043 263 3087 rem
295 3019 433 3098 conficit,
466 3043 504 3087 ox
531 3022 631 3108 ipsius
655 3022 773 3088 Scholii
797 3022 929 3110 Vulgati
954 3020 1006 3105 (V)
1034 3018 1109 3097 fine,
1134 3021 1264 3097 λέγεται

62 3118 97 3183 l?
143 3126 276 3194 ’Λττιιιθν
300 3123 432 3194 εἶναιτὸ
455 3128 516 3197 ἔθος
536 3130 638 3205 λαβὸν
658 3132 713 3201 τὴν
736 3131 836 3210 ἀρχὴν
859 3130 1004 3204 ἐντεῦθεν,
1025 3127 1108 3213 quod
1130 3127 1179 3191 vel
1200 3129 1267 3192 sine

67 3224 256 3301 Heinnctii
288 3234 497 3321 explicatione
528 3235 706 3323 significare
739 3243 885 3322 apparet:
922 3237 1031 3318 „hinc‚
1058 3256 1096 3297 ex
1120 3233 1179 3296 hoo
1203 3237 1267 3296 ritu

10 3388 13 3431 Ε
68 3332 248 3420 Nesnns’,
273 3364 310 3409 ac
332 3342 449 3406 melius
469 3342 593 3407 iecisset
612 3342 817 3407 Heinriohius
837 3346 864 3407 si
876 3343 927 3406 hia
940 3343 1045 3407 verbis
1058 3360 1077 3404 a
1089 3338 1268 3404 Scholiasta

73 3452 186 3514 nostro
205 3470 325 3516 morem
342 3448 493 3520 in,Pluto
513 3449 689 3514 indicatum
710 3451 823 3535 respici
844 3446 1061 3536 significasset.
1086 3445 1146 3510 Sed
1160 3448 1268 3511 missis

76 3542 155 3634 his,
180 3557 236 3621 hoc
267 3576 381 3621 vemm
412 3561 475 3631 est,
510 3557 543 3620 in
574 3558 677 3640 priore
709 3577 743 3621 ac
771 3558 896 3641 potiore
919 3553 1040 3619 Scholii
1064 3574 1102 3618 ex
1126 3551 1157 3614 V
1180 3557 1269 3635 parte

57 3644 60 3649 ¹
83 3661 204 3727 nonde
226 3663 286 3729 diis
310 3682 486 3726 sermonem
511 3683 577 3726 esse
601 3662 655 3727 sed
677 3663 715 3727 de
738 3663 923 3728 hominibus
942 3660 1103 3736 facundis,
1123 3665 1269 3741 recteque

86 3771 236 3834 monuisse
260 3768 502 3845 Heinrichium,
529 3768 562 3832 id
585 3768 638 3833 vel
659 3770 763 3833 verbis
783 3769 825 3833 aa
846 3791 872 3830 ιι.
897 3769 946 3830 ἐπὶ
961 3767 1051 3842 μόνης
1066 3791 1095 3829 τ.
1118 3764 1268 3843 Νέστορος

92 3863 188 3944 θυσίας
216 3877 332 3957 siparum
364 3879 397 3938 τὸ
429 3875 491 3946 ἔθος
523 3879 600 3940 satis
631 3874 792 3940 declarari.
841 3873 931 3955 Quod
964 3875 991 3937 ai
1022 3877 1068 3937 ita
1103 3879 1167 3951 est,
1204 3877 1267 3944 τοῖς

10 4025 15 4037 ·
96 3967 163 4047 θῑθῖι
181 3993 239 4054 τοῖς
265 3981 360 4061 λθνον
384 3983 628 4059 ἐπιμελομένοις,
655 4002 735 4065 quae
758 3982 855 4049 verba
875 3979 979 4064 quivis
996 3979 1079 4044 inter
1095 3979 1269 4067 legendum

10 4118 16 4130 ·
98 4084 251 4177 coniungat
282 4110 356 4155 cum
390 4090 609 4175 coniungenda
641 4109 702 4153 non
735 4090 817 4171 sint,
848 4090 894 4151 sic
925 4107 963 4150 ne
996 4084 1035 4149 ab
1056 4085 1269 4151 infantissimo
1320 4159 1323 4166 ,

10 4211 20 4250 ¹
74 4164 213 4261 'quidem
241 4197 392 4282 scriptore
423 4216 459 4260 ac
490 4195 581 4280 plane
614 4193 731 4259 Graece
760 4194 957 4259 balbutiente
988 4192 1063 4275 poni
1086 4197 1269 4275 potuerunt.

10 4316 20 4353 ε
105 4281 254 4368 llilttsmus
277 4324 362 4368 nunc
385 4303 461 4386 quid
484 4301 605 4366 codices
630 4304 809 4386 praebcant.
842 4297 1032 4364 Bodleianus
1058 4294 1271 4386 vulgatorum
1299 4292 1301 4296 ⁴

109 4388 197 4470 oilex
224 4408 275 4494 (Ο)
307 4409 362 4474 dat
394 4409 464 4482 τοὺς
495 4409 606 4486 λθγον,
631 4407 747 4472 Aldina
771 4405 867 4473 editio
897 4405 966 4477 τοὺς
988 4402 1117 4480 λόγους,
1138 4410 1271 4490 uterque

1097 4525 1128 4575 10
