2978 4950
665 199 707 276 st

112 416 188 463 versu
209 396 368 486 Odysseae
392 403 475 464 stare
499 401 607 484 pessit,
631 402 664 463 in
688 406 762 465 nota
781 400 820 465 ad
841 400 1014 486 Odysseam
1036 399 1069 471 δ,
1092 397 1166 476 692,
1189 401 1279 464 euius

107 524 189 569 eausa
205 504 282 570 haee
301 508 409 570 omnia
425 504 612 588 attulimus,
633 508 761 571 omnino
780 489 964 590 perversum
985 507 1039 569 sit.
1065 505 1149 568 Fieri
1170 514 1278 569 tamen

102 616 212 696 potest,
236 617 273 675 ut
303 611 390 688 πρὸς,
421 611 503 695 quod
535 609 590 674 BP
622 612 791 695 praebent,
822 611 971 676 relietum
1002 613 1044 675 sit
1076 632 1115 675 ex
1139 610 1279 696 pleniore

100 717 228 782 dictione
252 719 269 792 ή
294 717 326 782 δὲ
348 719 493 796 οἰνοφορὰ
517 717 589 796 πρὸς
615 720 648 781 τὸ
673 735 744 782 κτλ.
769 717 831 783 Sed
855 725 887 783 et
910 718 968 783 hoo
992 717 1094 783 multo
1124 720 1275 782 incertius

10 884 15 895 ,
98 825 165 898 est,
191 829 221 887 et
251 826 330 888 satis
359 823 481 888 habebo
512 825 539 887 si
570 825 759 908 probavero,
787 844 843 889 nee
866 825 960 903 πρὸς
985 824 1019 887 τὸ
1043 844 1105 890 non
1128 830 1276 909 sequente

10 914 12 929 '
95 925 151 991 ὅτι
165 934 191 992 et
210 928 314 996 multo
336 932 442 994 minus
467 929 535 993 sai
560 931 638 994 bene
661 930 783 995 habere.

10 1028 13 1033 ’
150 1033 183 1098 lit
202 1036 246 1100 sio
269 1037 309 1101 ad
333 1056 385 1102 eos
408 1036 492 1102 looos
515 1037 604 1101 nobis
628 1040 779 1101 transitus
802 1037 904 1102 faetus
928 1043 992 1109 est,
1017 1038 1072 1101 ubi
1096 1043 1152 1102 aut
1175 1039 1273 1125 sigla,

95 1158 163 1222 qua
190 1144 227 1216 ως
256 1143 435 1226 indicatur,
467 1143 596 1208 confusa
627 1149 674 1208 est
705 1165 778 1207 eum
811 1143 979 1208 simillima
1003 1144 1069 1207 νοοὶ
1093 1145 1268 1221 indicante,

95 1252 157 1308 aut
174 1251 383 1314 necessarium
405 1252 444 1320 ὥς
468 1250 507 1314 ob
531 1249 608 1314 alias
631 1270 740 1315 causas
764 1250 968 1315 desideretur.
1010 1250 1114 1337 Igitur
1137 1254 1174 1323 ὡς
1200 1255 1276 1317 seri·

94 1345 230 1418 bendum
253 1361 316 1419 -est
351 1356 376 1427 ό.
404 1353 464 1419 48;
499 1355 533 1418 τό
568 1355 752 1434 „aprutinae”
778 1356 845 1441 (ὡς)
871 1356 942 1433 πρὸς
965 1358 1035 1427 τοὺς
1060 1356 1119 1422 δύο.
1148 1358 1206 1444 (Η)
1233 1398 1274 1408 -

91 1453 129 1527 0,
157 1457 218 1524 100
253 1459 441 1548 Porphyrii:
479 1461 529 1525 διόο
564 1463 596 1525 σι’
629 1463 655 1526 οἱ
691 1463 827 1533 Φοοόοοκες
861 1463 1066 1541 εὐωχηθέντες
1100 1463 1276 1545 ἠγωνίζοντο

87 1567 239 1635 marato
270 1571 397 1644 ύγῶνοι,
427 1566 532 1645 δρόμον
556 1568 608 1631 κού
634 1562 769 1644 διὀιυλον,
795 1567 846 1631 sai
871 1570 903 1632 ού
928 1571 982 1643 τήν
1007 1570 1108 1642 ἄλλοιν
1132 1568 1275 1650 aidanum

85 1680 303 1745 Μντελῶς
340 1674 402 1754 γὰρ
426 1672 545 1738 οὶντόνων
569 1675 726 1754 οὶνόρύττων
750 1679 853 1738 τοῦτον
878 1675 969 1752 (haec
992 1677 1025 1739 in
1051 1675 1077 1755 Q
1101 1679 1146 1742 sic
1170 1677 1278 1763 depra-

81 1779 184 1844 Vttu:
208 1784 297 1845 τοῦτο
321 1780 384 1858 γόορ
408 1787 465 1845 τῶν
488 1787 680 1853 οτοολοοιῶς
707 1779 742 1867 (ό)
767 1781 886 1846 οὶτόνων
910 1782 1014 1867 ἐστίν).
1040 1783 1108 1854 ἴσως
1135 1783 1180 1860 δέ,
1207 1786 1239 1869 (ὦ
1249 1788 1278 1871 ς)

77 1873 244 1954 &paderna
266 1894 339 1957 σοῖς
372 1886 453 1960 ήόεσι
484 1886 547 1951 δέον
579 1895 684 1962 ποιεῖν,
715 1887 818 1963 ε’τειδή
842 1888 971 1964 μίμησις
998 1891 1013 1962 ή
1039 1888 1175 1966 τοόήσις,
1200 1889 1276 1956 οὕτω

74 1993 267 2065 vexarem.
289 1991 414 2079 (EQD)
439 1993 589 2058 Proxime
612 2015 687 2059 vero
711 1994 806 2059 habet
830 1993 874 2059 D:
899 1993 967 2066 ἴσως
989 1995 1019 2058 δὲ
1040 1997 1105 2060 aa}
1127 1998 1278 2075 οὶρμόττον

68 2098 263 2182 emesena,
301 2102 367 2164 iam
402 2099 495 2184 plane
528 2120 713 2184 perversum
746 2100 789 2180 Q:
825 2100 896 2172 ἴσως
922 2100 954 2166 δὲ
979 2101 1041 2165 δέον
1065 2104 1099 2167 τὸ
1124 2104 1276 2180 ἁρμόττον

66 2200 145 2268 τοῖς
190 2207 272 2281 ήύεσι
310 2206 376 2270 καὶ
412 2214 506 2269 ποιεῖν
537 2222 623 2290 κτλ,
655 2209 745 2271 euius
778 2210 891 2272 erroris
922 2210 1010 2294 origo
1033 2210 1067 2272 in
1091 2212 1196 2294 aprico
1220 2220 1276 2278 est.

63 2290 214 2397 Nssmpe
248 2313 352 2378 sariba
386 2314 517 2378 verbum
555 2322 650 2377 τοιεῑν
681 2314 733 2378 hie
755 2316 866 2398 faeere
897 2314 1002 2379 valere
1032 2322 1120 2381 ratus
1152 2325 1206 2383 est.
1235 2359 1275 2369 —-

60 2419 72 2456 ¹
80 2447 91 2473 s
128 2410 205 2482 25:
231 2420 266 2482 τό
290 2417 321 2482 δὲ
350 2420 440 2501 »πρὸς
465 2420 579 2499 ζόφον”
606 2420 658 2504 (de
681 2419 790 2485 Ithaca
813 2420 949 2505 dietum)
969 2425 1008 2486 ού
1028 2422 1100 2501 τρός
1119 2423 1276 2503 σύγκοιτον

57 2513 139 2576 ⁷5⁹
184 2527 350 2606 λεχθεισῶν
385 2528 477 2600 νήσων
514 2526 649 2608 rignum,
683 2526 751 2589 ἕτεό
781 2526 844 2589 ἐστι
879 2527 1061 2608 δυτικωτέροι
1094 2531 1111 2604 ή
1136 2534 1277 2597 Σικελόοο.

55 2608 184 2718 (BQ.)
206 2631 270 2697 Res
292 2635 362 2717 ipss
382 2643 414 2697 et
436 2631 569 2697 Homeri
588 2633 684 2697 verba
703 2638 830 2697 tantum
849 2653 911 2697 non
931 2633 1085 2712 clamant,
1108 2636 1161 2701 hio
1182 2640 1277 2724 serip-

56 2717 161 2798 tum
197 2738 313 2822 fuisse,
341 2759 402 2804 non
438 2740 478 2803 ού
509 2740 581 2818 πρὸς
610 2762 638 2801 σ.
672 2737 726 2802 sed
748 2759 874 2823 prorsus
898 2743 1107 2805 eontrarium:
1132 2745 1178 2811 ὡς
1203 2745 1274 2819 πρὸς

56 2827 248 2924 σύγκρισιν
280 2852 339 2908 τῶν
361 2847 526 2924 λεχθεισῶν
551 2846 655 2919 νήσων.
703 2845 741 2908 In
766 2851 945 2910 transcursu
970 2847 1110 2910 eiusdem
1135 2845 1274 2925 Scholii,

57 2941 174 3016 qnod
204 2951 376 3038 Porphyrii
401 2972 466 3016 esse
487 2951 631 3034 videtur,
656 2953 786 3015 initium
816 2954 990 3039 corrigam:
1014 2959 1075 3022 πῶς
1100 2954 1275 3033 octauam

59 3053 155 3128 *dre
178 3056 416 3138 τοινωτερτύτν;
443 3059 459 3131 ή
485 3059 515 3122 δὲ
536 3057 693 3138 σύγκρισις
715 3057 732 3133 ή
751 3060 822 3137 πρὸς
849 3060 908 3129 τοὶς
936 3059 1041 3130 ἄλλοις
1066 3059 1169 3134 νήσους
1195 3071 1278 3127 σοιεῖ

63 3159 365 3242 οἰύτήνηέγεσόοιι
397 3166 587 3248 χύοομωλήν,
618 3167 696 3239 οιύτή
729 3165 759 3230 δὲ
791 3168 877 3229 κοτ’
908 3165 1004 3238 οιύτήν
1035 3168 1079 3242 μή
1103 3166 1273 3242 οὶντιξετοι-

60 3238 197 3346 ζυμόνή
233 3273 306 3349 πρὸς
340 3269 448 3347 Σύριον
479 3271 530 3334 κού
563 3271 712 3335 Ζύκυνύον
749 3272 852 3350 ὑψηλή
894 3272 984 3335 ἐστιν.
1040 3272 1143 3337 Nemo
1181 3275 1272 3339 oredo

62 3366 171 3442 larini
200 3379 393 3465 repugnabit
418 3376 590 3464 legendum
623 3397 688 3441 esse
712 3376 931 3440 contendenti:
957 3379 974 3451 ή
999 3379 1029 3441 δὲ
1053 3379 1210 3459 σύγκρισις
1236 3388 1272 3444 ‘H
1304 3423 1306 3427 .

60 3482 161 3562 ἶἱρός
197 3508 227 3547 τ.
266 3482 369 3556 ἄλλοις
406 3483 527 3560 νήσους,
565 3489 613 3546 et:
649 3484 727 3555 οούτή
759 3483 789 3547 δὲ
822 3485 904 3546 καθ’
939 3485 1045 3557 αὑτήν.
1071 3523 1112 3533 -
1138 3511 1161 3562 ι,
1191 3484 1273 3550 196:

63 3590 210 3663 elstrae
247 3590 313 3654 κωὶ
349 3593 419 3668 πρὸς
453 3589 600 3666 τοιμένοος
632 3591 729 3654 ύτιὼν
760 3588 886 3670 ύλφιτοο
921 3591 971 3654 axi
1008 3586 1080 3655 οἶνον
1105 3592 1272 3672 βιστύζει.

59 3671 211 3761 hmo:
236 3699 282 3768 ὥς
307 3695 378 3773 πρὸς
404 3695 551 3773 ποιμένος
575 3698 680 3760 οὶοτιύν.
705 3733 745 3744 -
766 3720 794 3767 ι,
820 3694 901 3759 403;
927 3697 1116 3778 Πολύφημετ
1142 3702 1273 3764 ε’ντοοῦύοο

64 3805 122 3866 ’τὸ
152 3802 250 3880 όνομοο
279 3803 347 3889 (ὠς)
372 3802 434 3866 dard
458 3808 516 3867 τῶν
541 3801 659 3866 εἰδότων
683 3803 784 3867 ύκούει
809 3802 822 3865 ό
846 3801 1023 3874 Ὀδυσσεύς.
1047 3802 1111 3868 όύεν
1134 3807 1273 3885 πρότερον

71 3907 249 3974 lestarona
272 3907 424 3989 όνομοόζων
447 3907 567 3988 ύστερον
591 3908 725 3984 τούνομοο
746 3909 844 3984 λέγει.
868 3908 953 3994 (HQ)
972 3909 1008 3973 In
1029 3911 1055 3990 Q
1075 3917 1139 3975 est:
1171 3914 1274 3978 οὶκούει

75 4017 130 4086 (ὃς
167 4015 181 4079 ὅ
218 4014 403 4092 Ὀδυσσεύς,
437 4016 520 4100 quod
551 4018 669 4080 iniuria
701 4015 819 4080 delevit
849 4013 1082 4096 Buttmannus;
1116 4022 1160 4092 ὠς
1186 4025 1272 4086 enirn

75 4139 150 4188 non
184 4125 283 4188 otiose
316 4121 445 4187 illatum
482 4127 546 4199 est,
582 4122 635 4187 sed
671 4125 704 4186 in
739 4122 940 4187 Ambrosiani
975 4123 1145 4210 archetypo
1181 4149 1275 4212 supra

82 4223 225 4304 lineam,
263 4236 300 4294 ut
331 4230 475 4306 videtur,
508 4229 662 4293 insertum
694 4232 725 4293 in
755 4226 894 4292 alienum
920 4235 1044 4293 tantum
1070 4230 1177 4297 loeum
1203 4255 1273 4318 per-

92 4341 187 4402 serit.
215 4374 257 4386 —-
282 4351 312 4401 λ.
337 4336 412 4402 385.
436 4336 564 4406 ἄλλυδις
589 4335 692 4410 ύλλή
719 4339 832 4422 (immo
855 4335 966 4417 ύλλή.
990 4337 1123 4404 ¹Versus
1144 4340 1277 4407 Homeri
