2978 4950
712 96 777 162 503
838 130 842 136 -

145 287 233 372 apud
263 307 337 352 eum
369 287 480 354 Ulixes
504 287 640 352 mendici
666 286 779 351 habitu
803 286 942 352 latitans.
968 286 1184 373 llgrediuntar
1207 306 1334 368 omnes,

144 395 181 458 in
217 399 288 459 acta
323 395 431 459 cibum
468 395 615 479 capiunt,
651 392 860 459 Telemachus
892 393 971 458 dioit
1002 415 1035 458 se
1067 414 1160 482 agros
1189 395 1334 458 risurum

145 519 290 586 quaeque
323 500 393 566 illic
426 506 595 588 gerantur,
626 505 766 566 caeteros
796 522 872 564 acce
899 501 941 563 ad
961 501 1060 564 arbem
1082 519 1213 588 pergere
1235 498 1335 564 iubet.

145 605 199 670 Ad
233 607 310 672 haec
341 606 597 694 Theoclymenus
619 612 762 673 maestus
785 611 876 693 rogat
902 606 941 671 ad
962 626 1131 691 quemnam
1152 628 1185 672 se
1204 606 1337 671 conferri

145 710 243 777 velit:
279 722 321 794 πή
355 713 416 792 γοὶρ
450 714 530 791 ἐγώ,
563 715 640 793 Φίλε
671 711 790 790 τέκνον,
824 712 877 788 ίως
903 717 956 777 τεῦ
979 712 1094 789 δόμαό’
1119 710 1251 790 ίκωμαις
1277 709 1336 775 Re·

145 819 254 882 mittit
276 839 351 884 eam
375 818 585 884 Telemachus
609 818 649 884 ad
672 839 803 903 procos,
827 821 860 883 in
885 839 1020 903 quorum
1045 840 1143 884 manu
1167 839 1250 884 nanc
1274 819 1337 882 sint

146 925 267 990 omnia.
297 923 367 991 Hoc
391 928 461 1012 ipso
482 927 636 1010 temporie
658 930 822 991 momento
845 926 1007 990 ἐπέπτατο
1030 923 1126 999 δεξιός
1149 923 1236 1005 ὅρνις.
1268 921 1338 1003 Quo

144 1033 285 1119 augurio
316 1037 354 1096 ut
378 1031 492 1127 'Ulixis
522 1032 686 1097 conatibus
708 1031 814 1097 fausto
838 1034 980 1116 exposito
1003 1031 1214 1097 Telemachus
1235 1029 1338 1094 laetus

144 1135 260 1203 Piraeo
290 1137 449 1224 hospitem
482 1139 699 1222 commendat,
733 1136 886 1203 fidissimo
910 1138 1028 1216 sodali,
1054 1140 1194 1211 ἐνδυκέως
1218 1139 1337 1219 φιλέειν

144 1244 201 1309 καί
221 1243 344 1322 τιέμεν,
370 1244 487 1310 είσόνιεν
510 1243 597 1309 ἐλόω.
622 1249 684 1329 (va.
710 1242 915 1339 tatsstta.)
939 1242 1000 1313 Oui
1023 1244 1155 1311 Piraeus

195 1350 272 1416 546.
307 1349 392 1416 τόνδε
416 1352 446 1416 τ’
471 1352 532 1429 ἐγὼ
557 1357 668 1435 κομιῶ,
692 1350 794 1428 ξενίων
819 1350 850 1415 δέ
875 1352 901 1415 ai
925 1352 958 1416 οὐ
982 1353 1057 1425 ποθή
1082 1352 1180 1416 ἔσται.

349 1456 415 1531 Ὣς
441 1459 533 1523 εἰπὼν
559 1459 609 1522 ἐπὶ
633 1460 700 1532 anta
724 1455 801 1534 ἔβη,
829 1457 971 1522 ἐκέλευσε
995 1460 1022 1523 δ’
1046 1459 1181 1537 ἑταίρους

307 1567 418 1637 αὐτούς
443 1567 471 1628 τ’
497 1563 664 1641 ἀμβαίνειν
688 1563 749 1628 οίνοί
770 1586 805 1626 τε
830 1565 1005 1642 πρυμνήσια
1028 1569 1132 1630 λῦσαι.

307 1673 331 1737 oi
357 1671 382 1736 δ’
407 1667 479 1751 αἶψ’
505 1672 659 1747 εἴσβαινον
683 1670 734 1735 καὶ
760 1671 810 1735 ἐπὶ
836 1678 938 1743 uanior
962 1672 1093 1751 καίῖζσν.

195 1777 272 1843 550.
307 1778 502 1857 Τηλέμαχος
528 1778 554 1843 δ’
578 1777 636 1843 ὑπό
661 1777 769 1842 ποσσίν
794 1776 926 1850 ἐδήσατο
949 1779 1034 1842 καλόν
1060 1778 1190 1855 πέδιλα,

308 1881 406 1949 είλετο
430 1885 456 1949 δ’
481 1884 613 1961 ἄλκιμον
637 1884 734 1965 ἔγχος
759 1883 941 1966 ἀκαχμένον
965 1884 1023 1962 όξέι
1047 1888 1160 1965 χαλκῷ

307 1993 373 2066 νιιός
397 1993 455 2057 ἀπ’
478 1991 625 2072 ἰκριόφιν·
651 1991 711 2056 τοί
735 1989 772 2055 δὲ
798 1992 1011 2071 πρυμνήσι’
1036 1991 1197 2056 ἔλυσαν.

307 2099 340 2162 oi
360 2099 429 2174 μὲν
449 2098 681 2169 όνιίσαντες
704 2096 827 2162 πλέον
847 2098 884 2169 ἐς
904 2098 1030 2174 πόλιν,
1050 2101 1088 2169 ὡς
1109 2097 1266 2163 ἐκέλευσεν

306 2206 519 2286 Τηλέμαχος,
543 2206 636 2286 Φίλος
661 2204 721 2277 υίὸς
748 2203 915 2279 Ὀδυσσῆος
939 2206 1040 2270 όείοιο·
1106 2225 1108 2229 ’

193 2309 270 2375 555.
307 2312 357 2376 τόν
382 2312 408 2375 δ’
433 2308 496 2375 ὦκα
521 2310 722 2390 προβιβῶντα
747 2309 836 2384 πόδες
862 2312 962 2392 φέρον.
991 2313 1015 2396 ¹)

142 2416 260 2484 Nonne
291 2416 394 2505 igitur
424 2421 545 2506 optime
579 2418 661 2483 dixit
683 2426 776 2484 vetus
800 2419 1048 2505 grammaticus:
1075 2418 1140 2483 ἐπεὶ
1165 2420 1216 2484 καί
1242 2420 1334 2500 πρὶν

144 2525 354 2589 είσελόεῖν
386 2527 424 2588 έν
457 2534 502 2608 σή
534 2525 598 2598 ani
626 2524 678 2589 τόν
701 2524 799 2589 clarata
823 2520 907 2590 είδεί
930 2524 1059 2589 Poterat
1082 2524 1135 2590 val
1158 2528 1335 2592 accuratius

145 2631 216 2711 πρὶν
240 2629 323 2704 αὖθις
348 2633 494 2697 είσελίεῑν
518 2631 652 2707 dixisse,
678 2630 732 2695 sed
754 2629 832 2695 talia
853 2630 892 2696 ad
911 2629 1208 2697 iurieaonsultorum
1229 2636 1334 2699 anxie-

144 2742 248 2803 tatem
279 2739 406 2826 exigere
439 2738 474 2803 hi
497 2758 559 2802 non
583 2736 697 2803 solent.
744 2736 785 2801 llt
810 2737 930 2821 optime
954 2740 1000 2802 sic
1022 2737 1146 2804 reddita
1169 2759 1264 2805 causa
1287 2746 1335 2805 eat

145 2865 205 2909 cur
235 2843 311 2910 illa:
343 2852 421 2909 τοῖον
452 2845 529 2921 ἐγὼν
562 2843 659 2908 οἰωνόν
683 2843 913 2917 ἐϋσσέλμου
939 2844 1004 2907 ἐπί
1031 2842 1119 2917 νιιός
1144 2846 1163 2929 ΙΙ
1187 2844 1334 2924 ήμενος

146 2949 336 3032 ἐφρασάμην
361 2953 468 3036 spuria
490 2949 635 3015 habenda
658 2952 740 3025 sint,
766 2952 883 3035 quippe
907 2969 986 3034 quae
1009 2953 1050 3015 iis
1072 2971 1151 3035 quae
1174 2972 1213 3016 ex
1239 2951 1333 3020 oeta

146 3077 233 3142 seqq.
258 3059 483 3143 exscripsimus
508 3063 614 3142 aperte
638 3055 864 3121 contradicant.
911 3055 1060 3141 Superest
1083 3065 1121 3122 ut
1148 3079 1336 3143 quaeramus

146 3168 182 3229 at
213 3184 383 3248 quemnam
414 3165 490 3228 haec
518 3163 668 3228 athetasis
690 3168 849 3228 auctorem
869 3163 984 3229 habeat
1004 3168 1036 3228 et
1055 3166 1107 3229 cui
1125 3170 1336 3254 grammatico

146 3273 218 3335 eins
248 3271 396 3336 notitiam
430 3276 590 3355 acceptam
616 3269 798 3334 referamus.
835 3270 1053 3334 Aristarchum
1079 3279 1239 3337 auctorem
1265 3294 1335 3360 gra-

146 3379 319 3442 vissimum
351 3397 414 3441 non
445 3376 550 3440 dubiis
583 3377 685 3462 signis
708 3378 772 3439 iam
798 3377 931 3461 agnovit
952 3376 1162 3461 patefacitque
1186 3375 1336 3445 Lehrsius

145 3480 208 3566 l.].‚
243 3482 367 3549 collatis
400 3487 524 3548 nostrae
558 3489 650 3547 notae
684 3482 803 3546 verbis:
839 3478 897 3568 (ότι
927 3482 975 3567 τό)
1011 3482 1179 3560 ἐγεγώνευν
1211 3482 1334 3563 ἄκαιρόν

146 3591 232 3655 ἐστιν
263 3612 337 3656 cum
361 3590 570 3655 Aristoniceie
595 3599 621 3653 Θ
647 3587 729 3655 223:
754 3589 824 3666 πρὸς
849 3586 884 3651 τό
908 3588 1085 3665 γεγωνέμεν
1109 3587 1156 3654 ότι
1180 3592 1212 3655 οὐ
1236 3595 1332 3668 ψιλῶς

152 3782 278 3791 -ι--σ-..ω
290 3782 298 3788 .

183 3909 212 3972 1)
230 3905 346 3981 Similiter
362 3920 390 3954 ex
407 3902 577 3954 recentioribus
594 3902 688 3952 anesius
706 3917 757 3951 rom
774 3900 897 3966 proposuit
914 3899 952 3968 (iu
970 3905 1026 3950 nota
1043 3905 1073 3951 ad
1088 3903 1183 3970 ρ160);
1203 3894 1335 3971 ‚librigens

146 4000 243 4049 atimmt
259 4013 343 4046 ansere
360 3995 433 4045 Stelle
449 3994 516 4044 nicht
531 4009 607 4056 ganan
624 3993 670 4041 mit
686 3994 728 4042 der
746 3992 884 4041 wirklichen
904 3992 1038 4057 Euathlung
1055 3994 1128 4042 dieses
1147 3993 1250 4045 Vorfalls
1265 3998 1334 4046 atae

146 4081 233 4129 -533
258 4079 366 4137 aberam
392 4079 454 4127 dena
479 4077 536 4125 dart
560 4074 698 4125 beobachtet
724 4075 911 4139 'lheoklymenos
933 4075 1007 4124 dieses
1022 4076 1122 4124 Zeiehen
1140 4077 1206 4126 nicht
1223 4079 1266 4127 aui
1281 4080 1333 4128 dem

145 4172 235 4222 Schiffe
259 4170 348 4220 aitaend
374 4163 427 4226 (tari
445 4165 496 4223 νκός
516 4161 624 4223 ἱέμενος),
648 4167 749 4215 scudern
773 4164 833 4213 nach
850 4165 892 4212 dar
909 4168 988 4214 ersten
1006 4165 1121 4229 Iandung
1137 4168 1161 4216 in
1181 4169 1268 4220 lthaka
1284 4175 1337 4224 rand

147 4257 192 4306 ela
208 4254 243 4302 ric
259 4253 343 4302 wr'ader
358 4246 511 4313 ον’νινόείρονν.”
