2978 4950
725 210 768 277 66

151 402 308 478 videatur,
332 403 416 466 eive:
441 400 507 464 τδν
532 400 679 480 τρόπον
702 426 731 465 τ.
756 405 781 467 ἒ.
815 403 922 493 1Νιιιτο
945 404 985 469 ad
1008 404 1226 492 Porphyrium
1250 407 1342 474 redeo

150 509 336 575 Dicaearchi
359 510 480 573 crimen
504 507 691 573 diluentem.

194 615 323 704 Pergit:
356 613 392 677 τό
422 617 450 677 τ’
483 615 663 693 αὐτουργεῖν
696 615 857 714 ἐλευθέριον
882 616 1028 692 μαλιστα
1054 614 1131 682 εἶναι
1158 618 1255 685 ἐδόκει
1281 629 1343 693 τοῖς

151 730 318 798 παλαιοῖς,
343 723 381 793 cic
404 720 456 784 καὶ
482 720 533 784 ἐπὶ
562 723 692 792 πλυνοὺς
716 723 761 798 μῆ
786 720 891 794 ὄνειδος
917 719 993 788 εἶναι
1018 726 1077 796 τοὶς
1102 732 1161 790 τῶν
1185 726 1343 802 βασιλέοιν

148 829 272 894 οὶπιέναι
309 827 481 906 θυγατέρας
514 828 564 890 καὶ
597 829 639 898 εἰς
671 827 848 909 ύδροφορθαν
880 832 949 893 καθ
986 855 1102 903 τινας
1139 835 1342 908 τοιαύτας

147 935 413 1005 έσοδουλικοδς
445 934 552 1018 [τὰς]
585 938 651 997 νῦν
680 933 1039 1011 οὶποβεβλημένας
1074 937 1240 1010 διακονίας.
1289 940 1343 1006 Ad

147 1028 224 1108 haec
247 1037 444 1106 Dindorfiua:
474 1048 678 1125 „suspectum
703 1042 909 1126 ἱσοδουλιιιοὶς,
932 1044 987 1107 ubi
1006 1044 1149 1116 δουλικας
1169 1045 1340 1113 dicendum

147 1155 230 1226 erat,
256 1154 288 1212 et
311 1166 580 1231 supervacaneum
603 1145 673 1218 τοὶς.
720 1146 836 1212 Sensus
859 1152 993 1234 requirit
1013 1151 1068 1214 καί
1086 1174 1172 1222 τινας
1193 1153 1342 1224 τοιαύτας

146 1259 189 1327 ὠς
211 1255 354 1324 δουλικας
373 1258 422 1316 νῦν
443 1251 713 1331 αποβεβλημέναρ
735 1248 888 1327 διακονίας
897 1255 914 1283 ”
928 1255 1044 1340 (Praef.
1058 1279 1087 1342 p.
1102 1262 1227 1345 xxxvj),
1241 1267 1340 1338 recto,

145 1363 208 1427 nisi
231 1361 313 1447 quod
338 1361 528 1430 ἱσοδουλικοὶς
552 1381 615 1425 non
640 1364 849 1444 tentaverim,
873 1384 948 1426 cum
971 1363 1122 1434 ἕσθδουλος
1147 1372 1249 1431 extet.
1291 1365 1344 1433 Se·

147 1471 274 1555 quitur:
309 1467 381 1549 τῆδε
417 1467 469 1550 (δὲ
500 1467 574 1549 ins.)
606 1466 658 1530 uxi
691 1471 726 1532 τὸ
751 1473 871 1532 παῦσαι
900 1467 1006 1542 ἄλλως
1027 1471 1081 1534 οὐκ
1105 1472 1171 1546 ἐνῆν
1195 1470 1247 1536 τὸν
1272 1472 1343 1554 ᾦδθιι

146 1579 190 1653 μῆ
226 1576 306 1654 αύτῆ
340 1573 476 1654 δεηθεέσηΙ
509 1573 561 1635 καὶ
592 1574 677 1650 μετα
710 1575 843 1654 δακρύων
876 1577 1071 1657 ἱκετευούση,
1105 1579 1160 1642 ubi
1184 1601 1287 1665 neque
1312 1581 1342 1647 δέ

147 1683 254 1748 abesae
289 1685 393 1766 potest
408 1665 412 1677 ’
428 1688 459 1744 et
494 1701 551 1744 cur
582 1680 735 1745 exciderit
766 1680 871 1766 palam
896 1690 954 1746 eet.
1002 1682 1079 1749 Post
1103 1705 1205 1768 pauca
1230 1688 1275 1772 (p.
1300 1684 1343 1754 60

144 1790 168 1854 l.
206 1789 227 1851 4
258 1787 373 1873 seqq.):
409 1789 444 1850 τὸ
475 1786 505 1850 δέ
538 1785 639 1862 „atara
671 1789 823 1866 παρειάων
854 1789 993 1868 σχομένη
1026 1792 1146 1871 λιπαροὶ
1169 1792 1343 1871 κρῆδεμνα”

145 1897 199 1962 ούκ
228 1893 285 1958 ἔτι
315 1896 350 1958 τὸ
382 1894 459 1958 αὐτὸ
484 1893 525 1972 τῷ
551 1893 689 1969 ,,αύτι’κα
714 1893 741 1956 δ’
768 1897 931 1976 οὶργεννῆσι
957 1897 1168 1978 καλυψαμένη
1194 1897 1337 1981 θθθνησιΙΙ

147 2002 301 2083 tanavd*
338 2002 371 2066 τὸ
408 2000 445 2064 δὲ
481 2000 642 2080 κρήδεμνον
679 2004 732 2066 οὐκ
768 1997 801 2074 ῆν
836 2004 993 2078 προσώπου
1029 2004 1225 2082 περέβλημα,
1254 2007 1341 2073 ἀλλὰ

147 2119 299 2189 κεφαλῆς.
348 2107 491 2172 Multum
523 2114 681 2190 praestat:
712 2110 765 2172 οὐκ
789 2106 875 2172 ἔστι
902 2111 936 2173 τὸ
961 2111 1038 2174 αὐτὸ
1063 2113 1104 2190 τῷ
1129 2119 1179 2176 et:
1204 2113 1239 2176 τὸ
1265 2114 1341 2193 γὰρ

147 2200 307 2298 κρῆδεμνον
331 2217 384 2279 οὐκ
409 2208 442 2287 ῆν
467 2213 624 2293 προσώπου
648 2214 831 2293 περέβλημα
855 2218 945 2280 οὶλλα
969 2225 1123 2297 κεφαλῆς.

191 2322 359 2390 Difficilior
379 2320 473 2406 paulo
493 2342 543 2385 rec
563 2323 661 2385 estin
681 2324 722 2386 iis
742 2343 822 2406 quae
843 2323 919 2388 haec
937 2327 1117 2409 excipiunt,
1131 2327 1341 2410 quamobrem

146 2437 272 2516 integra
301 2427 484 2514 apponenda
508 2435 614 2504 erunt,
639 2448 701 2511 quc
725 2428 858 2493 liberius
880 2433 1059 2515 rectiusque
1083 2453 1177 2517 super
1201 2452 1238 2497 ea
1263 2454 1341 2519 quae

147 2557 318 2624 proponam
349 2533 476 2599 lectoria
507 2534 663 2598 iudicium
695 2537 747 2598 ait.
784 2537 847 2607 ‘stc
878 2531 926 2599 οὖν
950 2539 1006 2611 τῆν
1029 2538 1092 2600 οὶπδ
1117 2547 1170 2613 τῆς
1196 2549 1340 2619 κεφαλῆς

146 2645 347 2721 καλύπτραν,
384 2635 418 2711 ῆν
454 2640 616 2719 κρῆδεμνσν
652 2639 733 2718 ἔφη,
768 2651 837 2713 ταῖς
874 2644 979 2724 χερσὶν
1015 2646 1256 2721 ἐφελκυσαμένη
1292 2647 1340 2713 τὰ

147 2751 302 2828 διέκρυα
334 2748 571 2811 ἀποκαλύπτειν
607 2746 753 2822 ἐβούλετο
789 2749 841 2812 καὶ
874 2751 1003 2826 οὶποψοῖν
1035 2753 1077 2830 τῷ
1108 2752 1263 2830 κρηδέμνῳ
1291 2754 1340 2818 τὰ

147 2859 309 2935 δακρυα,
343 2855 377 2916 τὸ
410 2849 459 2916 σύν
485 2851 588 2929 »ἄντα
624 2855 778 2930 παρειαινν
802 2856 941 2934 σχομένη
967 2860 1087 2936 λιπαροὶ
1111 2859 1286 2938 κρῆδεμνα”
1308 2862 1338 2925 ού

145 2971 200 3040 τῆν
236 2961 490 3041 περιβάλλουσαν
520 2960 607 3029 δηλοῖ
633 2964 688 3034 τῆν
716 2966 860 3042 κεφαλῆν
893 2966 944 3026 καὶ
970 2967 1029 3035 τοὶς
1055 2967 1204 3041 παρείας.
1232 2968 1340 3043 μένους

146 3189 201 3254 λῆς
231 3178 265 3241 τὸ
291 3176 469 3253 κρῆδεμνον,
495 3174 547 3236 καὶ
573 3181 782 3250 γυμνώσασαν
807 3177 864 3249 μὲν
887 3179 941 3249 τῆν
966 3182 1108 3257 κεφαλὴν
1132 3179 1183 3243 καὶ
1210 3181 1244 3244 τὸ
1271 3181 1340 3258 πρέ-

147 3310 245 3351 σαπον
271 3281 436 3358 δεθξασαν,
460 3285 631 3359 κρατοῦσαν
655 3281 685 3345 δὲ
710 3283 740 3344 έν
764 3292 835 3353 ταῖς
860 3284 948 3362 χερσὶ
974 3283 1028 3362 πρὸ
1053 3292 1111 3349 τῶν
1135 3294 1267 3365 παρειῶν
1291 3288 1339 3369 τρὶ

146 3393 320 3470 δύκρυα,
353 3385 450 3466 ὥσπερ
482 3387 534 3449 καὶ
566 3387 760 3468 Τηλέμαχος
794 3389 927 3464 δακρύων
959 3391 1013 3464 τῆν
1037 3400 1176 3469 χλαῖναν
1202 3394 1258 3472 πρὸ
1283 3403 1340 3460 τῶν

145 3501 314 3580 ὀφθαλμῶν
340 3497 473 3573 ιἰνίσχει.
522 3492 568 3556 De
589 3493 657 3569 his,
682 3515 761 3578 quae
785 3499 829 3560 uic
854 3497 939 3559 edita
969 3495 1134 3562 Harieiani
1168 3499 1340 3568 lectionem

144 3608 392 3693 repraesentant,
418 3602 464 3662 ita
487 3599 629 3682 disputat
655 3599 834 3666 Dindorfiua
857 3605 890 3665 in
916 3602 1130 3669 Praefatione:
1158 3607 1257 3681 „haec
1278 3631 1339 3676 non

143 3716 279 3798 integra.
328 3705 412 3770 Nam
447 3725 548 3789 neque
584 3706 620 3774 ὡς
653 3706 749 3770 habet
781 3708 863 3791 quod
888 3711 917 3772 ei
943 3710 1128 3792 respondeat
1152 3725 1185 3775 et
1210 3735 1339 3800 suspec-

141 3826 213 3883 tum
243 3821 290 3880 est
319 3811 436 3896 duplex
466 3811 509 3874 τθι
535 3809 672 3893 δακρυα,
697 3833 832 3896 quorum
859 3817 946 3897 priua
973 3821 1060 3896 (ante
1085 3819 1340 3906 οὶποκαλύπτειν)

145 3929 172 3990 si
196 3931 279 3989 recte
303 3919 416 4001 habet,
441 3917 540 3981 altero
564 3917 632 3982 loco
657 3920 740 3982 αὐτοὶ
765 3923 871 4003 potius
895 3921 957 3984 dici
983 3922 1126 3987 debebat.
1175 3929 1283 4011 Atque
1307 3931 1341 3996 id

144 4037 251 4118 ipsum
286 4028 382 4091 habet
413 4024 457 4099 D.
492 4026 525 4086 in
557 4045 618 4108 quc
642 4027 796 4109 scripturn
822 4033 869 4089 est
894 4030 934 4104 τῷ
956 4027 1107 4105 κρηδέμνῳ
1131 4033 1216 4095 αὐτοὶ
1240 4033 1341 4116 ὥσπερ

148 4139 198 4203 καὶ
235 4133 429 4210 Τηλέμαχος
463 4129 597 4206 δακρύων
633 4138 692 4194 etc.
727 4132 830 4195 verbis
862 4133 976 4197 mediis
1007 4136 1049 4197 τα
1080 4135 1207 4213 διέκρυα.
1233 4141 1269 4204 τὸ
1294 4139 1341 4208 οὖν

145 4266 244 4330 usque
278 4242 316 4304 ad
349 4242 402 4316 πρὸ
435 4243 492 4301 τῶν
524 4240 652 4314 παρειῶν
677 4239 718 4300 τοὶ
744 4237 861 4312 διέκρυα
883 4245 926 4323 (ρ.
953 4238 1042 4304 601.
1071 4242 1216 4329 15-21)
1243 4253 1341 4315 omis·

144 4352 206 4418 eis'’
233 4346 349 4436 (Praei.
374 4367 402 4429 p.
429 4342 554 4430 xxm).
582 4342 670 4409 Haec
694 4347 721 4407 si
745 4351 827 4408 recte
852 4343 1017 4433 intelligo,
1045 4346 1225 4418 Dindorfius
1246 4351 1341 4422 Codi-

482 4578 498 4607 0
