<?xml version="1.0" encoding="UTF-8"?>
<!DOCTYPE html PUBLIC "-//W3C//DTD XHTML 1.0 Transitional//EN"
    "http://www.w3.org/TR/xhtml1/DTD/xhtml1-transitional.dtd">
<html xmlns="http://www.w3.org/1999/xhtml" xml:lang="en" lang="en">
 <head>
  <title>
</title>
<meta http-equiv="Content-Type" content="text/html;charset=utf-8" />
  <meta name='ocr-system' content='tesseract 3.04.00' />
  <meta name='ocr-capabilities' content='ocr_page ocr_carea ocr_par ocr_line ocrx_word'/>
</head>
<body>
  <div class='ocr_page' id='page_1' title='image "./adodysseameiusq00polagoog_0480.png"; bbox 0 0 2978 4950; ppageno 0'>
   <div class='ocr_carea' id='block_1_1' title="bbox 711 144 776 215">
    <p class='ocr_par' dir='ltr' id='par_1_1' title="bbox 711 144 776 215">
     <span class='ocr_line' id='line_1_1' title="bbox 711 144 776 215; baseline -0.031 0"><span class='ocrx_word' id='word_1_1' title='bbox 711 144 776 215; x_wconf 79' lang='lat' dir='ltr'>tte</span> 
     </span>
    </p>
   </div>
   <div class='ocr_carea' id='block_1_2' title="bbox 135 337 1390 3840">
    <p class='ocr_par' dir='ltr' id='par_1_2' title="bbox 135 337 1390 3840">
     <span class='ocr_line' id='line_1_2' title="bbox 136 337 1334 432; baseline 0.003 -26"><span class='ocrx_word' id='word_1_2' title='bbox 136 340 284 427; x_wconf 84' lang='lat' dir='ltr'>Apparet</span> <span class='ocrx_word' id='word_1_3' title='bbox 316 337 529 427; x_wconf 73' lang='lat' dir='ltr'><strong>etymologias</strong></span> <span class='ocrx_word' id='word_1_4' title='bbox 557 339 610 404; x_wconf 90' lang='lat' dir='ltr'>hio</span> <span class='ocrx_word' id='word_1_5' title='bbox 641 342 762 424; x_wconf 86' lang='lat' dir='ltr'>captari</span> <span class='ocrx_word' id='word_1_6' title='bbox 794 338 955 425; x_wconf 88' lang='lat' dir='ltr'>simulque</span> <span class='ocrx_word' id='word_1_7' title='bbox 967 339 1159 432; x_wconf 63' lang='lat' dir='ltr'>{allegorias</span> <span class='ocrx_word' id='word_1_8' title='bbox 1207 343 1334 412; x_wconf 82' lang='lat' dir='ltr'>Invenit</span> 
     </span>
     <span class='ocr_line' id='line_1_3' title="bbox 136 445 1334 536; baseline 0.003 -23"><span class='ocrx_word' id='word_1_9' title='bbox 136 466 259 513; x_wconf 91' lang='lat' dir='ltr'>nomen</span> <span class='ocrx_word' id='word_1_10' title='bbox 282 468 378 512; x_wconf 90' lang='lat' dir='ltr'>sunm</span> <span class='ocrx_word' id='word_1_11' title='bbox 402 449 416 510; x_wconf 82' lang='lat' dir='ltr'>i</span> <span class='ocrx_word' id='word_1_12' title='bbox 442 445 582 518; x_wconf 84' lang='grc' dir='ltr'><strong><em>Κωνυτθς</em></strong></span> <span class='ocrx_word' id='word_1_13' title='bbox 607 447 646 510; x_wconf 90' lang='lat' dir='ltr'>ab</span> <span class='ocrx_word' id='word_1_14' title='bbox 671 445 795 511; x_wconf 88' lang='lat' dir='ltr'>eiulatu</span> <span class='ocrx_word' id='word_1_15' title='bbox 819 449 1006 514; x_wconf 87' lang='lat' dir='ltr'>miserorum</span> <span class='ocrx_word' id='word_1_16' title='bbox 1027 452 1232 532; x_wconf 78' lang='lat' dir='ltr'><strong>mortalium,</strong></span> <span class='ocrx_word' id='word_1_17' title='bbox 1256 471 1334 536; x_wconf 91' lang='lat' dir='ltr'>qno·</span> 
     </span>
     <span class='ocr_line' id='line_1_4' title="bbox 136 552 1334 644; baseline 0.003 -25"><span class='ocrx_word' id='word_1_18' title='bbox 136 575 216 619; x_wconf 89' lang='lat' dir='ltr'>rum</span> <span class='ocrx_word' id='word_1_19' title='bbox 237 555 400 619; x_wconf 69' lang='lat' dir='ltr'>caussima</span> <span class='ocrx_word' id='word_1_20' title='bbox 425 555 530 638; x_wconf 89' lang='lat' dir='ltr'>capita</span> <span class='ocrx_word' id='word_1_21' title='bbox 549 552 777 617; x_wconf 88' lang='lat' dir='ltr'>descenderunt</span> <span class='ocrx_word' id='word_1_22' title='bbox 795 552 882 637; x_wconf 91' lang='lat' dir='ltr'>apud</span> <span class='ocrx_word' id='word_1_23' title='bbox 898 554 1032 641; x_wconf 85' lang='lat' dir='ltr'>inferos,</span> <span class='ocrx_word' id='word_1_24' title='bbox 1054 563 1162 644; x_wconf 87' lang='lat' dir='ltr'>estque</span> <span class='ocrx_word' id='word_1_25' title='bbox 1182 560 1259 625; x_wconf 91' lang='lat' dir='ltr'>adeo</span> <span class='ocrx_word' id='word_1_26' title='bbox 1275 559 1334 623; x_wconf 89' lang='lat' dir='ltr'>bu·</span> 
     </span>
     <span class='ocr_line' id='line_1_5' title="bbox 138 659 1335 752; baseline 0.003 -26"><span class='ocrx_word' id='word_1_27' title='bbox 138 681 312 731; x_wconf 90' lang='lat' dir='ltr'>manorum</span> <span class='ocrx_word' id='word_1_28' title='bbox 336 660 481 725; x_wconf 90' lang='lat' dir='ltr'>dolorum</span> <span class='ocrx_word' id='word_1_29' title='bbox 506 659 662 736; x_wconf 77' lang='grc' dir='ltr'><strong><em>ἑπώνυμον</em></strong></span> <span class='ocrx_word' id='word_1_30' title='bbox 687 659 791 723; x_wconf 87' lang='grc' dir='ltr'><strong><em>κακθν.</em></strong></span> <span class='ocrx_word' id='word_1_31' title='bbox 840 659 889 723; x_wconf 83' lang='lat' dir='ltr'>Ab</span> <span class='ocrx_word' id='word_1_32' title='bbox 913 663 989 747; x_wconf 91' lang='lat' dir='ltr'>igne</span> <span class='ocrx_word' id='word_1_33' title='bbox 1015 666 1098 748; x_wconf 94' lang='lat' dir='ltr'>quod</span> <span class='ocrx_word' id='word_1_34' title='bbox 1122 666 1276 752; x_wconf 89' lang='lat' dir='ltr'>quidquid</span> <span class='ocrx_word' id='word_1_35' title='bbox 1301 669 1335 731; x_wconf 91' lang='lat' dir='ltr'>in</span> 
     </span>
     <span class='ocr_line' id='line_1_6' title="bbox 137 765 1334 857; baseline 0.008 -26"><span class='ocrx_word' id='word_1_36' title='bbox 137 767 273 832; x_wconf 92' lang='lat' dir='ltr'>bomine</span> <span class='ocrx_word' id='word_1_37' title='bbox 292 766 427 831; x_wconf 81' lang='lat' dir='ltr'>mortale</span> <span class='ocrx_word' id='word_1_38' title='bbox 444 772 493 831; x_wconf 90' lang='lat' dir='ltr'>est</span> <span class='ocrx_word' id='word_1_39' title='bbox 513 767 689 848; x_wconf 80' lang='lat' dir='ltr'>consumit,</span> <span class='ocrx_word' id='word_1_40' title='bbox 702 766 715 829; x_wconf 84' lang='grc' dir='ltr'><strong><em>ὑ</em></strong></span> <span class='ocrx_word' id='word_1_41' title='bbox 729 765 966 844; x_wconf 69' lang='grc' dir='ltr'>Πυριφλεγέθων</span> <span class='ocrx_word' id='word_1_42' title='bbox 980 790 1094 836; x_wconf 91' lang='lat' dir='ltr'>nomen</span> <span class='ocrx_word' id='word_1_43' title='bbox 1107 781 1214 857; x_wconf 89' lang='lat' dir='ltr'>aperte</span> <span class='ocrx_word' id='word_1_44' title='bbox 1226 776 1334 840; x_wconf 79' lang='lat' dir='ltr'>traxit.</span> 
     </span>
     <span class='ocr_line' id='line_1_7' title="bbox 141 867 1335 956; baseline 0.004 -17"><span class='ocrx_word' id='word_1_45' title='bbox 141 874 232 951; x_wconf 77' lang='grc' dir='ltr'><strong><em>Στύξ</em></strong></span> <span class='ocrx_word' id='word_1_46' title='bbox 254 875 293 938; x_wconf 93' lang='lat' dir='ltr'>ab</span> <span class='ocrx_word' id='word_1_47' title='bbox 309 867 435 938; x_wconf 90' lang='lat' dir='ltr'>horrore</span> <span class='ocrx_word' id='word_1_48' title='bbox 456 880 488 936; x_wconf 92' lang='lat' dir='ltr'>et</span> <span class='ocrx_word' id='word_1_49' title='bbox 506 874 637 937; x_wconf 81' lang='lat' dir='ltr'>tristitia</span> <span class='ocrx_word' id='word_1_50' title='bbox 656 872 742 936; x_wconf 91' lang='lat' dir='ltr'>dicta</span> <span class='ocrx_word' id='word_1_51' title='bbox 763 874 838 956; x_wconf 85' lang='grc' dir='ltr'><strong><em>(ἀπὸ</em></strong></span> <span class='ocrx_word' id='word_1_52' title='bbox 852 878 906 937; x_wconf 85' lang='grc' dir='ltr'><strong><em>τοῦ</em></strong></span> <span class='ocrx_word' id='word_1_53' title='bbox 919 876 1127 956; x_wconf 78' lang='grc' dir='ltr'><strong><em>στυγνάζειν).</em></strong></span> <span class='ocrx_word' id='word_1_54' title='bbox 1167 879 1335 944; x_wconf 87' lang='lat' dir='ltr'>Difficilior</span> 
     </span>
     <span class='ocr_line' id='line_1_8' title="bbox 140 979 1336 1072; baseline 0.003 -27"><span class='ocrx_word' id='word_1_55' title='bbox 140 1000 191 1046; x_wconf 90' lang='lat' dir='ltr'>ros</span> <span class='ocrx_word' id='word_1_56' title='bbox 216 983 336 1044; x_wconf 89' lang='lat' dir='ltr'>eratin</span> <span class='ocrx_word' id='word_1_57' title='bbox 357 979 548 1043; x_wconf 83' lang='lat' dir='ltr'>Acherontis</span> <span class='ocrx_word' id='word_1_58' title='bbox 568 981 690 1065; x_wconf 80' lang='lat' dir='ltr'>origine</span> <span class='ocrx_word' id='word_1_59' title='bbox 710 979 900 1065; x_wconf 88' lang='lat' dir='ltr'>indaganda.</span> <span class='ocrx_word' id='word_1_60' title='bbox 937 979 1120 1049; x_wconf 79' lang='lat' dir='ltr'>Commenti</span> <span class='ocrx_word' id='word_1_61' title='bbox 1139 992 1214 1049; x_wconf 89' lang='lat' dir='ltr'>sunt</span> <span class='ocrx_word' id='word_1_62' title='bbox 1232 988 1336 1072; x_wconf 88' lang='lat' dir='ltr'>igitur</span> 
     </span>
     <span class='ocr_line' id='line_1_9' title="bbox 141 1082 1334 1176; baseline 0.002 -24"><span class='ocrx_word' id='word_1_63' title='bbox 141 1086 378 1173; x_wconf 75' lang='lat' dir='ltr'>etymologiam</span> <span class='ocrx_word' id='word_1_64' title='bbox 407 1106 478 1149; x_wconf 90' lang='lat' dir='ltr'>vere</span> <span class='ocrx_word' id='word_1_65' title='bbox 502 1084 671 1149; x_wconf 81' lang='lat' dir='ltr'>Graecam:</span> <span class='ocrx_word' id='word_1_66' title='bbox 696 1082 742 1148; x_wconf 76' lang='lat' dir='ltr'>ist</span> <span class='ocrx_word' id='word_1_67' title='bbox 767 1082 835 1166; x_wconf 82' lang='grc' dir='ltr'>ἀχη</span> <span class='ocrx_word' id='word_1_68' title='bbox 860 1086 980 1163; x_wconf 82' lang='grc' dir='ltr'><strong><em>γίνεται</em></strong></span> <span class='ocrx_word' id='word_1_69' title='bbox 1006 1090 1091 1163; x_wconf 74' lang='grc' dir='ltr'><strong><em>μετὰ</em></strong></span> <span class='ocrx_word' id='word_1_70' title='bbox 1115 1093 1150 1156; x_wconf 78' lang='lat' dir='ltr'>rt</span> <span class='ocrx_word' id='word_1_71' title='bbox 1175 1092 1251 1169; x_wconf 86' lang='grc' dir='ltr'><strong><em>ήρίον</em></strong></span> <span class='ocrx_word' id='word_1_72' title='bbox 1271 1096 1334 1176; x_wconf 76' lang='grc' dir='ltr'>(οἰχ</span> 
     </span>
     <span class='ocr_line' id='line_1_10' title="bbox 143 1190 1333 1278; baseline 0.004 -22"><span class='ocrx_word' id='word_1_73' title='bbox 143 1192 303 1275; x_wconf 79' lang='grc' dir='ltr'><strong><em>--ηρίον,</em></strong></span> <span class='ocrx_word' id='word_1_74' title='bbox 323 1192 488 1272; x_wconf 80' lang='grc' dir='ltr'><strong><em>Ἀχέρων).</em></strong></span> <span class='ocrx_word' id='word_1_75' title='bbox 512 1190 641 1274; x_wconf 76' lang='lat' dir='ltr'>Restat,</span> <span class='ocrx_word' id='word_1_76' title='bbox 654 1198 691 1254; x_wconf 91' lang='lat' dir='ltr'>ut</span> <span class='ocrx_word' id='word_1_77' title='bbox 703 1193 936 1278; x_wconf 82' lang='lat' dir='ltr'>investigemus</span> <span class='ocrx_word' id='word_1_78' title='bbox 949 1196 1077 1259; x_wconf 89' lang='lat' dir='ltr'>cuinam</span> <span class='ocrx_word' id='word_1_79' title='bbox 1089 1196 1170 1261; x_wconf 90' lang='lat' dir='ltr'>hanc</span> <span class='ocrx_word' id='word_1_80' title='bbox 1182 1197 1333 1261; x_wconf 85' lang='lat' dir='ltr'>eximiam</span> 
     </span>
     <span class='ocr_line' id='line_1_11' title="bbox 141 1297 1335 1384; baseline 0.003 -20"><span class='ocrx_word' id='word_1_81' title='bbox 141 1299 324 1373; x_wconf 89' lang='lat' dir='ltr'>doctrinam</span> <span class='ocrx_word' id='word_1_82' title='bbox 354 1306 516 1384; x_wconf 89' lang='lat' dir='ltr'>acceptam</span> <span class='ocrx_word' id='word_1_83' title='bbox 541 1297 724 1362; x_wconf 84' lang='lat' dir='ltr'>reseramus.</span> <span class='ocrx_word' id='word_1_84' title='bbox 773 1297 897 1382; x_wconf 87' lang='lat' dir='ltr'>Nempe</span> <span class='ocrx_word' id='word_1_85' title='bbox 920 1306 1028 1365; x_wconf 90' lang='lat' dir='ltr'>nostra</span> <span class='ocrx_word' id='word_1_86' title='bbox 1050 1302 1087 1366; x_wconf 87' lang='lat' dir='ltr'>ad</span> <span class='ocrx_word' id='word_1_87' title='bbox 1114 1303 1247 1368; x_wconf 89' lang='lat' dir='ltr'>verbum</span> <span class='ocrx_word' id='word_1_88' title='bbox 1271 1304 1335 1368; x_wconf 85' lang='lat' dir='ltr'>fere</span> 
     </span>
     <span class='ocr_line' id='line_1_12' title="bbox 141 1404 1333 1492; baseline 0.003 -20"><span class='ocrx_word' id='word_1_89' title='bbox 141 1413 292 1492; x_wconf 85' lang='lat' dir='ltr'>excerpta</span> <span class='ocrx_word' id='word_1_90' title='bbox 314 1413 390 1472; x_wconf 88' lang='lat' dir='ltr'>sunt</span> <span class='ocrx_word' id='word_1_91' title='bbox 413 1427 452 1471; x_wconf 84' lang='lat' dir='ltr'>er</span> <span class='ocrx_word' id='word_1_92' title='bbox 471 1404 655 1481; x_wconf 85' lang='lat' dir='ltr'>Heraclito,</span> <span class='ocrx_word' id='word_1_93' title='bbox 673 1404 911 1491; x_wconf 84' lang='lat' dir='ltr'>Allegoriarum</span> <span class='ocrx_word' id='word_1_94' title='bbox 931 1405 1174 1474; x_wconf 90' lang='lat' dir='ltr'>Homericarum</span> <span class='ocrx_word' id='word_1_95' title='bbox 1197 1415 1333 1487; x_wconf 86' lang='lat' dir='ltr'>auctore,</span> 
     </span>
     <span class='ocr_line' id='line_1_13' title="bbox 142 1511 1333 1598; baseline 0.003 -20"><span class='ocrx_word' id='word_1_96' title='bbox 142 1533 225 1598; x_wconf 90' lang='lat' dir='ltr'>quae</span> <span class='ocrx_word' id='word_1_97' title='bbox 257 1534 308 1578; x_wconf 89' lang='lat' dir='ltr'>res</span> <span class='ocrx_word' id='word_1_98' title='bbox 338 1511 538 1578; x_wconf 88' lang='lat' dir='ltr'>Dindorfium</span> <span class='ocrx_word' id='word_1_99' title='bbox 572 1514 693 1598; x_wconf 87' lang='lat' dir='ltr'>lugisse</span> <span class='ocrx_word' id='word_1_100' title='bbox 723 1511 867 1594; x_wconf 84' lang='lat' dir='ltr'>videtur,</span> <span class='ocrx_word' id='word_1_101' title='bbox 892 1517 986 1598; x_wconf 88' lang='lat' dir='ltr'>atque</span> <span class='ocrx_word' id='word_1_102' title='bbox 1009 1516 1056 1580; x_wconf 91' lang='lat' dir='ltr'>ita</span> <span class='ocrx_word' id='word_1_103' title='bbox 1079 1517 1333 1583; x_wconf 88' lang='lat' dir='ltr'>emendationem</span> 
     </span>
     <span class='ocr_line' id='line_1_14' title="bbox 141 1617 1334 1706; baseline 0.005 -22"><span class='ocrx_word' id='word_1_104' title='bbox 141 1626 285 1685; x_wconf 88' lang='lat' dir='ltr'>nostram</span> <span class='ocrx_word' id='word_1_105' title='bbox 309 1619 396 1684; x_wconf 83' lang='lat' dir='ltr'>facili</span> <span class='ocrx_word' id='word_1_106' title='bbox 420 1621 549 1706; x_wconf 88' lang='lat' dir='ltr'>nogotio</span> <span class='ocrx_word' id='word_1_107' title='bbox 573 1617 716 1683; x_wconf 77' lang='lat' dir='ltr'>stabiIIre</span> <span class='ocrx_word' id='word_1_108' title='bbox 740 1617 861 1681; x_wconf 88' lang='lat' dir='ltr'>licebit.</span> <span class='ocrx_word' id='word_1_109' title='bbox 897 1617 947 1683; x_wconf 90' lang='lat' dir='ltr'>lta</span> <span class='ocrx_word' id='word_1_110' title='bbox 978 1624 1063 1685; x_wconf 88' lang='lat' dir='ltr'>enim</span> <span class='ocrx_word' id='word_1_111' title='bbox 1088 1623 1141 1687; x_wconf 94' lang='lat' dir='ltr'>hic</span> <span class='ocrx_word' id='word_1_112' title='bbox 1167 1662 1206 1671; x_wconf 92' lang='lat'>-</span> <span class='ocrx_word' id='word_1_113' title='bbox 1233 1625 1334 1690; x_wconf 87' lang='lat' dir='ltr'>etsie</span> 
     </span>
     <span class='ocr_line' id='line_1_15' title="bbox 142 1722 1331 1812; baseline 0.004 -22"><span class='ocrx_word' id='word_1_114' title='bbox 142 1725 276 1791; x_wconf 89' lang='lat' dir='ltr'>demum</span> <span class='ocrx_word' id='word_1_115' title='bbox 297 1736 481 1810; x_wconf 80' lang='lat' dir='ltr'>excerptum</span> <span class='ocrx_word' id='word_1_116' title='bbox 502 1730 646 1789; x_wconf 87' lang='lat' dir='ltr'>nostrum</span> <span class='ocrx_word' id='word_1_117' title='bbox 666 1722 757 1807; x_wconf 90' lang='lat' dir='ltr'>plene</span> <span class='ocrx_word' id='word_1_118' title='bbox 777 1723 924 1810; x_wconf 88' lang='lat' dir='ltr'>intellegi</span> <span class='ocrx_word' id='word_1_119' title='bbox 942 1726 1059 1810; x_wconf 87' lang='lat' dir='ltr'>poterit</span> <span class='ocrx_word' id='word_1_120' title='bbox 1076 1766 1113 1776; x_wconf 96' lang='lat'><em>-</em></span> <span class='ocrx_word' id='word_1_121' title='bbox 1127 1729 1166 1812; x_wconf 86' lang='lat' dir='ltr'>(c.</span> <span class='ocrx_word' id='word_1_122' title='bbox 1181 1729 1331 1810; x_wconf 85' lang='lat' dir='ltr'>LXXIII,</span> 
     </span>
     <span class='ocr_line' id='line_1_16' title="bbox 141 1829 1334 1919; baseline 0 -23"><span class='ocrx_word' id='word_1_123' title='bbox 141 1854 173 1919; x_wconf 89' lang='lat' dir='ltr'>p.</span> <span class='ocrx_word' id='word_1_124' title='bbox 200 1832 267 1897; x_wconf 82' lang='grc'>144</span> <span class='ocrx_word' id='word_1_125' title='bbox 289 1832 419 1916; x_wconf 85' lang='lat' dir='ltr'>Mehl.):</span> <span class='ocrx_word' id='word_1_126' title='bbox 455 1832 614 1909; x_wconf 80' lang='grc' dir='ltr'><strong><em>Μεταβάς</em></strong></span> <span class='ocrx_word' id='word_1_127' title='bbox 641 1829 665 1893; x_wconf 79' lang='grc' dir='ltr'>δ’</span> <span class='ocrx_word' id='word_1_128' title='bbox 698 1830 732 1892; x_wconf 81' lang='grc' dir='ltr'>ἐκ</span> <span class='ocrx_word' id='word_1_129' title='bbox 763 1837 821 1893; x_wconf 85' lang='grc' dir='ltr'>τῶν</span> <span class='ocrx_word' id='word_1_130' title='bbox 854 1830 926 1909; x_wconf 80' lang='grc' dir='ltr'><strong><em>ὑπὲρ</em></strong></span> <span class='ocrx_word' id='word_1_131' title='bbox 959 1841 1017 1909; x_wconf 82' lang='grc' dir='ltr'>γής</span> <span class='ocrx_word' id='word_1_132' title='bbox 1044 1834 1244 1912; x_wconf 71' lang='grc' dir='ltr'><strong><em>θεωρημάτων</em></strong></span> <span class='ocrx_word' id='word_1_133' title='bbox 1267 1837 1334 1901; x_wconf 75' lang='grc' dir='ltr'><strong><em>οὑδὲ</em></strong></span> 
     </span>
     <span class='ocr_line' id='line_1_17' title="bbox 140 1935 1334 2020; baseline 0.004 -17"><span class='ocrx_word' id='word_1_134' title='bbox 140 1940 198 2014; x_wconf 83' lang='grc' dir='ltr'>τήν</span> <span class='ocrx_word' id='word_1_135' title='bbox 221 1940 331 2020; x_wconf 78' lang='grc' dir='ltr'><strong><em>ἀφανῆ</em></strong></span> <span class='ocrx_word' id='word_1_136' title='bbox 356 1942 408 2003; x_wconf 76' lang='grc' dir='ltr'>καὶ</span> <span class='ocrx_word' id='word_1_137' title='bbox 434 1939 541 2018; x_wconf 80' lang='grc' dir='ltr'><strong><em>νεκράν</em></strong></span> <span class='ocrx_word' id='word_1_138' title='bbox 562 1938 655 2017; x_wconf 85' lang='grc' dir='ltr'><strong><em>Φὺσιν</em></strong></span> <span class='ocrx_word' id='word_1_139' title='bbox 676 1935 779 2000; x_wconf 73' lang='grc' dir='ltr'><strong><em>εἴασεν</em></strong></span> <span class='ocrx_word' id='word_1_140' title='bbox 798 1938 1068 2017; x_wconf 83' lang='grc' dir='ltr'><strong><em>ἀναλληγὺρητον,</em></strong></span> <span class='ocrx_word' id='word_1_141' title='bbox 1099 1942 1187 2006; x_wconf 81' lang='grc' dir='ltr'>ἀλλά</span> <span class='ocrx_word' id='word_1_142' title='bbox 1213 1945 1265 2006; x_wconf 75' lang='grc' dir='ltr'>καὶ</span> <span class='ocrx_word' id='word_1_143' title='bbox 1291 1944 1334 2009; x_wconf 86' lang='grc' dir='ltr'><strong><em>σά</em></strong></span> 
     </span>
     <span class='ocr_line' id='line_1_18' title="bbox 141 2040 1334 2127; baseline 0 -14"><span class='ocrx_word' id='word_1_144' title='bbox 141 2049 174 2113; x_wconf 77' lang='grc' dir='ltr'><strong><em>ἐν</em></strong></span> <span class='ocrx_word' id='word_1_145' title='bbox 206 2044 304 2112; x_wconf 74' lang='grc' dir='ltr'><strong><em>Αἴδου</em></strong></span> <span class='ocrx_word' id='word_1_146' title='bbox 335 2046 531 2124; x_wconf 74' lang='grc' dir='ltr'><strong><em>συμβολικῶς</em></strong></span> <span class='ocrx_word' id='word_1_147' title='bbox 564 2041 786 2124; x_wconf 70' lang='grc' dir='ltr'>ἐφιλοσόφησε.</span> <span class='ocrx_word' id='word_1_148' title='bbox 813 2045 954 2114; x_wconf 80' lang='grc' dir='ltr'><strong><em>Κωκυτὸς</em></strong></span> <span class='ocrx_word' id='word_1_149' title='bbox 978 2040 1027 2108; x_wconf 87' lang='grc' dir='ltr'><strong><em>οὑν</em></strong></span> <span class='ocrx_word' id='word_1_150' title='bbox 1051 2044 1065 2108; x_wconf 88' lang='grc' dir='ltr'><strong><em>ὑ</em></strong></span> <span class='ocrx_word' id='word_1_151' title='bbox 1089 2053 1202 2127; x_wconf 83' lang='grc' dir='ltr'><strong><em>πρῶτος</em></strong></span> <span class='ocrx_word' id='word_1_152' title='bbox 1227 2049 1334 2125; x_wconf 63' lang='lat' dir='ltr'>tvosa-</span> 
     </span>
     <span class='ocr_line' id='line_1_19' title="bbox 142 2149 1332 2236; baseline 0 -16"><span class='ocrx_word' id='word_1_153' title='bbox 142 2153 232 2236; x_wconf 83' lang='grc' dir='ltr'><strong><em>ζεπαι</em></strong></span> <span class='ocrx_word' id='word_1_154' title='bbox 258 2151 421 2230; x_wconf 79' lang='grc' dir='ltr'><strong><em>ποταμός,</em></strong></span> <span class='ocrx_word' id='word_1_155' title='bbox 446 2153 601 2228; x_wconf 78' lang='grc' dir='ltr'><strong><em>ἐπώνυμον</em></strong></span> <span class='ocrx_word' id='word_1_156' title='bbox 621 2151 803 2230; x_wconf 68' lang='grc' dir='ltr'><strong><em>ἀνθρωπίνου</em></strong></span> <span class='ocrx_word' id='word_1_157' title='bbox 823 2149 937 2222; x_wconf 89' lang='grc' dir='ltr'><strong><em>πάθους</em></strong></span> <span class='ocrx_word' id='word_1_158' title='bbox 959 2151 1064 2218; x_wconf 81' lang='grc' dir='ltr'><strong><em>καινόν.</em></strong></span> <span class='ocrx_word' id='word_1_159' title='bbox 1087 2155 1181 2232; x_wconf 83' lang='grc' dir='ltr'><strong><em>θρήνοι</em></strong></span> <span class='ocrx_word' id='word_1_160' title='bbox 1201 2157 1263 2234; x_wconf 85' lang='grc' dir='ltr'>γάρ</span> <span class='ocrx_word' id='word_1_161' title='bbox 1282 2157 1332 2221; x_wconf 77' lang='grc' dir='ltr'><strong><em>ἐπὶ</em></strong></span> 
     </span>
     <span class='ocr_line' id='line_1_20' title="bbox 140 2257 1332 2343; baseline 0 -16"><span class='ocrx_word' id='word_1_162' title='bbox 140 2271 206 2334; x_wconf 81' lang='grc' dir='ltr'><strong><em>τοῖς</em></strong></span> <span class='ocrx_word' id='word_1_163' title='bbox 231 2262 387 2325; x_wconf 80' lang='grc' dir='ltr'><strong><em>τεθνεῶσιν</em></strong></span> <span class='ocrx_word' id='word_1_164' title='bbox 411 2262 436 2324; x_wconf 82' lang='grc' dir='ltr'><strong><em>ον’</em></strong></span> <span class='ocrx_word' id='word_1_165' title='bbox 461 2261 548 2339; x_wconf 85' lang='grc' dir='ltr'><strong><em>παρά</em></strong></span> <span class='ocrx_word' id='word_1_166' title='bbox 572 2265 629 2322; x_wconf 86' lang='grc' dir='ltr'>τῶν</span> <span class='ocrx_word' id='word_1_167' title='bbox 654 2258 779 2339; x_wconf 77' lang='grc' dir='ltr'><strong><em>ζώντων.</em></strong></span> <span class='ocrx_word' id='word_1_168' title='bbox 805 2257 1076 2337; x_wconf 76' lang='grc' dir='ltr'><strong><em>Πυριφλεγέθοντα</em></strong></span> <span class='ocrx_word' id='word_1_169' title='bbox 1097 2261 1123 2325; x_wconf 74' lang='grc' dir='ltr'>δ’</span> <span class='ocrx_word' id='word_1_170' title='bbox 1142 2259 1254 2343; x_wconf 70' lang='grc' dir='ltr'><strong><em>ἐφεξῆς</em></strong></span> <span class='ocrx_word' id='word_1_171' title='bbox 1275 2263 1332 2328; x_wconf 84' lang='grc' dir='ltr'><strong><em>ὑνο-</em></strong></span> 
     </span>
     <span class='ocr_line' id='line_1_21' title="bbox 140 2363 1332 2450; baseline 0.001 -18"><span class='ocrx_word' id='word_1_172' title='bbox 140 2367 250 2450; x_wconf 83' lang='grc' dir='ltr'><strong><em>μάζεν.</em></strong></span> <span class='ocrx_word' id='word_1_173' title='bbox 270 2367 354 2445; x_wconf 85' lang='grc' dir='ltr'><strong><em>μεπά</em></strong></span> <span class='ocrx_word' id='word_1_174' title='bbox 376 2367 439 2445; x_wconf 85' lang='grc' dir='ltr'>γάρ</span> <span class='ocrx_word' id='word_1_175' title='bbox 459 2366 501 2431; x_wconf 81' lang='grc' dir='ltr'><strong><em>τοὶ</em></strong></span> <span class='ocrx_word' id='word_1_176' title='bbox 523 2365 639 2445; x_wconf 79' lang='grc' dir='ltr'><strong><em>δάκρυα</em></strong></span> <span class='ocrx_word' id='word_1_177' title='bbox 660 2365 764 2446; x_wconf 74' lang='grc' dir='ltr'><strong><em>ταφαὶ</em></strong></span> <span class='ocrx_word' id='word_1_178' title='bbox 786 2364 837 2427; x_wconf 76' lang='grc' dir='ltr'>καὶ</span> <span class='ocrx_word' id='word_1_179' title='bbox 858 2369 917 2444; x_wconf 87' lang='grc' dir='ltr'>πὺρ</span> <span class='ocrx_word' id='word_1_180' title='bbox 938 2366 1090 2446; x_wconf 80' lang='grc' dir='ltr'><strong><em>ἀφανίζον</em></strong></span> <span class='ocrx_word' id='word_1_181' title='bbox 1109 2363 1127 2431; x_wconf 81' lang='grc' dir='ltr'><strong><em>ὑ</em></strong></span> <span class='ocrx_word' id='word_1_182' title='bbox 1143 2370 1208 2432; x_wconf 83' lang='grc' dir='ltr'><strong><em>ἐστι</em></strong></span> <span class='ocrx_word' id='word_1_183' title='bbox 1226 2372 1332 2443; x_wconf 88' lang='grc' dir='ltr'><strong><em>θνητής</em></strong></span> 
     </span>
     <span class='ocr_line' id='line_1_22' title="bbox 140 2469 1390 2563; baseline 0.001 -22"><span class='ocrx_word' id='word_1_184' title='bbox 140 2473 255 2555; x_wconf 84' lang='grc' dir='ltr'><strong><em>σαρκὺς</em></strong></span> <span class='ocrx_word' id='word_1_185' title='bbox 276 2476 306 2538; x_wconf 86' lang='grc' dir='ltr'><strong><em>ἕν</em></strong></span> <span class='ocrx_word' id='word_1_186' title='bbox 326 2476 408 2549; x_wconf 83' lang='grc' dir='ltr'><strong><em>ήμῑν.</em></strong></span> <span class='ocrx_word' id='word_1_187' title='bbox 430 2471 624 2554; x_wconf 71' lang='grc' dir='ltr'><strong><em>ἀμφοτέρους</em></strong></span> <span class='ocrx_word' id='word_1_188' title='bbox 644 2472 675 2536; x_wconf 81' lang='grc' dir='ltr'>δέ</span> <span class='ocrx_word' id='word_1_189' title='bbox 695 2472 764 2542; x_wconf 87' lang='grc' dir='ltr'><strong><em>τοὺς</em></strong></span> <span class='ocrx_word' id='word_1_190' title='bbox 785 2472 945 2549; x_wconf 84' lang='grc' dir='ltr'><strong><em>ποταμοὺς</em></strong></span> <span class='ocrx_word' id='word_1_191' title='bbox 967 2475 1009 2546; x_wconf 80' lang='grc' dir='ltr'><strong><em>εἷς</em></strong></span> <span class='ocrx_word' id='word_1_192' title='bbox 1027 2469 1081 2537; x_wconf 79' lang='grc' dir='ltr'><strong><em>ἕνα</em></strong></span> <span class='ocrx_word' id='word_1_193' title='bbox 1093 2474 1145 2538; x_wconf 77' lang='grc' dir='ltr'>τὸν</span> <span class='ocrx_word' id='word_1_194' title='bbox 1159 2474 1331 2556; x_wconf 75' lang='grc' dir='ltr'><strong><em>Ἀχέροντος</em></strong></span> <span class='ocrx_word' id='word_1_195' title='bbox 1387 2559 1390 2563; x_wconf 64' lang='lat'>,</span> 
     </span>
     <span class='ocr_line' id='line_1_23' title="bbox 140 2576 1331 2663; baseline 0.002 -16"><span class='ocrx_word' id='word_1_196' title='bbox 140 2583 321 2662; x_wconf 78' lang='grc' dir='ltr'><strong><em>συρρέοντος</em></strong></span> <span class='ocrx_word' id='word_1_197' title='bbox 344 2576 443 2658; x_wconf 78' lang='grc' dir='ltr'><strong><em>οἶδεν,</em></strong></span> <span class='ocrx_word' id='word_1_198' title='bbox 469 2581 638 2659; x_wconf 81' lang='grc' dir='ltr'><strong><em>ἐπεθπερ</em></strong></span> <span class='ocrx_word' id='word_1_199' title='bbox 663 2578 884 2659; x_wconf 75' lang='grc' dir='ltr'><strong><em>ἐκδέχεται</em></strong></span> <span class='ocrx_word' id='word_1_200' title='bbox 910 2581 1017 2657; x_wconf 71' lang='grc' dir='ltr'><strong><em>μετὰ</em></strong></span> <span class='ocrx_word' id='word_1_201' title='bbox 1040 2581 1132 2654; x_wconf 85' lang='grc' dir='ltr'><strong><em>τοὺς</em></strong></span> <span class='ocrx_word' id='word_1_202' title='bbox 1157 2583 1331 2663; x_wconf 79' lang='grc' dir='ltr'><strong><em>πρώτους</em></strong></span> 
     </span>
     <span class='ocr_line' id='line_1_24' title="bbox 140 2684 1329 2769; baseline 0.001 -15"><span class='ocrx_word' id='word_1_203' title='bbox 140 2688 346 2758; x_wconf 77' lang='grc' dir='ltr'><strong><em>κωκυτοὺς</em></strong></span> <span class='ocrx_word' id='word_1_204' title='bbox 380 2687 445 2751; x_wconf 79' lang='grc' dir='ltr'>καὶ</span> <span class='ocrx_word' id='word_1_205' title='bbox 476 2687 548 2760; x_wconf 85' lang='grc' dir='ltr'>τήν</span> <span class='ocrx_word' id='word_1_206' title='bbox 578 2684 851 2766; x_wconf 77' lang='grc' dir='ltr'><strong><em>ὀφειλομένην</em></strong></span> <span class='ocrx_word' id='word_1_207' title='bbox 875 2688 1014 2767; x_wconf 78' lang='grc' dir='ltr'><strong><em>ταφήν</em></strong></span> <span class='ocrx_word' id='word_1_208' title='bbox 1036 2685 1120 2769; x_wconf 81' lang='grc' dir='ltr'>ἄχη</span> <span class='ocrx_word' id='word_1_209' title='bbox 1144 2690 1235 2753; x_wconf 85' lang='grc' dir='ltr'><strong><em>τινά</em></strong></span> <span class='ocrx_word' id='word_1_210' title='bbox 1261 2691 1329 2754; x_wconf 78' lang='grc' dir='ltr'>καὶ</span> 
     </span>
     <span class='ocr_line' id='line_1_25' title="bbox 139 2791 1329 2875; baseline 0.002 -15"><span class='ocrx_word' id='word_1_211' title='bbox 139 2799 270 2860; x_wconf 80' lang='grc' dir='ltr'><strong><em>λῦπαι</em></strong></span> <span class='ocrx_word' id='word_1_212' title='bbox 301 2792 474 2875; x_wconf 81' lang='grc' dir='ltr'><strong><em>χρόνιοι,</em></strong></span> <span class='ocrx_word' id='word_1_213' title='bbox 507 2792 577 2872; x_wconf 83' lang='grc' dir='ltr'><strong><em>πρὸς</em></strong></span> <span class='ocrx_word' id='word_1_214' title='bbox 611 2793 723 2870; x_wconf 77' lang='grc' dir='ltr'><strong><em>ὑλθγας</em></strong></span> <span class='ocrx_word' id='word_1_215' title='bbox 756 2791 938 2868; x_wconf 76' lang='grc' dir='ltr'><strong><em>ὑπομνήσεις</em></strong></span> <span class='ocrx_word' id='word_1_216' title='bbox 963 2793 1144 2874; x_wconf 75' lang='grc' dir='ltr'><strong><em>ἐρεθίζονται</em></strong></span> <span class='ocrx_word' id='word_1_217' title='bbox 1169 2798 1211 2861; x_wconf 71' lang='lat' dir='ltr'>rit</span> <span class='ocrx_word' id='word_1_218' title='bbox 1236 2796 1329 2872; x_wconf 91' lang='grc' dir='ltr'><strong><em>πάθη.</em></strong></span> 
     </span>
     <span class='ocr_line' id='line_1_26' title="bbox 140 2897 1330 2980; baseline -0.001 -11"><span class='ocrx_word' id='word_1_219' title='bbox 140 2900 267 2980; x_wconf 80' lang='grc' dir='ltr'><strong><em>Στυγὸς</em></strong></span> <span class='ocrx_word' id='word_1_220' title='bbox 292 2900 317 2965; x_wconf 74' lang='grc' dir='ltr'>δ’</span> <span class='ocrx_word' id='word_1_221' title='bbox 344 2902 518 2980; x_wconf 81' lang='grc' dir='ltr'><strong><em>ἀπορρῶγες</em></strong></span> <span class='ocrx_word' id='word_1_222' title='bbox 542 2900 567 2963; x_wconf 86' lang='lat' dir='ltr'>ci</span> <span class='ocrx_word' id='word_1_223' title='bbox 591 2898 725 2975; x_wconf 82' lang='grc' dir='ltr'><strong><em>ποταμοὶ</em></strong></span> <span class='ocrx_word' id='word_1_224' title='bbox 749 2897 800 2962; x_wconf 73' lang='lat' dir='ltr'>ae</span> <span class='ocrx_word' id='word_1_225' title='bbox 824 2901 878 2973; x_wconf 83' lang='grc' dir='ltr'>τήν</span> <span class='ocrx_word' id='word_1_226' title='bbox 901 2900 1100 2977; x_wconf 83' lang='grc' dir='ltr'><strong><em>στυγνότητα</em></strong></span> <span class='ocrx_word' id='word_1_227' title='bbox 1124 2901 1175 2966; x_wconf 73' lang='grc' dir='ltr'>καὶ</span> <span class='ocrx_word' id='word_1_228' title='bbox 1202 2905 1255 2976; x_wconf 78' lang='grc' dir='ltr'>τήν</span> <span class='ocrx_word' id='word_1_229' title='bbox 1280 2905 1330 2968; x_wconf 74' lang='grc' dir='ltr'><strong><em>ἐπὶ</em></strong></span> 
     </span>
     <span class='ocr_line' id='line_1_27' title="bbox 137 3004 1329 3093; baseline -0.001 -18"><span class='ocrx_word' id='word_1_230' title='bbox 137 3012 183 3090; x_wconf 77' lang='grc' dir='ltr'><strong><em>τῷ</em></strong></span> <span class='ocrx_word' id='word_1_231' title='bbox 206 3005 327 3086; x_wconf 83' lang='grc' dir='ltr'><strong><em>θανάτιρ</em></strong></span> <span class='ocrx_word' id='word_1_232' title='bbox 350 3008 536 3082; x_wconf 84' lang='grc' dir='ltr'><strong><em>κατήφειαν.</em></strong></span> <span class='ocrx_word' id='word_1_233' title='bbox 573 3004 642 3070; x_wconf 90' lang='lat' dir='ltr'>lam</span> <span class='ocrx_word' id='word_1_234' title='bbox 663 3005 746 3089; x_wconf 93' lang='lat' dir='ltr'>quod</span> <span class='ocrx_word' id='word_1_235' title='bbox 767 3004 928 3081; x_wconf 89' lang='lat' dir='ltr'>dicebam,</span> <span class='ocrx_word' id='word_1_236' title='bbox 949 3007 1026 3070; x_wconf 88' lang='lat' dir='ltr'>satis</span> <span class='ocrx_word' id='word_1_237' title='bbox 1047 3045 1087 3055; x_wconf 94' lang='lat'><strong>—</strong></span> <span class='ocrx_word' id='word_1_238' title='bbox 1109 3016 1146 3072; x_wconf 89' lang='lat' dir='ltr'>ut</span> <span class='ocrx_word' id='word_1_239' title='bbox 1164 3012 1275 3093; x_wconf 91' lang='lat' dir='ltr'>opinor</span> <span class='ocrx_word' id='word_1_240' title='bbox 1289 3049 1329 3059; x_wconf 94' lang='lat'>—</span> 
     </span>
     <span class='ocr_line' id='line_1_28' title="bbox 136 3111 1331 3200; baseline -0.002 -17"><span class='ocrx_word' id='word_1_241' title='bbox 136 3117 216 3183; x_wconf 89' lang='lat' dir='ltr'>hinc</span> <span class='ocrx_word' id='word_1_242' title='bbox 248 3114 501 3179; x_wconf 89' lang='lat' dir='ltr'>demonstratum</span> <span class='ocrx_word' id='word_1_243' title='bbox 535 3114 605 3176; x_wconf 89' lang='lat' dir='ltr'>erit.</span> <span class='ocrx_word' id='word_1_244' title='bbox 652 3111 763 3196; x_wconf 86' lang='lat' dir='ltr'>Neque</span> <span class='ocrx_word' id='word_1_245' title='bbox 795 3117 903 3175; x_wconf 88' lang='lat' dir='ltr'>tamen</span> <span class='ocrx_word' id='word_1_246' title='bbox 927 3111 1084 3176; x_wconf 88' lang='lat' dir='ltr'>Heracliti</span> <span class='ocrx_word' id='word_1_247' title='bbox 1108 3115 1225 3198; x_wconf 90' lang='lat' dir='ltr'>ipsius,</span> <span class='ocrx_word' id='word_1_248' title='bbox 1251 3137 1331 3200; x_wconf 89' lang='lat' dir='ltr'>quae</span> 
     </span>
     <span class='ocr_line' id='line_1_29' title="bbox 137 3218 1332 3305; baseline -0.002 -17"><span class='ocrx_word' id='word_1_249' title='bbox 137 3220 339 3298; x_wconf 87' lang='lat' dir='ltr'>adferebam,</span> <span class='ocrx_word' id='word_1_250' title='bbox 360 3219 457 3285; x_wconf 86' lang='lat' dir='ltr'>verba</span> <span class='ocrx_word' id='word_1_251' title='bbox 476 3219 516 3283; x_wconf 88' lang='lat' dir='ltr'>ab</span> <span class='ocrx_word' id='word_1_252' title='bbox 536 3219 624 3283; x_wconf 91' lang='lat' dir='ltr'>omni</span> <span class='ocrx_word' id='word_1_253' title='bbox 644 3223 733 3302; x_wconf 86' lang='lat' dir='ltr'>parte</span> <span class='ocrx_word' id='word_1_254' title='bbox 752 3219 877 3304; x_wconf 88' lang='lat' dir='ltr'>integra</span> <span class='ocrx_word' id='word_1_255' title='bbox 896 3218 978 3281; x_wconf 93' lang='lat' dir='ltr'>mibi</span> <span class='ocrx_word' id='word_1_256' title='bbox 991 3218 1157 3297; x_wconf 87' lang='lat' dir='ltr'>videntur,</span> <span class='ocrx_word' id='word_1_257' title='bbox 1170 3222 1332 3305; x_wconf 85' lang='lat' dir='ltr'>inquibus</span> 
     </span>
     <span class='ocr_line' id='line_1_30' title="bbox 137 3322 1331 3411; baseline -0.003 -16"><span class='ocrx_word' id='word_1_258' title='bbox 137 3350 199 3395; x_wconf 91' lang='lat' dir='ltr'>nec</span> <span class='ocrx_word' id='word_1_259' title='bbox 230 3330 324 3406; x_wconf 77' lang='grc' dir='ltr'><strong><em>θρῆνοι</em></strong></span> <span class='ocrx_word' id='word_1_260' title='bbox 356 3363 396 3373; x_wconf 89' lang='grc'><strong>-</strong></span> <span class='ocrx_word' id='word_1_261' title='bbox 430 3326 463 3389; x_wconf 80' lang='grc' dir='ltr'>οἱ</span> <span class='ocrx_word' id='word_1_262' title='bbox 496 3326 581 3402; x_wconf 73' lang='grc' dir='ltr'><strong><em>παρὰ</em></strong></span> <span class='ocrx_word' id='word_1_263' title='bbox 612 3331 670 3388; x_wconf 84' lang='grc' dir='ltr'>τών</span> <span class='ocrx_word' id='word_1_264' title='bbox 702 3322 819 3405; x_wconf 80' lang='grc' dir='ltr'><strong><em>ζώντων</em></strong></span> <span class='ocrx_word' id='word_1_265' title='bbox 852 3324 1017 3388; x_wconf 88' lang='lat' dir='ltr'>commode</span> <span class='ocrx_word' id='word_1_266' title='bbox 1049 3325 1150 3390; x_wconf 90' lang='lat' dir='ltr'>habeo</span> <span class='ocrx_word' id='word_1_267' title='bbox 1174 3326 1331 3411; x_wconf 86' lang='lat' dir='ltr'>explicare</span> 
     </span>
     <span class='ocr_line' id='line_1_31' title="bbox 135 3429 1329 3514; baseline 0 -13"><span class='ocrx_word' id='word_1_268' title='bbox 135 3456 198 3501; x_wconf 88' lang='lat' dir='ltr'>neo</span> <span class='ocrx_word' id='word_1_269' title='bbox 221 3438 321 3498; x_wconf 83' lang='grc' dir='ltr'><strong><em>λῦπαι</em></strong></span> <span class='ocrx_word' id='word_1_270' title='bbox 344 3431 475 3514; x_wconf 77' lang='grc' dir='ltr'><strong><em>χρόνιοι,</em></strong></span> <span class='ocrx_word' id='word_1_271' title='bbox 497 3434 568 3511; x_wconf 83' lang='grc' dir='ltr'><strong><em>πρὸς</em></strong></span> <span class='ocrx_word' id='word_1_272' title='bbox 592 3431 743 3507; x_wconf 79' lang='grc' dir='ltr'><strong><em>θλίγας</em></strong></span> <span class='ocrx_word' id='word_1_273' title='bbox 767 3431 948 3507; x_wconf 78' lang='grc' dir='ltr'><strong><em>ὑπομνήσεις</em></strong></span> <span class='ocrx_word' id='word_1_274' title='bbox 971 3429 1152 3510; x_wconf 83' lang='grc' dir='ltr'><strong><em>έρεθθζουσαι</em></strong></span> <span class='ocrx_word' id='word_1_275' title='bbox 1172 3432 1215 3498; x_wconf 78' lang='grc' dir='ltr'><strong><em>τὰ</em></strong></span> <span class='ocrx_word' id='word_1_276' title='bbox 1235 3434 1329 3507; x_wconf 84' lang='grc' dir='ltr'><strong><em>πάθη.</em></strong></span> 
     </span>
     <span class='ocr_line' id='line_1_32' title="bbox 136 3537 1330 3629; baseline -0.003 -22"><span class='ocrx_word' id='word_1_277' title='bbox 136 3538 301 3629; x_wconf 78' lang='lat' dir='ltr'>liquidem</span> <span class='ocrx_word' id='word_1_278' title='bbox 323 3539 417 3625; x_wconf 91' lang='lat' dir='ltr'>plane</span> <span class='ocrx_word' id='word_1_279' title='bbox 441 3537 633 3603; x_wconf 88' lang='lat' dir='ltr'>contrarium</span> <span class='ocrx_word' id='word_1_280' title='bbox 658 3537 894 3622; x_wconf 88' lang='lat' dir='ltr'>exspectabam,</span> <span class='ocrx_word' id='word_1_281' title='bbox 922 3537 993 3615; x_wconf 78' lang='grc' dir='ltr'><strong><em>πρὸς</em></strong></span> <span class='ocrx_word' id='word_1_282' title='bbox 1018 3539 1142 3618; x_wconf 75' lang='grc' dir='ltr'><strong><em>μακρὰς</em></strong></span> <span class='ocrx_word' id='word_1_283' title='bbox 1166 3542 1234 3605; x_wconf 88' lang='lat' dir='ltr'>sive</span> <span class='ocrx_word' id='word_1_284' title='bbox 1258 3542 1330 3606; x_wconf 81' lang='grc' dir='ltr'><strong><em>αἰω-</em></strong></span> 
     </span>
     <span class='ocr_line' id='line_1_33' title="bbox 136 3644 1329 3731; baseline -0.004 -16"><span class='ocrx_word' id='word_1_285' title='bbox 136 3650 218 3721; x_wconf 86' lang='grc' dir='ltr'><strong><em>νθους</em></strong></span> <span class='ocrx_word' id='word_1_286' title='bbox 244 3646 438 3723; x_wconf 87' lang='grc' dir='ltr'><strong><em>ὑπομνήσεις.</em></strong></span> <span class='ocrx_word' id='word_1_287' title='bbox 486 3645 547 3710; x_wconf 78' lang='lat' dir='ltr'>Sed</span> <span class='ocrx_word' id='word_1_288' title='bbox 571 3644 654 3729; x_wconf 90' lang='lat' dir='ltr'>quod</span> <span class='ocrx_word' id='word_1_289' title='bbox 678 3650 763 3710; x_wconf 89' lang='lat' dir='ltr'>certo</span> <span class='ocrx_word' id='word_1_290' title='bbox 786 3664 953 3728; x_wconf 89' lang='lat' dir='ltr'>reponam,</span> <span class='ocrx_word' id='word_1_291' title='bbox 979 3659 1091 3708; x_wconf 85' lang='lat' dir='ltr'>neutro</span> <span class='ocrx_word' id='word_1_292' title='bbox 1111 3644 1179 3710; x_wconf 93' lang='lat' dir='ltr'>loco</span> <span class='ocrx_word' id='word_1_293' title='bbox 1198 3649 1329 3731; x_wconf 89' lang='lat' dir='ltr'>reperio.</span> 
     </span>
     <span class='ocr_line' id='line_1_34' title="bbox 136 3749 1329 3840; baseline -0.002 -21"><span class='ocrx_word' id='word_1_294' title='bbox 136 3759 191 3824; x_wconf 79' lang='lat' dir='ltr'>An</span> <span class='ocrx_word' id='word_1_295' title='bbox 221 3774 278 3840; x_wconf 91' lang='lat' dir='ltr'>pro</span> <span class='ocrx_word' id='word_1_296' title='bbox 310 3754 420 3830; x_wconf 78' lang='grc' dir='ltr'><strong><em>θλέγας</em></strong></span> <span class='ocrx_word' id='word_1_297' title='bbox 452 3752 669 3817; x_wconf 81' lang='lat' dir='ltr'>scribendum:</span> <span class='ocrx_word' id='word_1_298' title='bbox 702 3755 800 3815; x_wconf 81' lang='grc' dir='ltr'><strong><em>λῦπαι</em></strong></span> <span class='ocrx_word' id='word_1_299' title='bbox 834 3749 965 3831; x_wconf 80' lang='grc' dir='ltr'><strong><em>χρόνιοι,</em></strong></span> <span class='ocrx_word' id='word_1_300' title='bbox 990 3751 1062 3830; x_wconf 82' lang='grc' dir='ltr'><strong><em>πρὸς</em></strong></span> <span class='ocrx_word' id='word_1_301' title='bbox 1087 3751 1329 3830; x_wconf 74' lang='grc' dir='ltr'><strong><em>διωλυγίους</em></strong></span> 
     </span>
    </p>
   </div>
   <div class='ocr_carea' id='block_1_3' title="bbox 141 3939 319 3953">
    <p class='ocr_par' dir='ltr' id='par_1_3' title="bbox 141 3939 319 3953">
     <span class='ocr_line' id='line_1_35' title="bbox 141 3939 319 3953; baseline -0.011 0"><span class='ocrx_word' id='word_1_302' title='bbox 141 3939 319 3953; x_wconf 48' lang='lat' dir='ltr'>m</span> 
     </span>
    </p>
   </div>
   <div class='ocr_carea' id='block_1_4' title="bbox 133 4039 1332 4210">
    <p class='ocr_par' dir='ltr' id='par_1_4' title="bbox 133 4039 1332 4210">
     <span class='ocr_line' id='line_1_36' title="bbox 135 4039 1332 4124; baseline 0.008 -22"><span class='ocrx_word' id='word_1_303' title='bbox 135 4061 172 4112; x_wconf 73' lang='lat' dir='ltr'>ihi</span> <span class='ocrx_word' id='word_1_304' title='bbox 200 4061 340 4124; x_wconf 74' lang='lat' dir='ltr'>comperet?</span> <span class='ocrx_word' id='word_1_305' title='bbox 367 4059 430 4106; x_wconf 89' lang='lat' dir='ltr'>Nom</span> <span class='ocrx_word' id='word_1_306' title='bbox 448 4039 513 4122; x_wconf 18' lang='lat' dir='ltr'>,quod</span> <span class='ocrx_word' id='word_1_307' title='bbox 537 4056 699 4121; x_wconf 85' lang='lat' dir='ltr'>auspicantur,</span> <span class='ocrx_word' id='word_1_308' title='bbox 718 4055 742 4103; x_wconf 87' lang='lat' dir='ltr'>id</span> <span class='ocrx_word' id='word_1_309' title='bbox 760 4054 819 4104; x_wconf 90' lang='lat' dir='ltr'>olim</span> <span class='ocrx_word' id='word_1_310' title='bbox 836 4054 924 4104; x_wconf 84' lang='lat' dir='ltr'>lectum</span> <span class='ocrx_word' id='word_1_311' title='bbox 942 4055 1013 4105; x_wconf 82' lang='lat' dir='ltr'>fnisse</span> <span class='ocrx_word' id='word_1_312' title='bbox 1032 4056 1087 4106; x_wconf 89' lang='lat' dir='ltr'>ibid.</span> <span class='ocrx_word' id='word_1_313' title='bbox 1106 4074 1125 4106; x_wconf 87' lang='lat' dir='ltr'>o.</span> <span class='ocrx_word' id='word_1_314' title='bbox 1146 4057 1181 4107; x_wconf 88' lang='lat' dir='ltr'>lv</span> <span class='ocrx_word' id='word_1_315' title='bbox 1200 4061 1211 4122; x_wconf 84' lang='lat'>§</span> <span class='ocrx_word' id='word_1_316' title='bbox 1227 4059 1271 4119; x_wconf 76' lang='lat' dir='ltr'>tt,</span> <span class='ocrx_word' id='word_1_317' title='bbox 1291 4059 1332 4112; x_wconf 87' lang='lat' dir='ltr'>nbi</span> 
     </span>
     <span class='ocr_line' id='line_1_37' title="bbox 133 4142 1329 4210; baseline 0.015 -27"><span class='ocrx_word' id='word_1_318' title='bbox 133 4166 202 4203; x_wconf 59' lang='lat' dir='ltr'>mc</span> <span class='ocrx_word' id='word_1_319' title='bbox 225 4145 241 4205; x_wconf 65' lang='lat' dir='ltr'>t}</span> <span class='ocrx_word' id='word_1_320' title='bbox 260 4145 334 4209; x_wconf 58' lang='grc' dir='ltr'><strong><em>μηδὲν</em></strong></span> <span class='ocrx_word' id='word_1_321' title='bbox 352 4142 439 4210; x_wconf 62' lang='lat' dir='ltr'>torar&lt;</span> <span class='ocrx_word' id='word_1_322' title='bbox 458 4144 539 4195; x_wconf 74' lang='grc' dir='ltr'><strong><em>αὑτῶν</em></strong></span> <span class='ocrx_word' id='word_1_323' title='bbox 558 4142 631 4201; x_wconf 76' lang='grc' dir='ltr'><strong><em>εἶναι,</em></strong></span> <span class='ocrx_word' id='word_1_324' title='bbox 648 4146 701 4209; x_wconf 88' lang='lat' dir='ltr'>quis</span> <span class='ocrx_word' id='word_1_325' title='bbox 724 4145 768 4193; x_wconf 91' lang='lat' dir='ltr'>hoc</span> <span class='ocrx_word' id='word_1_326' title='bbox 790 4145 891 4209; x_wconf 74' lang='lat' dir='ltr'>probet?</span> <span class='ocrx_word' id='word_1_327' title='bbox 914 4147 959 4194; x_wconf 91' lang='lat' dir='ltr'>Sed</span> <span class='ocrx_word' id='word_1_328' title='bbox 977 4147 1021 4195; x_wconf 90' lang='lat' dir='ltr'>hoc</span> <span class='ocrx_word' id='word_1_329' title='bbox 1038 4145 1123 4196; x_wconf 79' lang='lat' dir='ltr'>obiter.</span> <span class='ocrx_word' id='word_1_330' title='bbox 1149 4149 1329 4201; x_wconf 83' lang='lat' dir='ltr'>Adnotavorunt</span> 
     </span>
    </p>
   </div>
   <div class='ocr_carea' id='block_1_5' title="bbox 133 4233 1331 4385">
    <p class='ocr_par' dir='ltr' id='par_1_5' title="bbox 133 4233 1331 4385">
     <span class='ocr_line' id='line_1_38' title="bbox 134 4233 1331 4307; baseline -0.002 -15"><span class='ocrx_word' id='word_1_331' title='bbox 134 4239 256 4292; x_wconf 80' lang='lat' dir='ltr'>Thesauri</span> <span class='ocrx_word' id='word_1_332' title='bbox 279 4236 434 4303; x_wconf 87' lang='lat' dir='ltr'>Stephaniani</span> <span class='ocrx_word' id='word_1_333' title='bbox 455 4237 556 4284; x_wconf 85' lang='lat' dir='ltr'>editores</span> <span class='ocrx_word' id='word_1_334' title='bbox 574 4239 597 4283; x_wconf 87' lang='lat' dir='ltr'>ot</span> <span class='ocrx_word' id='word_1_335' title='bbox 616 4236 677 4307; x_wconf 84' lang='lat' dir='ltr'>apud</span> <span class='ocrx_word' id='word_1_336' title='bbox 696 4235 755 4283; x_wconf 82' lang='lat' dir='ltr'>alios</span> <span class='ocrx_word' id='word_1_337' title='bbox 772 4235 891 4298; x_wconf 71' lang='lat' dir='ltr'>aequiores</span> <span class='ocrx_word' id='word_1_338' title='bbox 908 4251 989 4285; x_wconf 86' lang='lat' dir='ltr'>vocem</span> <span class='ocrx_word' id='word_1_339' title='bbox 1007 4233 1094 4297; x_wconf 79' lang='grc' dir='ltr'><strong><em>ὀφειλή</em></strong></span> <span class='ocrx_word' id='word_1_340' title='bbox 1109 4236 1234 4301; x_wconf 75' lang='lat' dir='ltr'>aliquoties</span> <span class='ocrx_word' id='word_1_341' title='bbox 1251 4256 1331 4290; x_wconf 88' lang='lat' dir='ltr'>occur·</span> 
     </span>
     <span class='ocr_line' id='line_1_39' title="bbox 133 4318 1329 4385; baseline -0.002 -10"><span class='ocrx_word' id='word_1_342' title='bbox 133 4340 206 4383; x_wconf 75' lang='lat' dir='ltr'>rm,</span> <span class='ocrx_word' id='word_1_343' title='bbox 224 4325 254 4373; x_wconf 83' lang='lat' dir='ltr'>ut</span> <span class='ocrx_word' id='word_1_344' title='bbox 270 4322 296 4370; x_wconf 90' lang='lat' dir='ltr'>in</span> <span class='ocrx_word' id='word_1_345' title='bbox 315 4321 345 4370; x_wconf 90' lang='lat' dir='ltr'>N.</span> <span class='ocrx_word' id='word_1_346' title='bbox 364 4320 391 4369; x_wconf 83' lang='grc' dir='ltr'>Τ.</span> <span class='ocrx_word' id='word_1_347' title='bbox 410 4336 446 4385; x_wconf 82' lang='lat' dir='ltr'>ap.</span> <span class='ocrx_word' id='word_1_348' title='bbox 467 4319 556 4369; x_wconf 90' lang='lat' dir='ltr'>Mattb.</span> <span class='ocrx_word' id='word_1_349' title='bbox 575 4318 676 4375; x_wconf 85' lang='lat' dir='ltr'>XVIII,</span> <span class='ocrx_word' id='word_1_350' title='bbox 696 4318 902 4367; x_wconf 71' lang='lat' dir='ltr'>sectarium.</span> <span class='ocrx_word' id='word_1_351' title='bbox 921 4319 994 4377; x_wconf 86' lang='lat' dir='ltr'>XIII,</span> <span class='ocrx_word' id='word_1_352' title='bbox 1014 4318 1037 4378; x_wconf 79' lang='lat' dir='ltr'>t,</span> <span class='ocrx_word' id='word_1_353' title='bbox 1053 4319 1329 4385; x_wconf 82' lang='lat' dir='ltr'>itemap.IIuatatbiunr.</span> 
     </span>
    </p>
   </div>
   <div class='ocr_carea' id='block_1_6' title="bbox 0 0 1494 4950">
    <p class='ocr_par' dir='ltr' id='par_1_6' title="bbox 0 0 1494 4950">
     <span class='ocr_line' id='line_1_40' title="bbox 0 0 1494 4950; baseline 0 1"><span class='ocrx_word' id='word_1_354' title='bbox 0 0 1494 4950; x_wconf 95' lang='lat' dir='ltr'> </span> 
     </span>
    </p>
   </div>
  </div>
 </body>
</html>
