<?xml version="1.0" encoding="UTF-8"?>
<!DOCTYPE html PUBLIC "-//W3C//DTD XHTML 1.0 Transitional//EN"
    "http://www.w3.org/TR/xhtml1/DTD/xhtml1-transitional.dtd">
<html xmlns="http://www.w3.org/1999/xhtml" xml:lang="en" lang="en">
 <head>
  <title>
</title>
<meta http-equiv="Content-Type" content="text/html;charset=utf-8" />
  <meta name='ocr-system' content='tesseract 3.04.00' />
  <meta name='ocr-capabilities' content='ocr_page ocr_carea ocr_par ocr_line ocrx_word'/>
</head>
<body>
  <div class='ocr_page' id='page_1' title='image "./adodysseameiusq00polagoog_0333.png"; bbox 0 0 2978 4950; ppageno 0'>
   <div class='ocr_carea' id='block_1_1' title="bbox 570 148 735 265">
    <p class='ocr_par' dir='ltr' id='par_1_1' title="bbox 570 148 735 265">
     <span class='ocr_line' id='line_1_1' title="bbox 570 148 735 265; baseline 0.024 -4"><span class='ocrx_word' id='word_1_1' title='bbox 570 257 573 261; x_wconf 85' lang='grc'><em>,</em></span> <span class='ocrx_word' id='word_1_2' title='bbox 671 148 735 265; x_wconf 76' lang='lat' dir='ltr'><strong>soi</strong></span> 
     </span>
    </p>
   </div>
   <div class='ocr_carea' id='block_1_2' title="bbox 126 386 1351 2384">
    <p class='ocr_par' dir='ltr' id='par_1_2' title="bbox 126 386 1308 1217">
     <span class='ocr_line' id='line_1_2' title="bbox 126 386 1306 474; baseline -0.008 -14"><span class='ocrx_word' id='word_1_3' title='bbox 126 399 233 460; x_wconf 70' lang='lat' dir='ltr'><strong>»turn</strong></span> <span class='ocrx_word' id='word_1_4' title='bbox 267 398 314 457; x_wconf 90' lang='lat' dir='ltr'><strong>est</strong></span> <span class='ocrx_word' id='word_1_5' title='bbox 344 393 378 455; x_wconf 91' lang='lat' dir='ltr'><strong>in</strong></span> <span class='ocrx_word' id='word_1_6' title='bbox 410 389 453 467; x_wconf 89' lang='lat' dir='ltr'><strong>P,</strong></span> <span class='ocrx_word' id='word_1_7' title='bbox 486 389 591 474; x_wconf 84' lang='lat' dir='ltr'><strong>priora</strong></span> <span class='ocrx_word' id='word_1_8' title='bbox 620 408 719 472; x_wconf 88' lang='lat' dir='ltr'><strong>nsque</strong></span> <span class='ocrx_word' id='word_1_9' title='bbox 750 388 789 453; x_wconf 88' lang='lat' dir='ltr'><strong>ad</strong></span> <span class='ocrx_word' id='word_1_10' title='bbox 820 409 851 451; x_wconf 81' lang='lat' dir='ltr'><strong>r.</strong></span> <span class='ocrx_word' id='word_1_11' title='bbox 875 386 971 467; x_wconf 80' lang='grc' dir='ltr'><strong><em>εὐχὴν</em></strong></span> <span class='ocrx_word' id='word_1_12' title='bbox 995 386 1132 464; x_wconf 72' lang='grc' dir='ltr'><strong>ἐκφέρειν</strong></span> <span class='ocrx_word' id='word_1_13' title='bbox 1155 387 1250 452; x_wconf 86' lang='lat' dir='ltr'><strong>etiam</strong></span> <span class='ocrx_word' id='word_1_14' title='bbox 1272 386 1306 451; x_wconf 94' lang='lat' dir='ltr'><strong>in</strong></span> 
     </span>
     <span class='ocr_line' id='line_1_3' title="bbox 126 492 1306 588; baseline -0.006 -23"><span class='ocrx_word' id='word_1_15' title='bbox 126 501 149 582; x_wconf 60' lang='grc' dir='ltr'>ξ</span> <span class='ocrx_word' id='word_1_16' title='bbox 195 499 358 588; x_wconf 81' lang='lat' dir='ltr'><strong>leguntur,</strong></span> <span class='ocrx_word' id='word_1_17' title='bbox 386 496 492 562; x_wconf 85' lang='lat' dir='ltr'><strong>verbis</strong></span> <span class='ocrx_word' id='word_1_18' title='bbox 515 498 549 559; x_wconf 93' lang='lat' dir='ltr'><strong>in</strong></span> <span class='ocrx_word' id='word_1_19' title='bbox 573 495 666 560; x_wconf 87' lang='lat' dir='ltr'><strong>initio</strong></span> <span class='ocrx_word' id='word_1_20' title='bbox 690 494 823 580; x_wconf 88' lang='lat' dir='ltr'><strong>paulum</strong></span> <span class='ocrx_word' id='word_1_21' title='bbox 847 494 999 559; x_wconf 86' lang='lat' dir='ltr'><strong>diversis:</strong></span> <span class='ocrx_word' id='word_1_22' title='bbox 1019 495 1072 557; x_wconf 80' lang='grc' dir='ltr'><strong>οὐκ</strong></span> <span class='ocrx_word' id='word_1_23' title='bbox 1094 492 1158 581; x_wconf 75' lang='grc' dir='ltr'><strong>ἔστι</strong></span> <span class='ocrx_word' id='word_1_24' title='bbox 1172 494 1306 571; x_wconf 73' lang='grc' dir='ltr'><strong><em>γάρτιῖν</em></strong></span> 
     </span>
     <span class='ocr_line' id='line_1_4' title="bbox 126 599 1306 687; baseline -0.006 -16"><span class='ocrx_word' id='word_1_25' title='bbox 126 605 284 686; x_wconf 57' lang='lat' dir='ltr'><strong>galeivei</strong></span> <span class='ocrx_word' id='word_1_26' title='bbox 319 606 353 669; x_wconf 80' lang='lat' dir='ltr'><strong>ri</strong></span> <span class='ocrx_word' id='word_1_27' title='bbox 389 605 586 683; x_wconf 72' lang='grc' dir='ltr'><strong><em>φθένγννθωι</em></strong></span> <span class='ocrx_word' id='word_1_28' title='bbox 624 601 723 686; x_wconf 79' lang='lat' dir='ltr'><strong>(App.</strong></span> <span class='ocrx_word' id='word_1_29' title='bbox 756 622 787 685; x_wconf 89' lang='lat' dir='ltr'><strong>p.</strong></span> <span class='ocrx_word' id='word_1_30' title='bbox 821 599 919 687; x_wconf 83' lang='lat'><strong>766),</strong></span> <span class='ocrx_word' id='word_1_31' title='bbox 955 600 1009 665; x_wconf 86' lang='lat' dir='ltr'><strong>aed</strong></span> <span class='ocrx_word' id='word_1_32' title='bbox 1038 600 1148 665; x_wconf 87' lang='lat' dir='ltr'><strong>eodem</strong></span> <span class='ocrx_word' id='word_1_33' title='bbox 1177 621 1306 685; x_wconf 86' lang='lat' dir='ltr'><strong>prorsus</strong></span> 
     </span>
     <span class='ocr_line' id='line_1_5' title="bbox 126 700 1304 794; baseline -0.007 -16"><span class='ocrx_word' id='word_1_34' title='bbox 126 733 218 778; x_wconf 73' lang='lat' dir='ltr'><strong>reu.</strong></span> <span class='ocrx_word' id='word_1_35' title='bbox 242 714 378 776; x_wconf 63' lang='lat' dir='ltr'><strong>⁴Verum</strong></span> <span class='ocrx_word' id='word_1_36' title='bbox 410 709 487 794; x_wconf 87' lang='lat' dir='ltr'><strong>quid</strong></span> <span class='ocrx_word' id='word_1_37' title='bbox 519 707 632 774; x_wconf 79' lang='lat' dir='ltr'><strong>volunt</strong></span> <span class='ocrx_word' id='word_1_38' title='bbox 657 713 799 773; x_wconf 86' lang='lat' dir='ltr'><strong>extrema</strong></span> <span class='ocrx_word' id='word_1_39' title='bbox 826 706 901 772; x_wconf 88' lang='lat' dir='ltr'><strong>illa:</strong></span> <span class='ocrx_word' id='word_1_40' title='bbox 926 702 997 770; x_wconf 77' lang='grc' dir='ltr'><strong><em>εἶτά</em></strong></span> <span class='ocrx_word' id='word_1_41' title='bbox 1022 712 1114 785; x_wconf 84' lang='grc' dir='ltr'><strong><em>φησιν</em></strong></span> <span class='ocrx_word' id='word_1_42' title='bbox 1140 707 1154 770; x_wconf 82' lang='lat' dir='ltr'><strong>i</strong></span> <span class='ocrx_word' id='word_1_43' title='bbox 1178 700 1304 780; x_wconf 74' lang='grc' dir='ltr'><strong><em>ποιητὴς</em></strong></span> 
     </span>
     <span class='ocr_line' id='line_1_6' title="bbox 126 811 1307 903; baseline -0.004 -21"><span class='ocrx_word' id='word_1_44' title='bbox 126 816 245 895; x_wconf 73' lang='grc' dir='ltr'><em>ξατο,</em></span> <span class='ocrx_word' id='word_1_45' title='bbox 284 837 364 903; x_wconf 92' lang='lat' dir='ltr'><strong>quae</strong></span> <span class='ocrx_word' id='word_1_46' title='bbox 397 818 430 881; x_wconf 90' lang='lat' dir='ltr'><strong>in</strong></span> <span class='ocrx_word' id='word_1_47' title='bbox 460 814 526 881; x_wconf 88' lang='lat' dir='ltr'><strong>solo</strong></span> <span class='ocrx_word' id='word_1_48' title='bbox 558 814 584 879; x_wconf 91' lang='lat' dir='ltr'>P</span> <span class='ocrx_word' id='word_1_49' title='bbox 617 811 713 878; x_wconf 81' lang='lat' dir='ltr'><strong>sunt?</strong></span> <span class='ocrx_word' id='word_1_50' title='bbox 739 813 808 894; x_wconf 84' lang='lat' dir='ltr'><strong>Quo</strong></span> <span class='ocrx_word' id='word_1_51' title='bbox 832 816 919 879; x_wconf 90' lang='lat' dir='ltr'><strong>enim</strong></span> <span class='ocrx_word' id='word_1_52' title='bbox 945 813 1008 878; x_wconf 89' lang='lat' dir='ltr'><strong>alio</strong></span> <span class='ocrx_word' id='word_1_53' title='bbox 1031 814 1127 878; x_wconf 84' lang='lat' dir='ltr'><strong>verbo</strong></span> <span class='ocrx_word' id='word_1_54' title='bbox 1151 813 1307 879; x_wconf 85' lang='lat' dir='ltr'><strong>utendum</strong></span> 
     </span>
     <span class='ocr_line' id='line_1_7' title="bbox 126 921 1307 1007; baseline -0.007 -16"><span class='ocrx_word' id='word_1_55' title='bbox 126 923 216 991; x_wconf 62' lang='lat' dir='ltr'><strong>*etl</strong></span> <span class='ocrx_word' id='word_1_56' title='bbox 244 924 286 990; x_wconf 78' lang='lat' dir='ltr'><strong>let</strong></span> <span class='ocrx_word' id='word_1_57' title='bbox 319 926 346 988; x_wconf 88' lang='lat' dir='ltr'><strong>si</strong></span> <span class='ocrx_word' id='word_1_58' title='bbox 370 923 404 987; x_wconf 93' lang='lat' dir='ltr'><strong>in</strong></span> <span class='ocrx_word' id='word_1_59' title='bbox 428 942 491 987; x_wconf 91' lang='lat' dir='ltr'><strong>uno</strong></span> <span class='ocrx_word' id='word_1_60' title='bbox 516 921 613 985; x_wconf 89' lang='lat' dir='ltr'><strong>verbo</strong></span> <span class='ocrx_word' id='word_1_61' title='bbox 635 924 867 1007; x_wconf 79' lang='lat' dir='ltr'><strong>grammaticus</strong></span> <span class='ocrx_word' id='word_1_62' title='bbox 890 923 1034 1005; x_wconf 88' lang='lat' dir='ltr'><strong>quisquis</strong></span> <span class='ocrx_word' id='word_1_63' title='bbox 1058 921 1120 985; x_wconf 86' lang='lat' dir='ltr'><strong>fuit</strong></span> <span class='ocrx_word' id='word_1_64' title='bbox 1143 940 1214 985; x_wconf 89' lang='lat' dir='ltr'><strong>eam</strong></span> <span class='ocrx_word' id='word_1_65' title='bbox 1233 922 1307 984; x_wconf 78' lang='lat' dir='ltr'><strong>rim</strong></span> 
     </span>
     <span class='ocr_line' id='line_1_8' title="bbox 126 1025 1308 1116; baseline -0.003 -23"><span class='ocrx_word' id='word_1_66' title='bbox 126 1050 217 1097; x_wconf 77' lang='lat' dir='ltr'><strong>csse</strong></span> <span class='ocrx_word' id='word_1_67' title='bbox 249 1031 392 1116; x_wconf 83' lang='lat' dir='ltr'><strong>putavit,</strong></span> <span class='ocrx_word' id='word_1_68' title='bbox 429 1034 467 1093; x_wconf 86' lang='lat' dir='ltr'><strong>ut</strong></span> <span class='ocrx_word' id='word_1_69' title='bbox 502 1025 696 1111; x_wconf 70' lang='lat' dir='ltr'><strong>significaret</strong></span> <span class='ocrx_word' id='word_1_70' title='bbox 729 1032 835 1092; x_wconf 89' lang='lat' dir='ltr'><strong>mente</strong></span> <span class='ocrx_word' id='word_1_71' title='bbox 868 1032 995 1092; x_wconf 88' lang='lat' dir='ltr'><strong>tantum</strong></span> <span class='ocrx_word' id='word_1_72' title='bbox 1027 1032 1059 1091; x_wconf 89' lang='lat' dir='ltr'><strong>et</strong></span> <span class='ocrx_word' id='word_1_73' title='bbox 1082 1029 1177 1092; x_wconf 90' lang='lat' dir='ltr'><strong>tacite</strong></span> <span class='ocrx_word' id='word_1_74' title='bbox 1200 1046 1308 1111; x_wconf 83' lang='lat' dir='ltr'>preces</span> 
     </span>
     <span class='ocr_line' id='line_1_9' title="bbox 126 1132 1306 1217; baseline -0.003 -17"><span class='ocrx_word' id='word_1_75' title='bbox 126 1156 240 1214; x_wconf 61' lang='lat' dir='ltr'><strong>erre,</strong></span> <span class='ocrx_word' id='word_1_76' title='bbox 264 1135 470 1202; x_wconf 81' lang='lat' dir='ltr'><strong>vehementer</strong></span> <span class='ocrx_word' id='word_1_77' title='bbox 491 1132 635 1213; x_wconf 82' lang='lat' dir='ltr'><strong>fallitur,</strong></span> <span class='ocrx_word' id='word_1_78' title='bbox 656 1152 730 1196; x_wconf 85' lang='lat' dir='ltr'><strong>nem</strong></span> <span class='ocrx_word' id='word_1_79' title='bbox 750 1132 834 1217; x_wconf 88' lang='lat' dir='ltr'><strong>apud</strong></span> <span class='ocrx_word' id='word_1_80' title='bbox 856 1132 1035 1198; x_wconf 81' lang='lat' dir='ltr'><strong>Homerum</strong></span> <span class='ocrx_word' id='word_1_81' title='bbox 1055 1140 1139 1198; x_wconf 91' lang='lat' dir='ltr'><strong>recte</strong></span> <span class='ocrx_word' id='word_1_82' title='bbox 1160 1132 1306 1198; x_wconf 89' lang='lat' dir='ltr'><strong>additum</strong></span> 
     </span>
    </p>

    <p class='ocr_par' dir='ltr' id='par_1_3' title="bbox 126 1239 1351 1966">
     <span class='ocr_line' id='line_1_10' title="bbox 185 1239 1308 1326; baseline -0.004 -19"><span class='ocrx_word' id='word_1_83' title='bbox 185 1239 220 1308; x_wconf 68' lang='lat' dir='ltr'><strong>ir</strong></span> <span class='ocrx_word' id='word_1_84' title='bbox 242 1244 327 1307; x_wconf 76' lang='grc' dir='ltr'><strong><em>ιιιιτιὴ</em></strong></span> <span class='ocrx_word' id='word_1_85' title='bbox 352 1241 455 1315; x_wconf 74' lang='grc' dir='ltr'><strong><em>θυμόν.</em></strong></span> <span class='ocrx_word' id='word_1_86' title='bbox 502 1239 615 1323; x_wconf 88' lang='lat' dir='ltr'><strong>Itaque</strong></span> <span class='ocrx_word' id='word_1_87' title='bbox 638 1242 775 1323; x_wconf 87' lang='lat' dir='ltr'><strong>suspicio</strong></span> <span class='ocrx_word' id='word_1_88' title='bbox 802 1239 881 1303; x_wconf 88' lang='lat' dir='ltr'><strong>mihi</strong></span> <span class='ocrx_word' id='word_1_89' title='bbox 908 1240 1042 1305; x_wconf 86' lang='lat' dir='ltr'><strong>subnata</strong></span> <span class='ocrx_word' id='word_1_90' title='bbox 1062 1245 1129 1314; x_wconf 83' lang='lat' dir='ltr'><strong>est,</strong></span> <span class='ocrx_word' id='word_1_91' title='bbox 1151 1239 1189 1304; x_wconf 91' lang='lat' dir='ltr'><strong>de</strong></span> <span class='ocrx_word' id='word_1_92' title='bbox 1203 1240 1308 1326; x_wconf 82' lang='lat' dir='ltr'><strong>formo</strong></span> 
     </span>
     <span class='ocr_line' id='line_1_11' title="bbox 126 1343 1307 1435; baseline -0.003 -21"><span class='ocrx_word' id='word_1_93' title='bbox 126 1346 208 1414; x_wconf 84' lang='lat' dir='ltr'><strong>·bi</strong></span> <span class='ocrx_word' id='word_1_94' title='bbox 235 1349 289 1414; x_wconf 90' lang='lat' dir='ltr'><strong>hic</strong></span> <span class='ocrx_word' id='word_1_95' title='bbox 313 1349 388 1435; x_wconf 75' lang='lat' dir='ltr'><strong>agi,</strong></span> <span class='ocrx_word' id='word_1_96' title='bbox 414 1367 476 1411; x_wconf 91' lang='lat' dir='ltr'><strong>non</strong></span> <span class='ocrx_word' id='word_1_97' title='bbox 501 1346 539 1410; x_wconf 89' lang='lat' dir='ltr'><strong>de</strong></span> <span class='ocrx_word' id='word_1_98' title='bbox 564 1345 815 1433; x_wconf 83' lang='lat' dir='ltr'><strong>significatione,</strong></span> <span class='ocrx_word' id='word_1_99' title='bbox 841 1345 1075 1434; x_wconf 83' lang='lat' dir='ltr'><strong>legendumque</strong></span> <span class='ocrx_word' id='word_1_100' title='bbox 1099 1364 1183 1411; x_wconf 91' lang='lat' dir='ltr'><strong>esse:</strong></span> <span class='ocrx_word' id='word_1_101' title='bbox 1209 1343 1307 1410; x_wconf 80' lang='grc' dir='ltr'><strong><em>οὕτω</em></strong></span> 
     </span>
     <span class='ocr_line' id='line_1_12' title="bbox 126 1449 1309 1531; baseline 0 -15"><span class='ocrx_word' id='word_1_102' title='bbox 126 1454 214 1519; x_wconf 62' lang='grc' dir='ltr'><strong>τὴν</strong></span> <span class='ocrx_word' id='word_1_103' title='bbox 247 1455 261 1520; x_wconf 82' lang='lat' dir='ltr'><strong>i</strong></span> <span class='ocrx_word' id='word_1_104' title='bbox 297 1455 423 1527; x_wconf 79' lang='grc' dir='ltr'><strong><em>ποιητὴς</em></strong></span> <span class='ocrx_word' id='word_1_105' title='bbox 461 1449 631 1530; x_wconf 56' lang='lat' dir='ltr'><strong>„eiicere”</strong></span> <span class='ocrx_word' id='word_1_106' title='bbox 664 1451 755 1531; x_wconf 80' lang='lat' dir='ltr'><strong>Quod</strong></span> <span class='ocrx_word' id='word_1_107' title='bbox 786 1454 813 1516; x_wconf 87' lang='lat' dir='ltr'><strong>si</strong></span> <span class='ocrx_word' id='word_1_108' title='bbox 844 1455 898 1517; x_wconf 88' lang='lat' dir='ltr'><strong>cui</strong></span> <span class='ocrx_word' id='word_1_109' title='bbox 929 1452 1070 1518; x_wconf 87' lang='lat' dir='ltr'><strong>alienum</strong></span> <span class='ocrx_word' id='word_1_110' title='bbox 1095 1452 1239 1529; x_wconf 88' lang='lat' dir='ltr'><strong>ridetur,</strong></span> <span class='ocrx_word' id='word_1_111' title='bbox 1266 1488 1309 1501; x_wconf 89' lang='lat'>—</span> 
     </span>
     <span class='ocr_line' id='line_1_13' title="bbox 126 1557 1308 1645; baseline -0.004 -18"><span class='ocrx_word' id='word_1_112' title='bbox 126 1568 330 1645; x_wconf 59' lang='lat' dir='ltr'><strong>{mentum</strong></span> <span class='ocrx_word' id='word_1_113' title='bbox 361 1559 451 1626; x_wconf 82' lang='lat' dir='ltr'><strong>verbi</strong></span> <span class='ocrx_word' id='word_1_114' title='bbox 483 1557 618 1639; x_wconf 75' lang='grc' dir='ltr'><strong><em>εὔχομαι</em></strong></span> <span class='ocrx_word' id='word_1_115' title='bbox 650 1561 684 1622; x_wconf 93' lang='lat' dir='ltr'><strong>in</strong></span> <span class='ocrx_word' id='word_1_116' title='bbox 716 1558 857 1624; x_wconf 77' lang='lat' dir='ltr'><strong>Homero</strong></span> <span class='ocrx_word' id='word_1_117' title='bbox 882 1579 900 1624; x_wconf 90' lang='lat' dir='ltr'><strong>a</strong></span> <span class='ocrx_word' id='word_1_118' title='bbox 924 1557 1013 1624; x_wconf 88' lang='lat' dir='ltr'><strong>nulla</strong></span> <span class='ocrx_word' id='word_1_119' title='bbox 1037 1566 1125 1644; x_wconf 89' lang='lat' dir='ltr'><strong>parte</strong></span> <span class='ocrx_word' id='word_1_120' title='bbox 1149 1579 1308 1626; x_wconf 86' lang='lat' dir='ltr'><strong>commen·</strong></span> 
     </span>
     <span class='ocr_line' id='line_1_14' title="bbox 126 1661 1310 1750; baseline -0.004 -18"><span class='ocrx_word' id='word_1_121' title='bbox 126 1684 223 1744; x_wconf 57' lang='lat' dir='ltr'><strong>aar,</strong></span> <span class='ocrx_word' id='word_1_122' title='bbox 249 1705 290 1717; x_wconf 88' lang='lat'>-</span> <span class='ocrx_word' id='word_1_123' title='bbox 315 1672 404 1750; x_wconf 86' lang='lat' dir='ltr'><strong>tum,</strong></span> <span class='ocrx_word' id='word_1_124' title='bbox 436 1668 613 1731; x_wconf 79' lang='lat' dir='ltr'><strong>mutatione</strong></span> <span class='ocrx_word' id='word_1_125' title='bbox 646 1664 818 1750; x_wconf 82' lang='lat' dir='ltr'><strong>particulae</strong></span> <span class='ocrx_word' id='word_1_126' title='bbox 850 1661 918 1730; x_wconf 71' lang='grc' dir='ltr'><strong>εἶτα</strong></span> <span class='ocrx_word' id='word_1_127' title='bbox 947 1668 981 1730; x_wconf 91' lang='lat' dir='ltr'><strong>in</strong></span> <span class='ocrx_word' id='word_1_128' title='bbox 1004 1664 1080 1731; x_wconf 79' lang='grc' dir='ltr'><strong><em>οὕτω</em></strong></span> <span class='ocrx_word' id='word_1_129' title='bbox 1104 1665 1156 1732; x_wconf 81' lang='lat' dir='ltr'><strong>vel</strong></span> <span class='ocrx_word' id='word_1_130' title='bbox 1181 1668 1226 1731; x_wconf 89' lang='lat' dir='ltr'><strong>sic</strong></span> <span class='ocrx_word' id='word_1_131' title='bbox 1249 1685 1310 1730; x_wconf 89' lang='lat' dir='ltr'><strong>ser·</strong></span> 
     </span>
     <span class='ocr_line' id='line_1_15' title="bbox 126 1769 1351 1859; baseline -0.003 -21"><span class='ocrx_word' id='word_1_132' title='bbox 126 1790 211 1851; x_wconf 65' lang='grc'><strong>’.8,</strong></span> <span class='ocrx_word' id='word_1_133' title='bbox 248 1772 345 1838; x_wconf 85' lang='lat' dir='ltr'><strong>rerba</strong></span> <span class='ocrx_word' id='word_1_134' title='bbox 378 1775 425 1837; x_wconf 87' lang='lat' dir='ltr'><strong>ita</strong></span> <span class='ocrx_word' id='word_1_135' title='bbox 459 1777 551 1835; x_wconf 92' lang='lat' dir='ltr'><strong>erunt</strong></span> <span class='ocrx_word' id='word_1_136' title='bbox 586 1771 846 1859; x_wconf 83' lang='lat' dir='ltr'><strong>redintegranda:</strong></span> <span class='ocrx_word' id='word_1_137' title='bbox 882 1769 977 1837; x_wconf 81' lang='grc' dir='ltr'><strong><em>οὕτω</em></strong></span> <span class='ocrx_word' id='word_1_138' title='bbox 1009 1772 1106 1850; x_wconf 65' lang='lat' dir='ltr'><strong>ecclc</strong></span> <span class='ocrx_word' id='word_1_139' title='bbox 1138 1772 1152 1835; x_wconf 83' lang='lat' dir='ltr'><strong>i</strong></span> <span class='ocrx_word' id='word_1_140' title='bbox 1184 1772 1309 1845; x_wconf 75' lang='grc' dir='ltr'><strong><em>ποιητὴς</em></strong></span> <span class='ocrx_word' id='word_1_141' title='bbox 1347 1834 1351 1839; x_wconf 80' lang='grc'><strong>,</strong></span> 
     </span>
     <span class='ocr_line' id='line_1_16' title="bbox 126 1875 1308 1966; baseline 0.001 -25"><span class='ocrx_word' id='word_1_142' title='bbox 126 1875 234 1950; x_wconf 72' lang='grc' dir='ltr'><strong><em>’Ξατι</em></strong></span> <span class='ocrx_word' id='word_1_143' title='bbox 271 1875 322 1966; x_wconf 78' lang='grc' dir='ltr'><strong>(ὃν</strong></span> <span class='ocrx_word' id='word_1_144' title='bbox 357 1878 469 1943; x_wconf 76' lang='lat' dir='ltr'><strong>cerri</strong></span> <span class='ocrx_word' id='word_1_145' title='bbox 504 1876 667 1962; x_wconf 77' lang='grc' dir='ltr'><strong>θυμόν),</strong></span> <span class='ocrx_word' id='word_1_146' title='bbox 700 1885 841 1943; x_wconf 82' lang='lat' dir='ltr'><strong>extrema</strong></span> <span class='ocrx_word' id='word_1_147' title='bbox 871 1881 1026 1944; x_wconf 86' lang='lat' dir='ltr'><strong>sententia</strong></span> <span class='ocrx_word' id='word_1_148' title='bbox 1050 1881 1148 1945; x_wconf 87' lang='lat' dir='ltr'><strong>otiose</strong></span> <span class='ocrx_word' id='word_1_149' title='bbox 1165 1878 1308 1963; x_wconf 85' lang='lat' dir='ltr'><strong>quidem,</strong></span> 
     </span>
    </p>

    <p class='ocr_par' dir='ltr' id='par_1_4' title="bbox 126 1984 1309 2384">
     <span class='ocr_line' id='line_1_17' title="bbox 172 1984 1309 2071; baseline 0 -21"><span class='ocrx_word' id='word_1_150' title='bbox 172 2005 246 2051; x_wconf 73' lang='lat' dir='ltr'><strong>non</strong></span> <span class='ocrx_word' id='word_1_151' title='bbox 276 1985 415 2071; x_wconf 89' lang='lat' dir='ltr'><strong>amplius</strong></span> <span class='ocrx_word' id='word_1_152' title='bbox 446 1986 569 2069; x_wconf 84' lang='lat' dir='ltr'><strong>inepte,</strong></span> <span class='ocrx_word' id='word_1_153' title='bbox 605 1984 769 2068; x_wconf 85' lang='lat' dir='ltr'><strong>adiuncta,</strong></span> <span class='ocrx_word' id='word_1_154' title='bbox 793 1990 830 2050; x_wconf 96' lang='lat' dir='ltr'><strong>ut</strong></span> <span class='ocrx_word' id='word_1_155' title='bbox 857 2007 889 2051; x_wconf 85' lang='lat' dir='ltr'><strong>r.</strong></span> <span class='ocrx_word' id='word_1_156' title='bbox 916 2006 943 2050; x_wconf 90' lang='lat' dir='ltr'><strong>c.</strong></span> <span class='ocrx_word' id='word_1_157' title='bbox 968 2006 1063 2071; x_wconf 90' lang='lat' dir='ltr'><strong>supra</strong></span> <span class='ocrx_word' id='word_1_158' title='bbox 1086 1985 1125 2051; x_wconf 88' lang='lat' dir='ltr'><strong>ad</strong></span> <span class='ocrx_word' id='word_1_159' title='bbox 1149 2007 1196 2051; x_wconf 87' lang='lat' dir='ltr'><strong>vs.</strong></span> <span class='ocrx_word' id='word_1_160' title='bbox 1224 1984 1309 2063; x_wconf 82' lang='lat'>275,</span> 
     </span>
     <span class='ocr_line' id='line_1_18' title="bbox 126 2090 1309 2177; baseline 0.005 -27"><span class='ocrx_word' id='word_1_161' title='bbox 126 2093 288 2176; x_wconf 71' lang='lat' dir='ltr'><strong>stquam</strong></span> <span class='ocrx_word' id='word_1_162' title='bbox 324 2090 470 2176; x_wconf 89' lang='lat' dir='ltr'><strong>pluribus</strong></span> <span class='ocrx_word' id='word_1_163' title='bbox 500 2091 700 2175; x_wconf 88' lang='lat' dir='ltr'><strong>disputatum</strong></span> <span class='ocrx_word' id='word_1_164' title='bbox 731 2097 779 2156; x_wconf 83' lang='lat' dir='ltr'><strong>est</strong></span> <span class='ocrx_word' id='word_1_165' title='bbox 810 2091 887 2177; x_wconf 86' lang='lat' dir='ltr'><strong>quid</strong></span> <span class='ocrx_word' id='word_1_166' title='bbox 920 2094 952 2154; x_wconf 89' lang='lat' dir='ltr'><strong>in</strong></span> <span class='ocrx_word' id='word_1_167' title='bbox 984 2090 1123 2156; x_wconf 87' lang='lat' dir='ltr'><strong>Homero</strong></span> <span class='ocrx_word' id='word_1_168' title='bbox 1145 2093 1189 2156; x_wconf 88' lang='lat' dir='ltr'><strong>sit</strong></span> <span class='ocrx_word' id='word_1_169' title='bbox 1211 2090 1255 2165; x_wconf 75' lang='lat' dir='ltr'><strong>oin</strong></span> <span class='ocrx_word' id='word_1_170' title='bbox 1283 2091 1309 2156; x_wconf 77' lang='grc' dir='ltr'><strong>δ’</strong></span> 
     </span>
     <span class='ocr_line' id='line_1_19' title="bbox 126 2197 1308 2283; baseline -0.003 -17"><span class='ocrx_word' id='word_1_171' title='bbox 126 2200 257 2278; x_wconf 62' lang='lat' dir='ltr'><strong>morde</strong></span> <span class='ocrx_word' id='word_1_172' title='bbox 282 2199 348 2262; x_wconf 76' lang='grc' dir='ltr'><strong><em>ἐστι</em></strong></span> <span class='ocrx_word' id='word_1_173' title='bbox 373 2203 500 2276; x_wconf 78' lang='grc' dir='ltr'><strong><em>λοετρῶν</em></strong></span> <span class='ocrx_word' id='word_1_174' title='bbox 525 2199 710 2274; x_wconf 75' lang='grc' dir='ltr'><strong><em>Ὠκεανοῖο,</em></strong></span> <span class='ocrx_word' id='word_1_175' title='bbox 736 2204 803 2264; x_wconf 88' lang='lat' dir='ltr'><strong>tota</strong></span> <span class='ocrx_word' id='word_1_176' title='bbox 826 2198 1001 2283; x_wconf 86' lang='lat' dir='ltr'><strong>disputatio</strong></span> <span class='ocrx_word' id='word_1_177' title='bbox 1025 2200 1072 2263; x_wconf 88' lang='lat' dir='ltr'><strong>ita</strong></span> <span class='ocrx_word' id='word_1_178' title='bbox 1091 2197 1308 2263; x_wconf 88' lang='lat' dir='ltr'><strong>concluditur:</strong></span> 
     </span>
     <span class='ocr_line' id='line_1_20' title="bbox 126 2297 915 2384; baseline 0 -16"><span class='ocrx_word' id='word_1_179' title='bbox 126 2297 237 2379; x_wconf 69' lang='lat' dir='ltr'><strong>⁵⁴rnr</strong></span> <span class='ocrx_word' id='word_1_180' title='bbox 261 2298 310 2369; x_wconf 76' lang='grc' dir='ltr'><strong>οὖν</strong></span> <span class='ocrx_word' id='word_1_181' title='bbox 334 2326 387 2380; x_wconf 80' lang='grc' dir='ltr'><strong>μοι</strong></span> <span class='ocrx_word' id='word_1_182' title='bbox 412 2304 516 2379; x_wconf 67' lang='grc' dir='ltr'><strong><em>λέγειν</em></strong></span> <span class='ocrx_word' id='word_1_183' title='bbox 540 2301 622 2368; x_wconf 73' lang='grc' dir='ltr'><strong><em>δοκεῖ</em></strong></span> <span class='ocrx_word' id='word_1_184' title='bbox 643 2302 756 2369; x_wconf 77' lang='grc' dir='ltr'><strong><em>ἔννοιάν</em></strong></span> <span class='ocrx_word' id='word_1_185' title='bbox 780 2308 915 2384; x_wconf 79' lang='grc' dir='ltr'><strong><em>λουτροῦ.</em></strong></span> 
     </span>
    </p>
   </div>
   <div class='ocr_carea' id='block_1_3' title="bbox 126 2533 1317 4431">
    <p class='ocr_par' dir='ltr' id='par_1_5' title="bbox 126 2533 1311 2729">
     <span class='ocr_line' id='line_1_21' title="bbox 126 2533 1309 2622; baseline 0.001 -23"><span class='ocrx_word' id='word_1_186' title='bbox 126 2549 162 2590; x_wconf 68' lang='grc' dir='ltr'>ε</span> <span class='ocrx_word' id='word_1_187' title='bbox 192 2533 296 2611; x_wconf 84' lang='grc'><strong>,467.</strong></span> <span class='ocrx_word' id='word_1_188' title='bbox 332 2534 435 2613; x_wconf 79' lang='grc' dir='ltr'><strong><em>Στίβη</em></strong></span> <span class='ocrx_word' id='word_1_189' title='bbox 461 2536 541 2610; x_wconf 83' lang='grc' dir='ltr'><strong><em>ιιιιιιὴ</em></strong></span> <span class='ocrx_word' id='word_1_190' title='bbox 568 2540 646 2601; x_wconf 89' lang='lat' dir='ltr'><strong>hano</strong></span> <span class='ocrx_word' id='word_1_191' title='bbox 671 2537 963 2621; x_wconf 74' lang='lat' dir='ltr'><strong>interpretationem</strong></span> <span class='ocrx_word' id='word_1_192' title='bbox 988 2539 1142 2622; x_wconf 88' lang='lat' dir='ltr'><strong>repperit:</strong></span> <span class='ocrx_word' id='word_1_193' title='bbox 1167 2540 1184 2613; x_wconf 81' lang='grc' dir='ltr'><strong><em>ὴ</em></strong></span> <span class='ocrx_word' id='word_1_194' title='bbox 1210 2537 1309 2610; x_wconf 70' lang='grc' dir='ltr'><strong><em>ἑωθινὴ</em></strong></span> 
     </span>
     <span class='ocr_line' id='line_1_22' title="bbox 126 2639 1311 2729; baseline 0.001 -24"><span class='ocrx_word' id='word_1_195' title='bbox 126 2653 250 2725; x_wconf 60' lang='grc' dir='ltr'><strong>χρη,</strong></span> <span class='ocrx_word' id='word_1_196' title='bbox 274 2643 291 2718; x_wconf 82' lang='grc' dir='ltr'><strong><em>ὴ</em></strong></span> <span class='ocrx_word' id='word_1_197' title='bbox 316 2640 436 2722; x_wconf 77' lang='grc' dir='ltr'><strong><em>πάχνη.</em></strong></span> <span class='ocrx_word' id='word_1_198' title='bbox 463 2647 520 2706; x_wconf 83' lang='grc' dir='ltr'><strong>τῶν</strong></span> <span class='ocrx_word' id='word_1_199' title='bbox 543 2639 635 2719; x_wconf 75' lang='grc' dir='ltr'><strong>άπάξ</strong></span> <span class='ocrx_word' id='word_1_200' title='bbox 659 2641 689 2707; x_wconf 73' lang='grc' dir='ltr'><strong>δὲ</strong></span> <span class='ocrx_word' id='word_1_201' title='bbox 714 2642 873 2720; x_wconf 73' lang='grc' dir='ltr'><strong><em>εἰρημένων</em></strong></span> <span class='ocrx_word' id='word_1_202' title='bbox 898 2645 915 2718; x_wconf 84' lang='grc' dir='ltr'><strong><em>ὴ</em></strong></span> <span class='ocrx_word' id='word_1_203' title='bbox 940 2640 1033 2718; x_wconf 79' lang='grc' dir='ltr'><strong><em>λέξις.</em></strong></span> <span class='ocrx_word' id='word_1_204' title='bbox 1048 2643 1129 2729; x_wconf 82' lang='lat' dir='ltr'>(PQ)</span> <span class='ocrx_word' id='word_1_205' title='bbox 1151 2641 1311 2708; x_wconf 78' lang='lat' dir='ltr'><strong>Similiter</strong></span> 
     </span>
    </p>

    <p class='ocr_par' dir='ltr' id='par_1_6' title="bbox 126 2747 1317 4431">
     <span class='ocr_line' id='line_1_23' title="bbox 195 2747 1312 2836; baseline 0 -24"><span class='ocrx_word' id='word_1_206' title='bbox 195 2749 209 2822; x_wconf 85' lang='grc' dir='ltr'><strong><em>ὴ</em></strong></span> <span class='ocrx_word' id='word_1_207' title='bbox 232 2748 331 2821; x_wconf 72' lang='grc' dir='ltr'><strong><em>ἑωθινὴ</em></strong></span> <span class='ocrx_word' id='word_1_208' title='bbox 355 2748 478 2827; x_wconf 62' lang='lat' dir='ltr'><strong>ulixae.</strong></span> <span class='ocrx_word' id='word_1_209' title='bbox 502 2750 518 2823; x_wconf 81' lang='grc' dir='ltr'><strong><em>ὴ</em></strong></span> <span class='ocrx_word' id='word_1_210' title='bbox 542 2747 669 2833; x_wconf 83' lang='grc' dir='ltr'><strong><em>πάχνη,</em></strong></span> <span class='ocrx_word' id='word_1_211' title='bbox 692 2749 752 2813; x_wconf 80' lang='grc' dir='ltr'><strong>άπὸ</strong></span> <span class='ocrx_word' id='word_1_212' title='bbox 772 2754 823 2813; x_wconf 81' lang='grc' dir='ltr'><strong>τοῦ</strong></span> <span class='ocrx_word' id='word_1_213' title='bbox 845 2749 1062 2830; x_wconf 78' lang='grc' dir='ltr'><strong><em>στιβάζεσθωι,</em></strong></span> <span class='ocrx_word' id='word_1_214' title='bbox 1077 2770 1212 2836; x_wconf 90' lang='lat' dir='ltr'><strong>quorum</strong></span> <span class='ocrx_word' id='word_1_215' title='bbox 1226 2751 1312 2834; x_wconf 89' lang='lat' dir='ltr'><strong>prior</strong></span> 
     </span>
     <span class='ocr_line' id='line_1_24' title="bbox 126 2853 1310 2938; baseline 0 -21"><span class='ocrx_word' id='word_1_216' title='bbox 126 2861 196 2917; x_wconf 65' lang='grc' dir='ltr'><strong>Ρε</strong></span> <span class='ocrx_word' id='word_1_217' title='bbox 223 2874 320 2938; x_wconf 89' lang='lat' dir='ltr'><strong>usque</strong></span> <span class='ocrx_word' id='word_1_218' title='bbox 348 2854 387 2918; x_wconf 88' lang='lat' dir='ltr'><strong>ad</strong></span> <span class='ocrx_word' id='word_1_219' title='bbox 411 2853 522 2933; x_wconf 76' lang='grc' dir='ltr'><strong><em>ψύχρνι</em></strong></span> <span class='ocrx_word' id='word_1_220' title='bbox 547 2862 594 2921; x_wconf 91' lang='lat' dir='ltr'><strong>est</strong></span> <span class='ocrx_word' id='word_1_221' title='bbox 618 2858 714 2920; x_wconf 84' lang='lat' dir='ltr'><strong>etiam</strong></span> <span class='ocrx_word' id='word_1_222' title='bbox 740 2857 773 2918; x_wconf 88' lang='lat' dir='ltr'><strong>in</strong></span> <span class='ocrx_word' id='word_1_223' title='bbox 797 2854 833 2919; x_wconf 80' lang='grc' dir='ltr'><strong>Τ.</strong></span> <span class='ocrx_word' id='word_1_224' title='bbox 858 2855 1091 2922; x_wconf 87' lang='lat' dir='ltr'><strong>Putabimusne</strong></span> <span class='ocrx_word' id='word_1_225' title='bbox 1115 2856 1170 2930; x_wconf 80' lang='grc' dir='ltr'><strong>τὴν</strong></span> <span class='ocrx_word' id='word_1_226' title='bbox 1195 2856 1310 2930; x_wconf 72' lang='grc' dir='ltr'><strong><em>ἑωθινὴν</em></strong></span> 
     </span>
     <span class='ocr_line' id='line_1_25' title="bbox 126 2958 1311 3044; baseline 0.011 -22"><span class='ocrx_word' id='word_1_227' title='bbox 126 2972 264 3037; x_wconf 61' lang='grc' dir='ltr'><strong><em>κιαι,</em></strong></span> <span class='ocrx_word' id='word_1_228' title='bbox 291 2958 396 3024; x_wconf 90' lang='lat' dir='ltr'><strong>-de</strong></span> <span class='ocrx_word' id='word_1_229' title='bbox 432 2980 494 3044; x_wconf 89' lang='lat' dir='ltr'><strong>qua</strong></span> <span class='ocrx_word' id='word_1_230' title='bbox 529 2960 688 3027; x_wconf 83' lang='lat' dir='ltr'><strong>Hesiodus</strong></span> <span class='ocrx_word' id='word_1_231' title='bbox 719 2968 794 3026; x_wconf 94' lang='lat' dir='ltr'><strong>noto</strong></span> <span class='ocrx_word' id='word_1_232' title='bbox 825 2961 913 3027; x_wconf 91' lang='lat' dir='ltr'><strong>loco:</strong></span> <span class='ocrx_word' id='word_1_233' title='bbox 947 2966 1052 3044; x_wconf 81' lang='grc' dir='ltr'><strong><em>ψυχρὴ</em></strong></span> <span class='ocrx_word' id='word_1_234' title='bbox 1094 2962 1157 3044; x_wconf 75' lang='grc' dir='ltr'><strong>γάρ</strong></span> <span class='ocrx_word' id='word_1_235' title='bbox 1189 2966 1219 3027; x_wconf 83' lang='grc' dir='ltr'><strong>τ’</strong></span> <span class='ocrx_word' id='word_1_236' title='bbox 1254 2960 1311 3036; x_wconf 71' lang='lat' dir='ltr'><strong>lire</strong></span> 
     </span>
     <span class='ocr_line' id='line_1_26' title="bbox 126 3064 1312 3149; baseline 0.005 -22"><span class='ocrx_word' id='word_1_237' title='bbox 126 3065 252 3130; x_wconf 53' lang='lat' dir='ltr'><strong>&amp;erar</strong></span> <span class='ocrx_word' id='word_1_238' title='bbox 277 3064 383 3144; x_wconf 74' lang='grc' dir='ltr'><strong><em>Βορέαν</em></strong></span> <span class='ocrx_word' id='word_1_239' title='bbox 408 3065 553 3138; x_wconf 80' lang='grc' dir='ltr'><strong>πεσόντος</strong></span> <span class='ocrx_word' id='word_1_240' title='bbox 568 3105 608 3116; x_wconf 93' lang='grc'><strong>-</strong></span> <span class='ocrx_word' id='word_1_241' title='bbox 631 3068 716 3133; x_wconf 88' lang='lat' dir='ltr'><strong>idem</strong></span> <span class='ocrx_word' id='word_1_242' title='bbox 740 3066 845 3134; x_wconf 86' lang='lat' dir='ltr'><strong>valere</strong></span> <span class='ocrx_word' id='word_1_243' title='bbox 870 3089 905 3134; x_wconf 89' lang='lat' dir='ltr'><strong>ae</strong></span> <span class='ocrx_word' id='word_1_244' title='bbox 929 3071 984 3142; x_wconf 81' lang='grc' dir='ltr'><strong>τὴν</strong></span> <span class='ocrx_word' id='word_1_245' title='bbox 1008 3068 1157 3149; x_wconf 65' lang='grc' dir='ltr'><strong><em>πάχνηνὴ</em></strong></span> <span class='ocrx_word' id='word_1_246' title='bbox 1181 3069 1312 3136; x_wconf 75' lang='lat' dir='ltr'><strong>Aenon</strong></span> 
     </span>
     <span class='ocr_line' id='line_1_27' title="bbox 126 3163 1311 3259; baseline 0.007 -24"><span class='ocrx_word' id='word_1_247' title='bbox 126 3163 202 3234; x_wconf 77' lang='lat' dir='ltr'><strong>-ii</strong></span> <span class='ocrx_word' id='word_1_248' title='bbox 233 3172 265 3236; x_wconf 88' lang='lat' dir='ltr'><strong>id</strong></span> <span class='ocrx_word' id='word_1_249' title='bbox 301 3177 424 3256; x_wconf 88' lang='lat' dir='ltr'><strong>praeter</strong></span> <span class='ocrx_word' id='word_1_250' title='bbox 459 3174 624 3259; x_wconf 85' lang='lat' dir='ltr'><strong>utriusque</strong></span> <span class='ocrx_word' id='word_1_251' title='bbox 660 3174 806 3239; x_wconf 83' lang='lat' dir='ltr'><strong>vocabuli</strong></span> <span class='ocrx_word' id='word_1_252' title='bbox 836 3181 981 3241; x_wconf 83' lang='lat' dir='ltr'><strong>naturam</strong></span> <span class='ocrx_word' id='word_1_253' title='bbox 1014 3177 1243 3243; x_wconf 82' lang='lat' dir='ltr'><strong>Ambrosianus</strong></span> <span class='ocrx_word' id='word_1_254' title='bbox 1266 3177 1311 3255; x_wconf 83' lang='grc' dir='ltr'><strong>Ε,</strong></span> 
     </span>
     <span class='ocr_line' id='line_1_28' title="bbox 126 3279 1312 3366; baseline 0.007 -26"><span class='ocrx_word' id='word_1_255' title='bbox 126 3290 259 3343; x_wconf 62' lang='lat' dir='ltr'><strong>k&lt;orem</strong></span> <span class='ocrx_word' id='word_1_256' title='bbox 295 3284 421 3343; x_wconf 84' lang='lat' dir='ltr'><strong>tantum</strong></span> <span class='ocrx_word' id='word_1_257' title='bbox 457 3279 719 3366; x_wconf 81' lang='lat' dir='ltr'><strong>significationem</strong></span> <span class='ocrx_word' id='word_1_258' title='bbox 756 3284 803 3346; x_wconf 88' lang='lat' dir='ltr'><strong>ita</strong></span> <span class='ocrx_word' id='word_1_259' title='bbox 838 3280 1017 3347; x_wconf 87' lang='lat' dir='ltr'><strong>illustrans:</strong></span> <span class='ocrx_word' id='word_1_260' title='bbox 1054 3284 1089 3349; x_wconf 82' lang='lat' dir='ltr'><strong>ri</strong></span> <span class='ocrx_word' id='word_1_261' title='bbox 1125 3284 1159 3361; x_wconf 82' lang='grc' dir='ltr'><strong>ἐξ</strong></span> <span class='ocrx_word' id='word_1_262' title='bbox 1194 3283 1312 3364; x_wconf 67' lang='lat' dir='ltr'><strong>alteiae</strong></span> 
     </span>
     <span class='ocr_line' id='line_1_29' title="bbox 126 3371 1312 3471; baseline 0.003 -23"><span class='ocrx_word' id='word_1_263' title='bbox 126 3371 210 3455; x_wconf 69' lang='lat'><strong>304</strong></span> <span class='ocrx_word' id='word_1_264' title='bbox 239 3385 401 3463; x_wconf 72' lang='grc' dir='ltr'><strong><em>γενόμενον</em></strong></span> <span class='ocrx_word' id='word_1_265' title='bbox 431 3384 579 3462; x_wconf 75' lang='grc' dir='ltr'><strong><em>μάλιστα</em></strong></span> <span class='ocrx_word' id='word_1_266' title='bbox 612 3387 698 3466; x_wconf 70' lang='grc' dir='ltr'><strong>παρά</strong></span> <span class='ocrx_word' id='word_1_267' title='bbox 730 3388 800 3462; x_wconf 80' lang='grc' dir='ltr'><em>τοὺς</em></span> <span class='ocrx_word' id='word_1_268' title='bbox 826 3387 921 3461; x_wconf 62' lang='lat' dir='ltr'><strong>reice</strong></span> <span class='ocrx_word' id='word_1_269' title='bbox 946 3389 998 3454; x_wconf 71' lang='lat' dir='ltr'><strong>xxi</strong></span> <span class='ocrx_word' id='word_1_270' title='bbox 1023 3390 1082 3461; x_wconf 79' lang='grc' dir='ltr'><strong>τάς</strong></span> <span class='ocrx_word' id='word_1_271' title='bbox 1106 3398 1216 3471; x_wconf 73' lang='grc' dir='ltr'><strong><em>χεῖράς</em></strong></span> <span class='ocrx_word' id='word_1_272' title='bbox 1241 3389 1312 3466; x_wconf 81' lang='grc' dir='ltr'><strong>άμω</strong></span> 
     </span>
     <span class='ocr_line' id='line_1_30' title="bbox 126 3484 1314 3584; baseline 0.012 -36"><span class='ocrx_word' id='word_1_273' title='bbox 126 3484 235 3574; x_wconf 59' lang='grc' dir='ltr'><strong><em>ἱέρρι,</em></strong></span> <span class='ocrx_word' id='word_1_274' title='bbox 268 3487 340 3567; x_wconf 77' lang='grc' dir='ltr'><strong>ὅπερ</strong></span> <span class='ocrx_word' id='word_1_275' title='bbox 376 3488 443 3555; x_wconf 73' lang='grc' dir='ltr'><strong><em>ἔνιοι</em></strong></span> <span class='ocrx_word' id='word_1_276' title='bbox 473 3491 597 3569; x_wconf 72' lang='grc' dir='ltr'><strong><em>λέγουσι</em></strong></span> <span class='ocrx_word' id='word_1_277' title='bbox 630 3491 773 3577; x_wconf 74' lang='grc' dir='ltr'><strong><em>μάλκην,</em></strong></span> <span class='ocrx_word' id='word_1_278' title='bbox 798 3492 935 3580; x_wconf 77' lang='grc' dir='ltr'><strong><em>(μάλκην</em></strong></span> <span class='ocrx_word' id='word_1_279' title='bbox 959 3497 993 3559; x_wconf 91' lang='lat' dir='ltr'><strong>in</strong></span> <span class='ocrx_word' id='word_1_280' title='bbox 1017 3498 1126 3581; x_wconf 84' lang='lat' dir='ltr'><strong>paucis</strong></span> <span class='ocrx_word' id='word_1_281' title='bbox 1149 3499 1314 3584; x_wconf 83' lang='lat' dir='ltr'><strong>ingeniosa</strong></span> 
     </span>
     <span class='ocr_line' id='line_1_31' title="bbox 126 3595 1314 3684; baseline 0.011 -28"><span class='ocrx_word' id='word_1_282' title='bbox 126 3597 303 3662; x_wconf 61' lang='lat' dir='ltr'><strong>’nisctura</strong></span> <span class='ocrx_word' id='word_1_283' title='bbox 336 3603 384 3661; x_wconf 86' lang='lat' dir='ltr'><strong>eat</strong></span> <span class='ocrx_word' id='word_1_284' title='bbox 405 3596 436 3663; x_wconf 87' lang='lat' dir='ltr'><strong>J.</strong></span> <span class='ocrx_word' id='word_1_285' title='bbox 461 3595 502 3664; x_wconf 83' lang='lat' dir='ltr'><strong>G.</strong></span> <span class='ocrx_word' id='word_1_286' title='bbox 527 3597 712 3664; x_wconf 83' lang='lat' dir='ltr'><strong>Schneideri</strong></span> <span class='ocrx_word' id='word_1_287' title='bbox 735 3620 791 3684; x_wconf 90' lang='lat' dir='ltr'><strong>pro</strong></span> <span class='ocrx_word' id='word_1_288' title='bbox 814 3599 932 3666; x_wconf 89' lang='lat' dir='ltr'><strong>codicis</strong></span> <span class='ocrx_word' id='word_1_289' title='bbox 955 3601 1088 3668; x_wconf 92' lang='lat' dir='ltr'><strong>lectione</strong></span> <span class='ocrx_word' id='word_1_290' title='bbox 1112 3601 1233 3680; x_wconf 76' lang='grc' dir='ltr'><strong><em>μάλην,</em></strong></span> <span class='ocrx_word' id='word_1_291' title='bbox 1259 3604 1314 3669; x_wconf 88' lang='lat' dir='ltr'><strong>sed</strong></span> 
     </span>
     <span class='ocr_line' id='line_1_32' title="bbox 126 3703 1311 3791; baseline 0.01 -28"><span class='ocrx_word' id='word_1_292' title='bbox 126 3705 284 3769; x_wconf 63' lang='lat' dir='ltr'><strong>mererer</strong></span> <span class='ocrx_word' id='word_1_293' title='bbox 318 3705 439 3791; x_wconf 82' lang='lat' dir='ltr'><strong>corrige</strong></span> <span class='ocrx_word' id='word_1_294' title='bbox 470 3705 576 3770; x_wconf 81' lang='lat' dir='ltr'><strong>sodes:</strong></span> <span class='ocrx_word' id='word_1_295' title='bbox 609 3705 643 3768; x_wconf 81' lang='lat' dir='ltr'><strong>ri</strong></span> <span class='ocrx_word' id='word_1_296' title='bbox 675 3703 708 3780; x_wconf 79' lang='grc' dir='ltr'><strong>ἐξ</strong></span> <span class='ocrx_word' id='word_1_297' title='bbox 741 3706 819 3785; x_wconf 78' lang='grc' dir='ltr'><strong><em>νιὶδρ.</em></strong></span> <span class='ocrx_word' id='word_1_298' title='bbox 851 3706 936 3786; x_wconf 78' lang='grc' dir='ltr'><strong><em>κρύος</em></strong></span> <span class='ocrx_word' id='word_1_299' title='bbox 961 3709 1145 3786; x_wconf 75' lang='grc' dir='ltr'><strong><em>γινόμενον</em></strong></span> <span class='ocrx_word' id='word_1_300' title='bbox 1170 3711 1258 3791; x_wconf 77' lang='grc' dir='ltr'><strong>περὶ</strong></span> <span class='ocrx_word' id='word_1_301' title='bbox 1284 3736 1311 3775; x_wconf 87' lang='lat' dir='ltr'><strong>r.</strong></span> 
     </span>
     <span class='ocr_line' id='line_1_33' title="bbox 126 3798 1314 3899; baseline 0.01 -27"><span class='ocrx_word' id='word_1_302' title='bbox 126 3798 222 3881; x_wconf 50' lang='grc' dir='ltr'><strong>ι’ἆὶνις</strong></span> <span class='ocrx_word' id='word_1_303' title='bbox 254 3810 307 3874; x_wconf 73' lang='grc' dir='ltr'><strong>καὶ</strong></span> <span class='ocrx_word' id='word_1_304' title='bbox 340 3833 369 3873; x_wconf 85' lang='lat' dir='ltr'><strong>r.</strong></span> <span class='ocrx_word' id='word_1_305' title='bbox 392 3813 531 3896; x_wconf 76' lang='grc' dir='ltr'><strong>χεῖράς),</strong></span> <span class='ocrx_word' id='word_1_306' title='bbox 557 3831 657 3896; x_wconf 88' lang='lat' dir='ltr'><strong>neque</strong></span> <span class='ocrx_word' id='word_1_307' title='bbox 680 3813 785 3899; x_wconf 81' lang='lat' dir='ltr'><strong>magis</strong></span> <span class='ocrx_word' id='word_1_308' title='bbox 808 3810 1007 3899; x_wconf 84' lang='lat' dir='ltr'><strong>Hesychius:</strong></span> <span class='ocrx_word' id='word_1_309' title='bbox 1034 3816 1110 3880; x_wconf 70' lang='lat' dir='ltr'><strong>Eri</strong></span> <span class='ocrx_word' id='word_1_310' title='bbox 1117 3816 1142 3895; x_wconf 83' lang='grc' dir='ltr'><strong><em>β</em></strong></span> <span class='ocrx_word' id='word_1_311' title='bbox 1151 3839 1185 3891; x_wconf 77' lang='grc' dir='ltr'><strong>ηε</strong></span> <span class='ocrx_word' id='word_1_312' title='bbox 1211 3815 1314 3898; x_wconf 80' lang='grc' dir='ltr'><strong><em>ψύχος</em></strong></span> 
     </span>
     <span class='ocr_line' id='line_1_34' title="bbox 126 3902 1315 4004; baseline 0.007 -25"><span class='ocrx_word' id='word_1_313' title='bbox 126 3902 250 3996; x_wconf 45' lang='lat' dir='ltr'><strong>lxlix).</strong></span> <span class='ocrx_word' id='word_1_314' title='bbox 278 3914 397 3995; x_wconf 79' lang='grc' dir='ltr'><strong><em>πάχνη.</em></strong></span> <span class='ocrx_word' id='word_1_315' title='bbox 428 3918 491 3999; x_wconf 62' lang='grc' dir='ltr'><strong>,μὴ</strong></span> <span class='ocrx_word' id='word_1_316' title='bbox 515 3941 556 3992; x_wconf 78' lang='grc' dir='ltr'><strong>με</strong></span> <span class='ocrx_word' id='word_1_317' title='bbox 581 3917 864 3998; x_wconf 71' lang='grc' dir='ltr'><strong><em>δωμάσσηΙΙστάβη</em></strong></span> <span class='ocrx_word' id='word_1_318' title='bbox 891 3919 1015 3993; x_wconf 52' lang='lat' dir='ltr'><strong>§rurist</strong></span> <span class='ocrx_word' id='word_1_319' title='bbox 1040 3922 1066 4004; x_wconf 84' lang='grc' dir='ltr'><strong>(ρ</strong></span> <span class='ocrx_word' id='word_1_320' title='bbox 1080 3922 1149 4002; x_wconf 78' lang='grc'><strong>24).</strong></span> <span class='ocrx_word' id='word_1_321' title='bbox 1175 3921 1262 3996; x_wconf 73' lang='grc' dir='ltr'><strong><em>ὴηλνῖ</em></strong></span> <span class='ocrx_word' id='word_1_322' title='bbox 1283 3921 1315 3987; x_wconf 75' lang='grc' dir='ltr'><strong>δὲ</strong></span> 
     </span>
     <span class='ocr_line' id='line_1_35' title="bbox 131 4016 1315 4112; baseline 0.008 -26"><span class='ocrx_word' id='word_1_323' title='bbox 131 4016 182 4097; x_wconf 77' lang='grc' dir='ltr'><strong>τὴν</strong></span> <span class='ocrx_word' id='word_1_324' title='bbox 210 4023 337 4103; x_wconf 76' lang='grc' dir='ltr'><strong><em>πριιϊνὴν</em></strong></span> <span class='ocrx_word' id='word_1_325' title='bbox 366 4021 466 4102; x_wconf 74' lang='grc' dir='ltr'><strong><em>δράσων</em></strong></span> <span class='ocrx_word' id='word_1_326' title='bbox 498 4023 565 4087; x_wconf 76' lang='lat' dir='ltr'><strong>xci</strong></span> <span class='ocrx_word' id='word_1_327' title='bbox 595 4027 629 4089; x_wconf 79' lang='grc' dir='ltr'><strong>τὸ</strong></span> <span class='ocrx_word' id='word_1_328' title='bbox 653 4023 767 4105; x_wconf 76' lang='grc' dir='ltr'><em>ψύχος.</em></span> <span class='ocrx_word' id='word_1_329' title='bbox 795 4025 924 4109; x_wconf 60' lang='grc' dir='ltr'><strong>(φὼρ),</strong></span> <span class='ocrx_word' id='word_1_330' title='bbox 950 4029 1068 4112; x_wconf 91' lang='lat' dir='ltr'><strong>quique</strong></span> <span class='ocrx_word' id='word_1_331' title='bbox 1092 4049 1166 4093; x_wconf 93' lang='lat' dir='ltr'><strong>curn</strong></span> <span class='ocrx_word' id='word_1_332' title='bbox 1190 4049 1226 4095; x_wconf 91' lang='lat' dir='ltr'><strong>eo</strong></span> <span class='ocrx_word' id='word_1_333' title='bbox 1251 4029 1315 4095; x_wconf 84' lang='lat' dir='ltr'><strong>fere</strong></span> 
     </span>
     <span class='ocr_line' id='line_1_36' title="bbox 138 4127 1315 4222; baseline 0.005 -26"><span class='ocrx_word' id='word_1_334' title='bbox 138 4130 282 4196; x_wconf 78' lang='lat' dir='ltr'><strong>consentit</strong></span> <span class='ocrx_word' id='word_1_335' title='bbox 313 4128 444 4213; x_wconf 82' lang='lat' dir='ltr'><strong>Suidas,</strong></span> <span class='ocrx_word' id='word_1_336' title='bbox 469 4149 570 4215; x_wconf 91' lang='lat' dir='ltr'><strong>neque</strong></span> <span class='ocrx_word' id='word_1_337' title='bbox 594 4127 806 4218; x_wconf 79' lang='lat' dir='ltr'><strong>Vulgatorum</strong></span> <span class='ocrx_word' id='word_1_338' title='bbox 832 4138 1033 4218; x_wconf 86' lang='lat' dir='ltr'><strong>excerptum,</strong></span> <span class='ocrx_word' id='word_1_339' title='bbox 1058 4134 1096 4200; x_wconf 88' lang='lat' dir='ltr'><strong>de</strong></span> <span class='ocrx_word' id='word_1_340' title='bbox 1121 4155 1182 4222; x_wconf 88' lang='lat' dir='ltr'><strong>quo</strong></span> <span class='ocrx_word' id='word_1_341' title='bbox 1205 4138 1315 4202; x_wconf 87' lang='lat' dir='ltr'><strong>statim</strong></span> 
     </span>
     <span class='ocr_line' id='line_1_37' title="bbox 133 4233 1317 4329; baseline 0.005 -28"><span class='ocrx_word' id='word_1_342' title='bbox 133 4255 273 4329; x_wconf 51' lang='lat' dir='ltr'><strong>memus.</strong></span> <span class='ocrx_word' id='word_1_343' title='bbox 321 4233 447 4319; x_wconf 85' lang='lat' dir='ltr'><strong>itaque,</strong></span> <span class='ocrx_word' id='word_1_344' title='bbox 482 4238 600 4301; x_wconf 86' lang='lat' dir='ltr'><strong>inserta</strong></span> <span class='ocrx_word' id='word_1_345' title='bbox 633 4236 791 4321; x_wconf 86' lang='lat' dir='ltr'><strong>particula</strong></span> <span class='ocrx_word' id='word_1_346' title='bbox 821 4236 1029 4316; x_wconf 87' lang='lat' dir='ltr'><strong>disiunctiva,</strong></span> <span class='ocrx_word' id='word_1_347' title='bbox 1061 4242 1095 4304; x_wconf 93' lang='lat' dir='ltr'><strong>in</strong></span> <span class='ocrx_word' id='word_1_348' title='bbox 1126 4243 1240 4308; x_wconf 85' lang='lat' dir='ltr'><strong>nostris</strong></span> <span class='ocrx_word' id='word_1_349' title='bbox 1271 4243 1317 4328; x_wconf 87' lang='lat' dir='ltr'><strong>(et</strong></span> 
     </span>
     <span class='ocr_line' id='line_1_38' title="bbox 128 4338 1316 4431; baseline 0.004 -23"><span class='ocrx_word' id='word_1_350' title='bbox 128 4343 179 4427; x_wconf 69' lang='grc' dir='ltr'><strong>ΡΟ</strong></span> <span class='ocrx_word' id='word_1_351' title='bbox 203 4346 238 4408; x_wconf 79' lang='lat' dir='ltr'><strong>el</strong></span> <span class='ocrx_word' id='word_1_352' title='bbox 259 4339 299 4428; x_wconf 91' lang='grc' dir='ltr'><strong>Β)</strong></span> <span class='ocrx_word' id='word_1_353' title='bbox 324 4340 542 4406; x_wconf 82' lang='lat' dir='ltr'><strong>scribendum:</strong></span> <span class='ocrx_word' id='word_1_354' title='bbox 571 4343 588 4417; x_wconf 80' lang='grc' dir='ltr'><strong><em>ὴ</em></strong></span> <span class='ocrx_word' id='word_1_355' title='bbox 615 4341 713 4417; x_wconf 73' lang='grc' dir='ltr'><strong><em>ἑωθινὴ</em></strong></span> <span class='ocrx_word' id='word_1_356' title='bbox 738 4342 866 4425; x_wconf 80' lang='grc' dir='ltr'><strong><em>ψύχρνι,</em></strong></span> <span class='ocrx_word' id='word_1_357' title='bbox 889 4338 963 4431; x_wconf 75' lang='grc' dir='ltr'><strong>(Ἢ)</strong></span> <span class='ocrx_word' id='word_1_358' title='bbox 990 4347 1006 4422; x_wconf 82' lang='grc' dir='ltr'><strong><em>ὴ</em></strong></span> <span class='ocrx_word' id='word_1_359' title='bbox 1031 4345 1151 4427; x_wconf 75' lang='grc' dir='ltr'><strong><em>πάχνη.</em></strong></span> <span class='ocrx_word' id='word_1_360' title='bbox 1186 4347 1229 4415; x_wconf 78' lang='lat' dir='ltr'><strong>lit</strong></span> <span class='ocrx_word' id='word_1_361' title='bbox 1251 4350 1316 4428; x_wconf 80' lang='lat' dir='ltr'><strong>sio,</strong></span> 
     </span>
    </p>
   </div>
   <div class='ocr_carea' id='block_1_4' title="bbox 0 0 1500 4950">
    <p class='ocr_par' dir='ltr' id='par_1_7' title="bbox 0 0 1500 4950">
     <span class='ocr_line' id='line_1_39' title="bbox 0 0 1500 4950; baseline 0 0"><span class='ocrx_word' id='word_1_362' title='bbox 0 0 1500 4950; x_wconf 95' lang='lat' dir='ltr'><strong> </strong></span> 
     </span>
    </p>
   </div>
  </div>
 </body>
</html>
