<?xml version="1.0" encoding="UTF-8"?>
<!DOCTYPE html PUBLIC "-//W3C//DTD XHTML 1.0 Transitional//EN"
    "http://www.w3.org/TR/xhtml1/DTD/xhtml1-transitional.dtd">
<html xmlns="http://www.w3.org/1999/xhtml" xml:lang="en" lang="en">
 <head>
  <title>
</title>
<meta http-equiv="Content-Type" content="text/html;charset=utf-8" />
  <meta name='ocr-system' content='tesseract 3.04.00' />
  <meta name='ocr-capabilities' content='ocr_page ocr_carea ocr_par ocr_line ocrx_word'/>
</head>
<body>
  <div class='ocr_page' id='page_1' title='image "./adodysseameiusq00polagoog_0443.png"; bbox 0 0 2978 4950; ppageno 0'>
   <div class='ocr_carea' id='block_1_1' title="bbox 742 178 808 255">
    <p class='ocr_par' dir='ltr' id='par_1_1' title="bbox 742 178 808 255">
     <span class='ocr_line' id='line_1_1' title="bbox 742 178 808 255; baseline 0.015 -1"><span class='ocrx_word' id='word_1_1' title='bbox 742 178 808 255; x_wconf 72' lang='lat'><strong>412</strong></span> 
     </span>
    </p>
   </div>
   <div class='ocr_carea' id='block_1_2' title="bbox 142 375 1365 1317">
    <p class='ocr_par' dir='ltr' id='par_1_2' title="bbox 142 375 1365 1317">
     <span class='ocr_line' id='line_1_2' title="bbox 179 375 1363 461; baseline -0.004 -16"><span class='ocrx_word' id='word_1_2' title='bbox 179 378 272 457; x_wconf 65' lang='grc' dir='ltr'><strong><em>μηδὲν</em></strong></span> <span class='ocrx_word' id='word_1_3' title='bbox 296 380 447 458; x_wconf 80' lang='grc' dir='ltr'><strong><em>άμαρτείν</em></strong></span> <span class='ocrx_word' id='word_1_4' title='bbox 472 378 536 442; x_wconf 83' lang='grc' dir='ltr'><strong><em>ίστι</em></strong></span> <span class='ocrx_word' id='word_1_5' title='bbox 562 379 632 443; x_wconf 81' lang='grc' dir='ltr'><strong><em>θεῶν</em></strong></span> <span class='ocrx_word' id='word_1_6' title='bbox 657 378 709 442; x_wconf 80' lang='grc' dir='ltr'><strong>καί</strong></span> <span class='ocrx_word' id='word_1_7' title='bbox 733 378 841 444; x_wconf 89' lang='grc' dir='ltr'><strong><em>πάντα</em></strong></span> <span class='ocrx_word' id='word_1_8' title='bbox 865 379 1027 459; x_wconf 78' lang='grc' dir='ltr'><strong><em>κατορθοῦν</em></strong></span> <span class='ocrx_word' id='word_1_9' title='bbox 1048 383 1082 444; x_wconf 82' lang='lat' dir='ltr'><strong>et</strong></span> <span class='ocrx_word' id='word_1_10' title='bbox 1101 375 1363 461; x_wconf 67' lang='lat' dir='ltr'><strong>Xenophontem</strong></span> 
     </span>
     <span class='ocr_line' id='line_1_3' title="bbox 181 481 1363 574; baseline -0.006 -21"><span class='ocrx_word' id='word_1_11' title='bbox 181 486 328 574; x_wconf 80' lang='lat' dir='ltr'>(Memor.</span> <span class='ocrx_word' id='word_1_12' title='bbox 364 484 427 562; x_wconf 88' lang='lat' dir='ltr'>III,</span> <span class='ocrx_word' id='word_1_13' title='bbox 460 504 472 550; x_wconf 91' lang='lat'>1</span> <span class='ocrx_word' id='word_1_14' title='bbox 502 482 594 571; x_wconf 78' lang='lat'><strong>§3):</strong></span> <span class='ocrx_word' id='word_1_15' title='bbox 625 481 697 560; x_wconf 74' lang='grc' dir='ltr'><strong>ὅλης</strong></span> <span class='ocrx_word' id='word_1_16' title='bbox 727 486 791 565; x_wconf 81' lang='grc' dir='ltr'><strong>γάρ</strong></span> <span class='ocrx_word' id='word_1_17' title='bbox 822 494 877 561; x_wconf 73' lang='grc' dir='ltr'><strong>τῆς</strong></span> <span class='ocrx_word' id='word_1_18' title='bbox 906 485 1023 557; x_wconf 82' lang='grc' dir='ltr'><strong><em>πθλειις</em></strong></span> <span class='ocrx_word' id='word_1_19' title='bbox 1048 485 1080 548; x_wconf 75' lang='grc' dir='ltr'><strong>ἐν</strong></span> <span class='ocrx_word' id='word_1_20' title='bbox 1102 491 1167 556; x_wconf 81' lang='grc' dir='ltr'><strong><em>τοῖς</em></strong></span> <span class='ocrx_word' id='word_1_21' title='bbox 1192 490 1363 560; x_wconf 70' lang='grc' dir='ltr'><strong>πολεμικοῖς</strong></span> 
     </span>
     <span class='ocr_line' id='line_1_4' title="bbox 142 589 1365 677; baseline -0.006 -18"><span class='ocrx_word' id='word_1_22' title='bbox 142 630 148 651; x_wconf 77' lang='grc' dir='ltr'><strong><em>ι</em></strong></span> <span class='ocrx_word' id='word_1_23' title='bbox 180 592 321 665; x_wconf 72' lang='grc' dir='ltr'><em>κινδύνοις</em></span> <span class='ocrx_word' id='word_1_24' title='bbox 344 592 580 671; x_wconf 69' lang='grc' dir='ltr'><strong>ἐπιτρεπομένης</strong></span> <span class='ocrx_word' id='word_1_25' title='bbox 599 593 642 673; x_wconf 78' lang='grc' dir='ltr'><strong>τῷ</strong></span> <span class='ocrx_word' id='word_1_26' title='bbox 661 595 844 677; x_wconf 81' lang='grc' dir='ltr'><strong><em>στρατηγῷ,</em></strong></span> <span class='ocrx_word' id='word_1_27' title='bbox 866 593 1000 671; x_wconf 83' lang='grc' dir='ltr'><strong><em>μεγάλα</em></strong></span> <span class='ocrx_word' id='word_1_28' title='bbox 1019 591 1063 656; x_wconf 86' lang='grc' dir='ltr'><strong>τά</strong></span> <span class='ocrx_word' id='word_1_29' title='bbox 1082 614 1120 655; x_wconf 80' lang='grc' dir='ltr'><strong>τε</strong></span> <span class='ocrx_word' id='word_1_30' title='bbox 1131 589 1247 668; x_wconf 72' lang='grc' dir='ltr'><strong><em>ἀγαθά</em></strong></span> <span class='ocrx_word' id='word_1_31' title='bbox 1265 611 1365 668; x_wconf 78' lang='grc' dir='ltr'><strong><em>κατορ-</em></strong></span> 
     </span>
     <span class='ocr_line' id='line_1_5' title="bbox 180 697 1365 780; baseline -0.004 -15"><span class='ocrx_word' id='word_1_32' title='bbox 180 702 297 771; x_wconf 77' lang='grc' dir='ltr'><strong><em>θοῦντος</em></strong></span> <span class='ocrx_word' id='word_1_33' title='bbox 330 700 425 764; x_wconf 77' lang='grc' dir='ltr'><strong><em>αὐτοῦ</em></strong></span> <span class='ocrx_word' id='word_1_34' title='bbox 450 698 502 764; x_wconf 84' lang='grc' dir='ltr'><strong>καί</strong></span> <span class='ocrx_word' id='word_1_35' title='bbox 527 699 569 763; x_wconf 84' lang='grc' dir='ltr'><strong>τά</strong></span> <span class='ocrx_word' id='word_1_36' title='bbox 592 701 677 762; x_wconf 79' lang='grc' dir='ltr'><strong><em>κακά</em></strong></span> <span class='ocrx_word' id='word_1_37' title='bbox 701 698 960 780; x_wconf 68' lang='grc' dir='ltr'><strong><em>διαμαρτάνοντος</em></strong></span> <span class='ocrx_word' id='word_1_38' title='bbox 986 699 1064 771; x_wconf 66' lang='lat' dir='ltr'><strong>riade</strong></span> <span class='ocrx_word' id='word_1_39' title='bbox 1088 697 1278 776; x_wconf 75' lang='grc' dir='ltr'><strong><em>γίγνεσθαι,</em></strong></span> <span class='ocrx_word' id='word_1_40' title='bbox 1302 697 1365 780; x_wconf 87' lang='lat' dir='ltr'><strong>qui·</strong></span> 
     </span>
     <span class='ocr_line' id='line_1_6' title="bbox 179 801 1363 891; baseline -0.004 -21"><span class='ocrx_word' id='word_1_41' title='bbox 179 806 239 870; x_wconf 94' lang='lat' dir='ltr'><strong>bus</strong></span> <span class='ocrx_word' id='word_1_42' title='bbox 261 803 430 869; x_wconf 84' lang='lat' dir='ltr'><strong>simillime</strong></span> <span class='ocrx_word' id='word_1_43' title='bbox 448 803 600 891; x_wconf 79' lang='lat' dir='ltr'><strong>leguntur</strong></span> <span class='ocrx_word' id='word_1_44' title='bbox 616 804 701 888; x_wconf 86' lang='lat' dir='ltr'><strong>epud</strong></span> <span class='ocrx_word' id='word_1_45' title='bbox 720 825 979 891; x_wconf 82' lang='lat' dir='ltr'><strong>unumquemque</strong></span> <span class='ocrx_word' id='word_1_46' title='bbox 998 805 1189 889; x_wconf 72' lang='lat' dir='ltr'><strong>scriptorem</strong></span> <span class='ocrx_word' id='word_1_47' title='bbox 1200 801 1363 868; x_wconf 74' lang='lat' dir='ltr'><strong>ensem</strong></span> 
     </span>
     <span class='ocr_line' id='line_1_7' title="bbox 178 908 1363 998; baseline -0.004 -22"><span class='ocrx_word' id='word_1_48' title='bbox 178 910 284 998; x_wconf 77' lang='lat' dir='ltr'>Igitur</span> <span class='ocrx_word' id='word_1_49' title='bbox 318 911 377 976; x_wconf 84' lang='lat' dir='ltr'><strong>hoc</strong></span> <span class='ocrx_word' id='word_1_50' title='bbox 406 910 502 975; x_wconf 84' lang='lat' dir='ltr'><strong>dicit:</strong></span> <span class='ocrx_word' id='word_1_51' title='bbox 528 909 706 997; x_wconf 78' lang='lat' dir='ltr'><strong>malignum</strong></span> <span class='ocrx_word' id='word_1_52' title='bbox 731 908 880 997; x_wconf 73' lang='lat' dir='ltr'><strong>Cyclopis</strong></span> <span class='ocrx_word' id='word_1_53' title='bbox 904 911 1074 977; x_wconf 87' lang='lat' dir='ltr'><strong>eonsilium</strong></span> <span class='ocrx_word' id='word_1_54' title='bbox 1097 928 1248 975; x_wconf 85' lang='lat' dir='ltr'><strong>sueeessu</strong></span> <span class='ocrx_word' id='word_1_55' title='bbox 1269 909 1363 974; x_wconf 79' lang='lat' dir='ltr'><strong>esruit</strong></span> 
     </span>
     <span class='ocr_line' id='line_1_8' title="bbox 179 1012 1362 1102; baseline -0.003 -20"><span class='ocrx_word' id='word_1_56' title='bbox 179 1037 216 1082; x_wconf 91' lang='lat' dir='ltr'><strong>eo</strong></span> <span class='ocrx_word' id='word_1_57' title='bbox 251 1020 337 1102; x_wconf 88' lang='lat' dir='ltr'><strong>ipso,</strong></span> <span class='ocrx_word' id='word_1_58' title='bbox 372 1017 457 1102; x_wconf 90' lang='lat' dir='ltr'><strong>quod</strong></span> <span class='ocrx_word' id='word_1_59' title='bbox 487 1028 554 1082; x_wconf 84' lang='lat' dir='ltr'><strong>tem</strong></span> <span class='ocrx_word' id='word_1_60' title='bbox 586 1018 679 1083; x_wconf 82' lang='lat' dir='ltr'><strong>anxie</strong></span> <span class='ocrx_word' id='word_1_61' title='bbox 706 1020 739 1083; x_wconf 93' lang='lat' dir='ltr'><strong>in</strong></span> <span class='ocrx_word' id='word_1_62' title='bbox 767 1021 937 1083; x_wconf 82' lang='lat' dir='ltr'><strong>stetissem</strong></span> <span class='ocrx_word' id='word_1_63' title='bbox 961 1020 1053 1083; x_wconf 83' lang='lat' dir='ltr'><strong>neris</strong></span> <span class='ocrx_word' id='word_1_64' title='bbox 1075 1017 1263 1102; x_wconf 77' lang='lat' dir='ltr'><strong>inquisivit,</strong></span> <span class='ocrx_word' id='word_1_65' title='bbox 1287 1012 1362 1079; x_wconf 86' lang='lat' dir='ltr'><strong>uude</strong></span> 
     </span>
     <span class='ocr_line' id='line_1_9' title="bbox 179 1119 1362 1208; baseline -0.003 -20"><span class='ocrx_word' id='word_1_66' title='bbox 179 1125 295 1189; x_wconf 89' lang='lat' dir='ltr'><strong>merito</strong></span> <span class='ocrx_word' id='word_1_67' title='bbox 317 1122 408 1187; x_wconf 84' lang='lat' dir='ltr'><strong>Ulixi</strong></span> <span class='ocrx_word' id='word_1_68' title='bbox 426 1125 565 1208; x_wconf 85' lang='lat' dir='ltr'><strong>suspieio</strong></span> <span class='ocrx_word' id='word_1_69' title='bbox 588 1123 722 1188; x_wconf 86' lang='lat' dir='ltr'><strong>subnets</strong></span> <span class='ocrx_word' id='word_1_70' title='bbox 745 1129 803 1188; x_wconf 89' lang='lat' dir='ltr'><strong>est.</strong></span> <span class='ocrx_word' id='word_1_71' title='bbox 841 1121 925 1205; x_wconf 85' lang='lat' dir='ltr'><strong>Quid</strong></span> <span class='ocrx_word' id='word_1_72' title='bbox 945 1125 1031 1189; x_wconf 90' lang='lat' dir='ltr'><strong>enim</strong></span> <span class='ocrx_word' id='word_1_73' title='bbox 1051 1143 1127 1189; x_wconf 89' lang='lat' dir='ltr'><strong>eum</strong></span> <span class='ocrx_word' id='word_1_74' title='bbox 1145 1119 1362 1187; x_wconf 79' lang='lat' dir='ltr'><strong>ettinebethee</strong></span> 
     </span>
     <span class='ocr_line' id='line_1_10' title="bbox 179 1222 1175 1317; baseline -0.004 -21"><span class='ocrx_word' id='word_1_75' title='bbox 179 1235 248 1296; x_wconf 87' lang='lat' dir='ltr'><strong>tern</strong></span> <span class='ocrx_word' id='word_1_76' title='bbox 267 1237 412 1296; x_wconf 74' lang='lat' dir='ltr'><strong>seeumte</strong></span> <span class='ocrx_word' id='word_1_77' title='bbox 432 1232 598 1317; x_wconf 75' lang='lat' dir='ltr'><strong>cognitum</strong></span> <span class='ocrx_word' id='word_1_78' title='bbox 621 1227 755 1295; x_wconf 76' lang='lat' dir='ltr'><strong>hebere?</strong></span> <span class='ocrx_word' id='word_1_79' title='bbox 1170 1222 1175 1229; x_wconf 78' lang='grc'><strong>’</strong></span> 
     </span>
    </p>
   </div>
   <div class='ocr_carea' id='block_1_3' title="bbox 181 1419 1358 1733">
    <p class='ocr_par' dir='ltr' id='par_1_3' title="bbox 181 1419 1358 1733">
     <span class='ocr_line' id='line_1_11' title="bbox 226 1419 1358 1520; baseline 0.002 -15"><span class='ocrx_word' id='word_1_80' title='bbox 226 1464 255 1518; x_wconf 92' lang='grc' dir='ltr'><strong>ι,</strong></span> <span class='ocrx_word' id='word_1_81' title='bbox 287 1438 364 1504; x_wconf 86' lang='grc'><strong>291.</strong></span> <span class='ocrx_word' id='word_1_82' title='bbox 411 1419 583 1504; x_wconf 76' lang='grc' dir='ltr'><strong><em>Μελείστίε</em></strong></span> <span class='ocrx_word' id='word_1_83' title='bbox 615 1440 658 1512; x_wconf 73' lang='grc' dir='ltr'><strong>τίς</strong></span> <span class='ocrx_word' id='word_1_84' title='bbox 690 1438 772 1515; x_wconf 85' lang='grc' dir='ltr'><strong><em>μίλη</em></strong></span> <span class='ocrx_word' id='word_1_85' title='bbox 804 1437 1042 1520; x_wconf 74' lang='grc' dir='ltr'><strong><em>διασπαράέαο,</em></strong></span> <span class='ocrx_word' id='word_1_86' title='bbox 1075 1440 1109 1504; x_wconf 82' lang='grc' dir='ltr'><strong><em>οὗ</em></strong></span> <span class='ocrx_word' id='word_1_87' title='bbox 1139 1438 1191 1503; x_wconf 73' lang='grc' dir='ltr'><strong>διά</strong></span> <span class='ocrx_word' id='word_1_88' title='bbox 1208 1434 1358 1517; x_wconf 68' lang='grc' dir='ltr'><strong><em>τέκνοισί</em></strong></span> 
     </span>
     <span class='ocr_line' id='line_1_12' title="bbox 181 1539 1355 1630; baseline -0.007 -18"><span class='ocrx_word' id='word_1_89' title='bbox 181 1548 309 1626; x_wconf 76' lang='grc' dir='ltr'><strong><em>σιδάρου.</em></strong></span> <span class='ocrx_word' id='word_1_90' title='bbox 333 1545 386 1630; x_wconf 77' lang='grc' dir='ltr'><strong>(Τ)</strong></span> <span class='ocrx_word' id='word_1_91' title='bbox 409 1545 553 1610; x_wconf 74' lang='lat' dir='ltr'><strong>Praestat</strong></span> <span class='ocrx_word' id='word_1_92' title='bbox 576 1546 683 1610; x_wconf 84' lang='grc' dir='ltr'><strong><em>κατά</em></strong></span> <span class='ocrx_word' id='word_1_93' title='bbox 701 1544 783 1624; x_wconf 87' lang='grc' dir='ltr'><strong><em>μίλη</em></strong></span> <span class='ocrx_word' id='word_1_94' title='bbox 804 1544 1043 1630; x_wconf 76' lang='grc' dir='ltr'><strong><em>διασπαράξας,</em></strong></span> <span class='ocrx_word' id='word_1_95' title='bbox 1060 1552 1094 1610; x_wconf 89' lang='lat' dir='ltr'><strong>et</strong></span> <span class='ocrx_word' id='word_1_96' title='bbox 1112 1547 1159 1611; x_wconf 85' lang='lat' dir='ltr'><strong>eie</strong></span> <span class='ocrx_word' id='word_1_97' title='bbox 1177 1545 1314 1612; x_wconf 78' lang='lat' dir='ltr'><strong>breviter</strong></span> <span class='ocrx_word' id='word_1_98' title='bbox 1325 1539 1355 1605; x_wconf 78' lang='lat' dir='ltr'><strong>V:</strong></span> 
     </span>
     <span class='ocr_line' id='line_1_13' title="bbox 181 1654 395 1733; baseline -0.019 -11"><span class='ocrx_word' id='word_1_99' title='bbox 181 1656 268 1722; x_wconf 79' lang='grc' dir='ltr'><strong><em>κατά</em></strong></span> <span class='ocrx_word' id='word_1_100' title='bbox 289 1654 395 1733; x_wconf 73' lang='grc' dir='ltr'><strong><em>μέλος.</em></strong></span> 
     </span>
    </p>
   </div>
   <div class='ocr_carea' id='block_1_4' title="bbox 180 1866 1358 2471">
    <p class='ocr_par' dir='ltr' id='par_1_4' title="bbox 180 1866 1358 2471">
     <span class='ocr_line' id='line_1_14' title="bbox 226 1866 1357 1955; baseline -0.004 -22"><span class='ocrx_word' id='word_1_101' title='bbox 226 1893 255 1953; x_wconf 86' lang='grc' dir='ltr'><strong>ι,</strong></span> <span class='ocrx_word' id='word_1_102' title='bbox 279 1866 355 1932; x_wconf 87' lang='grc'><strong>292.</strong></span> <span class='ocrx_word' id='word_1_103' title='bbox 403 1867 541 1955; x_wconf 77' lang='lat' dir='ltr'>Cyclops</span> <span class='ocrx_word' id='word_1_104' title='bbox 565 1869 646 1944; x_wconf 76' lang='grc' dir='ltr'><strong><em>ἤσθιε</em></strong></span> <span class='ocrx_word' id='word_1_105' title='bbox 669 1870 696 1934; x_wconf 75' lang='grc' dir='ltr'><strong>δ’</strong></span> <span class='ocrx_word' id='word_1_106' title='bbox 719 1866 757 1940; x_wconf 81' lang='grc' dir='ltr'><strong>άς</strong></span> <span class='ocrx_word' id='word_1_107' title='bbox 780 1893 817 1933; x_wconf 80' lang='grc' dir='ltr'><strong>τε</strong></span> <span class='ocrx_word' id='word_1_108' title='bbox 836 1868 913 1933; x_wconf 78' lang='grc' dir='ltr'><strong><em>λίοιν</em></strong></span> <span class='ocrx_word' id='word_1_109' title='bbox 933 1869 1136 1950; x_wconf 78' lang='grc' dir='ltr'><strong><em>ὀρεσίτροφος.</em></strong></span> <span class='ocrx_word' id='word_1_110' title='bbox 1172 1867 1357 1933; x_wconf 74' lang='lat' dir='ltr'><strong>Adnetetur:</strong></span> 
     </span>
     <span class='ocr_line' id='line_1_15' title="bbox 181 1972 1357 2058; baseline -0.001 -20"><span class='ocrx_word' id='word_1_111' title='bbox 181 1975 252 2055; x_wconf 79' lang='grc' dir='ltr'><strong><em>πρὸς</em></strong></span> <span class='ocrx_word' id='word_1_112' title='bbox 277 1975 383 2040; x_wconf 82' lang='grc' dir='ltr'><strong><em>πάντα</em></strong></span> <span class='ocrx_word' id='word_1_113' title='bbox 409 1976 548 2056; x_wconf 75' lang='grc' dir='ltr'><strong><em>ἐμφερῶς</em></strong></span> <span class='ocrx_word' id='word_1_114' title='bbox 572 1985 610 2058; x_wconf 70' lang='grc' dir='ltr'><strong>τῇ</strong></span> <span class='ocrx_word' id='word_1_115' title='bbox 632 1973 738 2053; x_wconf 61' lang='lat' dir='ltr'><strong>sindus,</strong></span> <span class='ocrx_word' id='word_1_116' title='bbox 760 1977 832 2056; x_wconf 78' lang='grc' dir='ltr'><strong><em>πρὸς</em></strong></span> <span class='ocrx_word' id='word_1_117' title='bbox 851 1978 907 2039; x_wconf 80' lang='grc' dir='ltr'><strong><em>τίιν</em></strong></span> <span class='ocrx_word' id='word_1_118' title='bbox 929 1974 1203 2057; x_wconf 81' lang='grc' dir='ltr'><strong><em>άνθριιποφαγίαν,</em></strong></span> <span class='ocrx_word' id='word_1_119' title='bbox 1223 1973 1295 2053; x_wconf 78' lang='grc' dir='ltr'><strong><em>πρθς</em></strong></span> <span class='ocrx_word' id='word_1_120' title='bbox 1310 1972 1357 2045; x_wconf 66' lang='grc' dir='ltr'><strong>τίν</strong></span> 
     </span>
     <span class='ocr_line' id='line_1_16' title="bbox 181 2079 1358 2170; baseline -0.003 -23"><span class='ocrx_word' id='word_1_121' title='bbox 181 2083 388 2162; x_wconf 78' lang='grc' dir='ltr'><strong><em>ὠμοφαγίαν,</em></strong></span> <span class='ocrx_word' id='word_1_122' title='bbox 413 2082 479 2147; x_wconf 80' lang='grc' dir='ltr'><strong>καί</strong></span> <span class='ocrx_word' id='word_1_123' title='bbox 503 2083 539 2146; x_wconf 82' lang='grc' dir='ltr'><strong>τὸ</strong></span> <span class='ocrx_word' id='word_1_124' title='bbox 562 2081 723 2158; x_wconf 87' lang='grc' dir='ltr'><strong><em>άπληστον</em></strong></span> <span class='ocrx_word' id='word_1_125' title='bbox 746 2090 800 2157; x_wconf 73' lang='grc' dir='ltr'><strong>τῆς</strong></span> <span class='ocrx_word' id='word_1_126' title='bbox 825 2083 931 2161; x_wconf 74' lang='grc' dir='ltr'><strong><em>βορᾶς.</em></strong></span> <span class='ocrx_word' id='word_1_127' title='bbox 959 2081 1012 2170; x_wconf 75' lang='grc' dir='ltr'><strong>(Τ)</strong></span> <span class='ocrx_word' id='word_1_128' title='bbox 1035 2079 1243 2146; x_wconf 80' lang='lat' dir='ltr'><strong>Oeneinnitss</strong></span> <span class='ocrx_word' id='word_1_129' title='bbox 1264 2084 1358 2165; x_wconf 77' lang='lat' dir='ltr'><strong>pestu-</strong></span> 
     </span>
     <span class='ocr_line' id='line_1_17' title="bbox 180 2182 1358 2270; baseline -0.004 -17"><span class='ocrx_word' id='word_1_130' title='bbox 180 2187 244 2253; x_wconf 82' lang='lat' dir='ltr'><strong>let:</strong></span> <span class='ocrx_word' id='word_1_131' title='bbox 277 2190 349 2269; x_wconf 77' lang='grc' dir='ltr'><strong><em>πρὸς</em></strong></span> <span class='ocrx_word' id='word_1_132' title='bbox 380 2189 434 2262; x_wconf 69' lang='grc' dir='ltr'><strong>τὴν</strong></span> <span class='ocrx_word' id='word_1_133' title='bbox 466 2190 745 2270; x_wconf 78' lang='grc' dir='ltr'><strong><em>θνθροιποφαγίαν,</em></strong></span> <span class='ocrx_word' id='word_1_134' title='bbox 780 2191 852 2270; x_wconf 74' lang='grc' dir='ltr'><strong><em>πρὸς</em></strong></span> <span class='ocrx_word' id='word_1_135' title='bbox 889 2192 944 2265; x_wconf 77' lang='grc' dir='ltr'><strong>την</strong></span> <span class='ocrx_word' id='word_1_136' title='bbox 963 2188 1177 2270; x_wconf 58' lang='grc' dir='ltr'><strong><em>,ὠμοφαγίαι</em></strong></span> <span class='ocrx_word' id='word_1_137' title='bbox 1210 2182 1358 2266; x_wconf 69' lang='lat' dir='ltr'><strong>uteri</strong></span> 
     </span>
     <span class='ocr_line' id='line_1_18' title="bbox 180 2290 1358 2383; baseline -0.003 -23"><span class='ocrx_word' id='word_1_138' title='bbox 180 2293 341 2369; x_wconf 83' lang='grc' dir='ltr'><strong><em>άπληστον</em></strong></span> <span class='ocrx_word' id='word_1_139' title='bbox 362 2305 418 2383; x_wconf 74' lang='grc' dir='ltr'><strong>τῆς</strong></span> <span class='ocrx_word' id='word_1_140' title='bbox 441 2296 546 2374; x_wconf 76' lang='grc' dir='ltr'><strong><em>βοράο.</em></strong></span> <span class='ocrx_word' id='word_1_141' title='bbox 584 2296 852 2381; x_wconf 83' lang='lat' dir='ltr'><strong>Frequentissime</strong></span> <span class='ocrx_word' id='word_1_142' title='bbox 875 2295 1026 2362; x_wconf 79' lang='lat' dir='ltr'><strong>sunfundi</strong></span> <span class='ocrx_word' id='word_1_143' title='bbox 1050 2295 1106 2360; x_wconf 86' lang='grc' dir='ltr'><strong>καί</strong></span> <span class='ocrx_word' id='word_1_144' title='bbox 1125 2301 1158 2360; x_wconf 89' lang='lat' dir='ltr'><strong>et</strong></span> <span class='ocrx_word' id='word_1_145' title='bbox 1177 2291 1251 2375; x_wconf 75' lang='grc' dir='ltr'><strong><em>πρθς</em></strong></span> <span class='ocrx_word' id='word_1_146' title='bbox 1270 2290 1358 2357; x_wconf 76' lang='lat' dir='ltr'><strong>netis·</strong></span> 
     </span>
     <span class='ocr_line' id='line_1_19' title="bbox 181 2404 415 2471; baseline 0.009 -5"><span class='ocrx_word' id='word_1_147' title='bbox 181 2404 264 2468; x_wconf 82' lang='lat' dir='ltr'><strong>sime</strong></span> <span class='ocrx_word' id='word_1_148' title='bbox 286 2424 335 2471; x_wconf 91' lang='lat' dir='ltr'><strong>res</strong></span> <span class='ocrx_word' id='word_1_149' title='bbox 358 2411 415 2470; x_wconf 87' lang='lat' dir='ltr'><strong>est.</strong></span> 
     </span>
    </p>
   </div>
   <div class='ocr_carea' id='block_1_5' title="bbox 179 2609 1358 2806">
    <p class='ocr_par' dir='ltr' id='par_1_5' title="bbox 179 2609 1358 2806">
     <span class='ocr_line' id='line_1_20' title="bbox 225 2609 1358 2698; baseline -0.003 -22"><span class='ocrx_word' id='word_1_150' title='bbox 225 2637 252 2698; x_wconf 78' lang='grc' dir='ltr'><strong>ι,</strong></span> <span class='ocrx_word' id='word_1_151' title='bbox 278 2613 354 2678; x_wconf 85' lang='grc'><strong>329.</strong></span> <span class='ocrx_word' id='word_1_152' title='bbox 399 2617 480 2678; x_wconf 73' lang='grc' dir='ltr'><strong>’Ὑπὸ</strong></span> <span class='ocrx_word' id='word_1_153' title='bbox 506 2615 621 2696; x_wconf 79' lang='grc' dir='ltr'><strong><em>κθπρῳτ</em></strong></span> <span class='ocrx_word' id='word_1_154' title='bbox 647 2613 871 2694; x_wconf 72' lang='grc' dir='ltr'><strong><em>Ἀριστοφάνης</em></strong></span> <span class='ocrx_word' id='word_1_155' title='bbox 898 2615 975 2691; x_wconf 66' lang='lat' dir='ltr'><strong>„tired</strong></span> <span class='ocrx_word' id='word_1_156' title='bbox 998 2613 1138 2692; x_wconf 82' lang='grc' dir='ltr'><strong><em>κθπρου”·</em></strong></span> <span class='ocrx_word' id='word_1_157' title='bbox 1161 2616 1201 2686; x_wconf 78' lang='grc' dir='ltr'><strong>ὥς</strong></span> <span class='ocrx_word' id='word_1_158' title='bbox 1224 2611 1281 2677; x_wconf 72' lang='grc' dir='ltr'><strong>ὑπὸ</strong></span> <span class='ocrx_word' id='word_1_159' title='bbox 1299 2609 1358 2674; x_wconf 85' lang='grc' dir='ltr'><strong><em>ιιίλ·</em></strong></span> 
     </span>
     <span class='ocr_line' id='line_1_21' title="bbox 179 2716 1357 2806; baseline -0.004 -23"><span class='ocrx_word' id='word_1_160' title='bbox 179 2743 254 2803; x_wconf 80' lang='grc' dir='ltr'><strong><em>που,</em></strong></span> <span class='ocrx_word' id='word_1_161' title='bbox 279 2721 337 2784; x_wconf 83' lang='grc' dir='ltr'><strong>ὑπὸ</strong></span> <span class='ocrx_word' id='word_1_162' title='bbox 361 2720 465 2796; x_wconf 76' lang='grc' dir='ltr'><strong><em>μάλης</em></strong></span> <span class='ocrx_word' id='word_1_163' title='bbox 490 2721 529 2784; x_wconf 74' lang='grc' dir='ltr'><strong>δέ</strong></span> <span class='ocrx_word' id='word_1_164' title='bbox 554 2746 583 2785; x_wconf 89' lang='grc' dir='ltr'><strong>τι</strong></span> <span class='ocrx_word' id='word_1_165' title='bbox 608 2721 704 2800; x_wconf 74' lang='grc' dir='ltr'><strong><em>φέρει.</em></strong></span> <span class='ocrx_word' id='word_1_166' title='bbox 741 2721 801 2806; x_wconf 87' lang='grc' dir='ltr'><strong>(Η)</strong></span> <span class='ocrx_word' id='word_1_167' title='bbox 826 2721 1010 2786; x_wconf 76' lang='lat' dir='ltr'><strong>Necessario</strong></span> <span class='ocrx_word' id='word_1_168' title='bbox 1034 2723 1226 2804; x_wconf 73' lang='lat' dir='ltr'><strong>reponatur:</strong></span> <span class='ocrx_word' id='word_1_169' title='bbox 1252 2720 1289 2789; x_wconf 75' lang='grc' dir='ltr'><strong>ὥς</strong></span> <span class='ocrx_word' id='word_1_170' title='bbox 1310 2716 1357 2781; x_wconf 72' lang='grc' dir='ltr'><strong>ὑπὸ</strong></span> 
     </span>
    </p>
   </div>
   <div class='ocr_carea' id='block_1_6' title="bbox 179 2827 795 2911">
    <p class='ocr_par' dir='ltr' id='par_1_6' title="bbox 179 2827 795 2911">
     <span class='ocr_line' id='line_1_22' title="bbox 179 2827 795 2911; baseline 0.002 -20"><span class='ocrx_word' id='word_1_171' title='bbox 179 2827 310 2911; x_wconf 83' lang='grc' dir='ltr'><strong><em>κόλπου,</em></strong></span> <span class='ocrx_word' id='word_1_172' title='bbox 336 2828 394 2891; x_wconf 72' lang='grc' dir='ltr'><strong>ὑπὸ</strong></span> <span class='ocrx_word' id='word_1_173' title='bbox 419 2827 524 2904; x_wconf 78' lang='grc' dir='ltr'><strong><em>μάλης</em></strong></span> <span class='ocrx_word' id='word_1_174' title='bbox 548 2830 610 2898; x_wconf 80' lang='grc' dir='ltr'><strong>τίς</strong></span> <span class='ocrx_word' id='word_1_175' title='bbox 636 2852 674 2892; x_wconf 85' lang='grc' dir='ltr'><strong>τι</strong></span> <span class='ocrx_word' id='word_1_176' title='bbox 699 2829 795 2907; x_wconf 81' lang='grc' dir='ltr'><strong><em>φίρει.</em></strong></span> 
     </span>
    </p>
   </div>
   <div class='ocr_carea' id='block_1_7' title="bbox 225 3033 1359 3117">
    <p class='ocr_par' dir='ltr' id='par_1_7' title="bbox 225 3033 1359 3117">
     <span class='ocr_line' id='line_1_23' title="bbox 225 3033 1359 3117; baseline -0.003 -19"><span class='ocrx_word' id='word_1_177' title='bbox 225 3061 250 3113; x_wconf 87' lang='grc' dir='ltr'><strong>ι,</strong></span> <span class='ocrx_word' id='word_1_178' title='bbox 277 3037 352 3100; x_wconf 83' lang='grc'><strong>345.</strong></span> <span class='ocrx_word' id='word_1_179' title='bbox 401 3039 464 3102; x_wconf 81' lang='grc' dir='ltr'><strong>Διά</strong></span> <span class='ocrx_word' id='word_1_180' title='bbox 497 3039 528 3101; x_wconf 93' lang='grc' dir='ltr'><strong>τί</strong></span> <span class='ocrx_word' id='word_1_181' title='bbox 558 3040 726 3109; x_wconf 75' lang='grc' dir='ltr'><strong>Ὀδυσσεὺς</strong></span> <span class='ocrx_word' id='word_1_182' title='bbox 751 3039 824 3117; x_wconf 83' lang='grc' dir='ltr'><strong><em>πρὸς</em></strong></span> <span class='ocrx_word' id='word_1_183' title='bbox 848 3040 918 3109; x_wconf 83' lang='grc' dir='ltr'><strong><em>τοὺς</em></strong></span> <span class='ocrx_word' id='word_1_184' title='bbox 944 3038 1085 3109; x_wconf 75' lang='grc' dir='ltr'><strong><em>Φαίακας</em></strong></span> <span class='ocrx_word' id='word_1_185' title='bbox 1113 3035 1225 3113; x_wconf 78' lang='grc' dir='ltr'><strong><em>ἔλεγεν</em></strong></span> <span class='ocrx_word' id='word_1_186' title='bbox 1250 3033 1294 3100; x_wconf 78' lang='grc' dir='ltr'><strong>ὅτι</strong></span> <span class='ocrx_word' id='word_1_187' title='bbox 1316 3035 1359 3097; x_wconf 78' lang='grc' dir='ltr'><strong>τὸν</strong></span> 
     </span>
    </p>
   </div>
   <div class='ocr_carea' id='block_1_8' title="bbox 172 3120 1361 3851">
    <p class='ocr_par' dir='ltr' id='par_1_8' title="bbox 172 3120 1361 3851">
     <span class='ocr_line' id='line_1_24' title="bbox 179 3120 1361 3228; baseline -0.005 -20"><span class='ocrx_word' id='word_1_188' title='bbox 179 3144 338 3208; x_wconf 78' lang='grc' dir='ltr'><strong><em>Κύκλωπα</em></strong></span> <span class='ocrx_word' id='word_1_189' title='bbox 362 3144 526 3222; x_wconf 78' lang='grc' dir='ltr'><strong><em>ἐτύφλωσε</em></strong></span> <span class='ocrx_word' id='word_1_190' title='bbox 550 3120 726 3213; x_wconf 69' lang='grc' dir='ltr'><strong><em>Ποσθιδῶνοο</em></strong></span> <span class='ocrx_word' id='word_1_191' title='bbox 751 3146 811 3209; x_wconf 80' lang='grc' dir='ltr'><strong><em>υἱὸν</em></strong></span> <span class='ocrx_word' id='word_1_192' title='bbox 835 3145 929 3228; x_wconf 80' lang='grc' dir='ltr'><strong><em>ὄντα,</em></strong></span> <span class='ocrx_word' id='word_1_193' title='bbox 954 3142 1017 3209; x_wconf 82' lang='grc' dir='ltr'><strong><em>οὖσι</em></strong></span> <span class='ocrx_word' id='word_1_194' title='bbox 1043 3144 1094 3208; x_wconf 85' lang='grc' dir='ltr'><strong>καί</strong></span> <span class='ocrx_word' id='word_1_195' title='bbox 1121 3147 1228 3215; x_wconf 78' lang='grc' dir='ltr'><strong><em>αὐτοῖς</em></strong></span> <span class='ocrx_word' id='word_1_196' title='bbox 1257 3140 1361 3216; x_wconf 87' lang='grc' dir='ltr'><strong><em>άπογί·</em></strong></span> 
     </span>
     <span class='ocr_line' id='line_1_25' title="bbox 172 3248 1359 3339; baseline -0.002 -24"><span class='ocrx_word' id='word_1_197' title='bbox 172 3275 235 3322; x_wconf 80' lang='grc' dir='ltr'><strong><em>νοις</em></strong></span> <span class='ocrx_word' id='word_1_198' title='bbox 260 3251 457 3329; x_wconf 58' lang='lat' dir='ltr'><strong>Heredium</strong></span> <span class='ocrx_word' id='word_1_199' title='bbox 493 3251 580 3337; x_wconf 71' lang='lat' dir='ltr'>(H&#39;l&#39;)</span> <span class='ocrx_word' id='word_1_200' title='bbox 604 3253 715 3317; x_wconf 86' lang='lat' dir='ltr'><strong>Potuit</strong></span> <span class='ocrx_word' id='word_1_201' title='bbox 739 3253 834 3316; x_wconf 91' lang='lat' dir='ltr'>homo</span> <span class='ocrx_word' id='word_1_202' title='bbox 858 3251 1031 3339; x_wconf 80' lang='lat' dir='ltr'>neglegens</span> <span class='ocrx_word' id='word_1_203' title='bbox 1055 3252 1133 3316; x_wconf 86' lang='lat' dir='ltr'><strong>hese</strong></span> <span class='ocrx_word' id='word_1_204' title='bbox 1156 3258 1226 3315; x_wconf 86' lang='lat' dir='ltr'><strong>tem</strong></span> <span class='ocrx_word' id='word_1_205' title='bbox 1250 3248 1359 3314; x_wconf 79' lang='lat' dir='ltr'><strong>soloece</strong></span> 
     </span>
     <span class='ocr_line' id='line_1_26' title="bbox 179 3356 1359 3444; baseline -0.006 -20"><span class='ocrx_word' id='word_1_206' title='bbox 179 3361 369 3443; x_wconf 79' lang='lat' dir='ltr'><strong>excerpsisse</strong></span> <span class='ocrx_word' id='word_1_207' title='bbox 392 3358 477 3443; x_wconf 80' lang='grc' dir='ltr'><strong><em>(πρὸς</em></strong></span> <span class='ocrx_word' id='word_1_208' title='bbox 495 3360 564 3429; x_wconf 80' lang='grc' dir='ltr'><strong><em>τοὺς</em></strong></span> <span class='ocrx_word' id='word_1_209' title='bbox 584 3361 729 3429; x_wconf 74' lang='grc' dir='ltr'><strong><em>Φαίακας</em></strong></span> <span class='ocrx_word' id='word_1_210' title='bbox 754 3395 773 3408; x_wconf 91' lang='grc'><strong>-</strong></span> <span class='ocrx_word' id='word_1_211' title='bbox 794 3356 873 3424; x_wconf 80' lang='grc' dir='ltr'><strong><em>οὖσιν</em></strong></span> <span class='ocrx_word' id='word_1_212' title='bbox 893 3358 1088 3444; x_wconf 73' lang='grc' dir='ltr'><strong><em>άπογθνοις)ε</em></strong></span> <span class='ocrx_word' id='word_1_213' title='bbox 1109 3359 1245 3423; x_wconf 80' lang='lat' dir='ltr'><strong>fortasse</strong></span> <span class='ocrx_word' id='word_1_214' title='bbox 1264 3362 1359 3420; x_wconf 82' lang='lat' dir='ltr'><strong>temen</strong></span> 
     </span>
     <span class='ocr_line' id='line_1_27' title="bbox 178 3461 1359 3550; baseline -0.007 -20"><span class='ocrx_word' id='word_1_215' title='bbox 178 3467 354 3530; x_wconf 81' lang='lat' dir='ltr'><strong>scribarum</strong></span> <span class='ocrx_word' id='word_1_216' title='bbox 378 3465 430 3529; x_wconf 88' lang='lat' dir='ltr'><strong>hie</strong></span> <span class='ocrx_word' id='word_1_217' title='bbox 454 3486 539 3530; x_wconf 88' lang='lat' dir='ltr'><strong>error</strong></span> <span class='ocrx_word' id='word_1_218' title='bbox 562 3478 627 3542; x_wconf 88' lang='lat' dir='ltr'><strong>est,</strong></span> <span class='ocrx_word' id='word_1_219' title='bbox 652 3472 875 3550; x_wconf 81' lang='lat' dir='ltr'><strong>excerptorque</strong></span> <span class='ocrx_word' id='word_1_220' title='bbox 895 3471 978 3530; x_wconf 88' lang='lat' dir='ltr'><strong>reete</strong></span> <span class='ocrx_word' id='word_1_221' title='bbox 999 3470 1031 3530; x_wconf 92' lang='lat' dir='ltr'><strong>et</strong></span> <span class='ocrx_word' id='word_1_222' title='bbox 1050 3463 1160 3529; x_wconf 87' lang='lat' dir='ltr'><strong>ordine</strong></span> <span class='ocrx_word' id='word_1_223' title='bbox 1178 3463 1282 3528; x_wconf 83' lang='lat' dir='ltr'><strong>dedit:</strong></span> <span class='ocrx_word' id='word_1_224' title='bbox 1306 3461 1359 3525; x_wconf 75' lang='lat' dir='ltr'><strong>Ari</strong></span> 
     </span>
     <span class='ocr_line' id='line_1_28' title="bbox 178 3566 1358 3648; baseline -0.008 -12"><span class='ocrx_word' id='word_1_225' title='bbox 178 3575 210 3636; x_wconf 88' lang='grc' dir='ltr'><strong>τί</strong></span> <span class='ocrx_word' id='word_1_226' title='bbox 242 3571 414 3642; x_wconf 71' lang='grc' dir='ltr'><strong>Ὀδυσσεὺς</strong></span> <span class='ocrx_word' id='word_1_227' title='bbox 450 3572 557 3648; x_wconf 87' lang='grc' dir='ltr'><strong><em>παρά</em></strong></span> <span class='ocrx_word' id='word_1_228' title='bbox 589 3580 672 3642; x_wconf 80' lang='grc' dir='ltr'><strong><em>τοῖς</em></strong></span> <span class='ocrx_word' id='word_1_229' title='bbox 709 3570 886 3645; x_wconf 78' lang='grc' dir='ltr'><strong><em>Φαίαξιν</em></strong></span> <span class='ocrx_word' id='word_1_230' title='bbox 919 3571 1026 3647; x_wconf 77' lang='grc' dir='ltr'><strong><em>ἔλεγεν</em></strong></span> <span class='ocrx_word' id='word_1_231' title='bbox 1057 3566 1102 3634; x_wconf 79' lang='grc' dir='ltr'><strong><em>θοι</em></strong></span> <span class='ocrx_word' id='word_1_232' title='bbox 1135 3571 1189 3635; x_wconf 78' lang='grc' dir='ltr'><strong>τὸν</strong></span> <span class='ocrx_word' id='word_1_233' title='bbox 1212 3568 1358 3634; x_wconf 74' lang='grc' dir='ltr'><strong><em>Κύκλωπα</em></strong></span> 
     </span>
     <span class='ocr_line' id='line_1_29' title="bbox 180 3670 1360 3761; baseline -0.005 -19"><span class='ocrx_word' id='word_1_234' title='bbox 180 3679 342 3760; x_wconf 72' lang='grc' dir='ltr'><strong><em>ἐτύφλωσε</em></strong></span> <span class='ocrx_word' id='word_1_235' title='bbox 358 3674 476 3742; x_wconf 82' lang='grc' dir='ltr'><strong><em>-οὖσι</em></strong></span> <span class='ocrx_word' id='word_1_236' title='bbox 497 3678 549 3742; x_wconf 87' lang='grc' dir='ltr'><strong>καί</strong></span> <span class='ocrx_word' id='word_1_237' title='bbox 570 3679 673 3750; x_wconf 81' lang='grc' dir='ltr'><strong><em>αὐτοῖς</em></strong></span> <span class='ocrx_word' id='word_1_238' title='bbox 694 3676 854 3755; x_wconf 79' lang='grc' dir='ltr'><strong><em>άπογθνοις</em></strong></span> <span class='ocrx_word' id='word_1_239' title='bbox 874 3679 1070 3753; x_wconf 73' lang='grc' dir='ltr'><strong><em>Ποσειδῶνος;</em></strong></span> <span class='ocrx_word' id='word_1_240' title='bbox 1085 3677 1156 3761; x_wconf 82' lang='lat' dir='ltr'><strong>(eft.</strong></span> <span class='ocrx_word' id='word_1_241' title='bbox 1169 3698 1202 3761; x_wconf 89' lang='lat' dir='ltr'><strong>p.</strong></span> <span class='ocrx_word' id='word_1_242' title='bbox 1216 3675 1299 3750; x_wconf 82' lang='lat'>441,</span> <span class='ocrx_word' id='word_1_243' title='bbox 1314 3670 1360 3751; x_wconf 67' lang='lat' dir='ltr'><strong>lt}</strong></span> 
     </span>
     <span class='ocr_line' id='line_1_30' title="bbox 179 3782 1228 3851; baseline -0.005 -1"><span class='ocrx_word' id='word_1_244' title='bbox 179 3785 215 3850; x_wconf 94' lang='lat' dir='ltr'><strong>In</strong></span> <span class='ocrx_word' id='word_1_245' title='bbox 234 3786 294 3851; x_wconf 84' lang='lat' dir='ltr'><strong>hee</strong></span> <span class='ocrx_word' id='word_1_246' title='bbox 316 3792 422 3850; x_wconf 81' lang='lat' dir='ltr'><strong>tamen</strong></span> <span class='ocrx_word' id='word_1_247' title='bbox 446 3791 538 3849; x_wconf 84' lang='lat' dir='ltr'><strong>notae</strong></span> <span class='ocrx_word' id='word_1_248' title='bbox 562 3785 728 3849; x_wconf 77' lang='lat' dir='ltr'><strong>ieiunitate</strong></span> <span class='ocrx_word' id='word_1_249' title='bbox 752 3784 834 3848; x_wconf 90' lang='lat' dir='ltr'><strong>nihil</strong></span> <span class='ocrx_word' id='word_1_250' title='bbox 858 3787 936 3849; x_wconf 83' lang='lat' dir='ltr'><strong>certi</strong></span> <span class='ocrx_word' id='word_1_251' title='bbox 960 3782 1089 3848; x_wconf 88' lang='lat' dir='ltr'><strong>definire</strong></span> <span class='ocrx_word' id='word_1_252' title='bbox 1113 3785 1228 3848; x_wconf 84' lang='lat' dir='ltr'><strong>susim.</strong></span> 
     </span>
    </p>
   </div>
   <div class='ocr_carea' id='block_1_9' title="bbox 180 3987 1364 4402">
    <p class='ocr_par' dir='ltr' id='par_1_9' title="bbox 180 3987 1364 4402">
     <span class='ocr_line' id='line_1_31' title="bbox 225 3987 1359 4075; baseline -0.011 -13"><span class='ocrx_word' id='word_1_253' title='bbox 225 4024 252 4072; x_wconf 89' lang='grc' dir='ltr'><strong>ι,</strong></span> <span class='ocrx_word' id='word_1_254' title='bbox 280 3995 355 4063; x_wconf 83' lang='grc'><strong>347.</strong></span> <span class='ocrx_word' id='word_1_255' title='bbox 404 3997 560 4075; x_wconf 83' lang='grc' dir='ltr'><strong><em>Κύκλωψ,</em></strong></span> <span class='ocrx_word' id='word_1_256' title='bbox 591 4004 650 4072; x_wconf 74' lang='grc' dir='ltr'><strong>τῇ,</strong></span> <span class='ocrx_word' id='word_1_257' title='bbox 683 3996 733 4059; x_wconf 85' lang='grc' dir='ltr'><strong>πίε</strong></span> <span class='ocrx_word' id='word_1_258' title='bbox 766 3992 856 4072; x_wconf 80' lang='grc' dir='ltr'><strong><em>οἶνον,</em></strong></span> <span class='ocrx_word' id='word_1_259' title='bbox 882 3996 947 4058; x_wconf 76' lang='grc' dir='ltr'><strong>ἐπεὶ</strong></span> <span class='ocrx_word' id='word_1_260' title='bbox 973 3993 1080 4072; x_wconf 80' lang='grc' dir='ltr'><strong><em>φάγες</em></strong></span> <span class='ocrx_word' id='word_1_261' title='bbox 1105 3990 1264 4070; x_wconf 72' lang='grc' dir='ltr'><strong><em>ἀνδρόμεα</em></strong></span> <span class='ocrx_word' id='word_1_262' title='bbox 1286 3987 1359 4069; x_wconf 76' lang='grc' dir='ltr'><strong><em>κρέα.</em></strong></span> 
     </span>
     <span class='ocr_line' id='line_1_32' title="bbox 180 4096 1363 4190; baseline -0.007 -24"><span class='ocrx_word' id='word_1_263' title='bbox 180 4102 338 4168; x_wconf 77' lang='lat' dir='ltr'><strong>heberent</strong></span> <span class='ocrx_word' id='word_1_264' title='bbox 369 4105 575 4190; x_wconf 81' lang='lat' dir='ltr'><strong>grammatici</strong></span> <span class='ocrx_word' id='word_1_265' title='bbox 603 4109 640 4166; x_wconf 90' lang='lat' dir='ltr'><strong>ut</strong></span> <span class='ocrx_word' id='word_1_266' title='bbox 671 4101 837 4166; x_wconf 83' lang='lat' dir='ltr'><strong>ostendunt</strong></span> <span class='ocrx_word' id='word_1_267' title='bbox 861 4102 969 4166; x_wconf 81' lang='lat' dir='ltr'><strong>verbis</strong></span> <span class='ocrx_word' id='word_1_268' title='bbox 992 4099 1058 4165; x_wconf 73' lang='grc' dir='ltr'><strong>ἐπεὶ</strong></span> <span class='ocrx_word' id='word_1_269' title='bbox 1083 4099 1195 4179; x_wconf 75' lang='grc' dir='ltr'><strong><em>φάγες</em></strong></span> <span class='ocrx_word' id='word_1_270' title='bbox 1220 4096 1363 4176; x_wconf 69' lang='grc' dir='ltr'><strong><em>ἀνδρόμεα</em></strong></span> 
     </span>
     <span class='ocr_line' id='line_1_33' title="bbox 181 4203 1364 4294; baseline -0.004 -21"><span class='ocrx_word' id='word_1_271' title='bbox 181 4211 254 4289; x_wconf 78' lang='grc' dir='ltr'><strong><em>κρέα</em></strong></span> <span class='ocrx_word' id='word_1_272' title='bbox 276 4210 401 4275; x_wconf 82' lang='lat' dir='ltr'><strong>nullum</strong></span> <span class='ocrx_word' id='word_1_273' title='bbox 429 4212 632 4294; x_wconf 80' lang='lat' dir='ltr'><strong>asperitatem</strong></span> <span class='ocrx_word' id='word_1_274' title='bbox 655 4207 847 4291; x_wconf 88' lang='lat' dir='ltr'><strong>nullumque</strong></span> <span class='ocrx_word' id='word_1_275' title='bbox 869 4210 1067 4293; x_wconf 80' lang='lat' dir='ltr'><strong>vituperium</strong></span> <span class='ocrx_word' id='word_1_276' title='bbox 1091 4208 1216 4283; x_wconf 86' lang='lat' dir='ltr'><strong>inesse,</strong></span> <span class='ocrx_word' id='word_1_277' title='bbox 1241 4203 1297 4269; x_wconf 88' lang='lat' dir='ltr'><strong>sed</strong></span> <span class='ocrx_word' id='word_1_278' title='bbox 1317 4221 1364 4285; x_wconf 82' lang='grc' dir='ltr'><strong><em>ορ·</em></strong></span> 
     </span>
     <span class='ocr_line' id='line_1_34' title="bbox 181 4310 1364 4402; baseline -0.005 -21"><span class='ocrx_word' id='word_1_279' title='bbox 181 4319 345 4402; x_wconf 84' lang='lat' dir='ltr'><strong>positionis</strong></span> <span class='ocrx_word' id='word_1_280' title='bbox 375 4323 500 4382; x_wconf 84' lang='lat' dir='ltr'><strong>tentum</strong></span> <span class='ocrx_word' id='word_1_281' title='bbox 533 4337 627 4381; x_wconf 86' lang='lat' dir='ltr'><strong>eeuss</strong></span> <span class='ocrx_word' id='word_1_282' title='bbox 654 4336 720 4379; x_wconf 88' lang='lat' dir='ltr'><strong>esse</strong></span> <span class='ocrx_word' id='word_1_283' title='bbox 743 4315 874 4380; x_wconf 86' lang='lat' dir='ltr'><strong>udieets.</strong></span> <span class='ocrx_word' id='word_1_284' title='bbox 922 4314 1039 4381; x_wconf 78' lang='lat' dir='ltr'><strong>Breues</strong></span> <span class='ocrx_word' id='word_1_285' title='bbox 1060 4310 1249 4378; x_wconf 85' lang='lat' dir='ltr'><strong>huiusmodi</strong></span> <span class='ocrx_word' id='word_1_286' title='bbox 1271 4310 1364 4375; x_wconf 84' lang='lat' dir='ltr'><strong>obser·</strong></span> 
     </span>
    </p>
   </div>
   <div class='ocr_carea' id='block_1_10' title="bbox 0 0 1496 4950">
    <p class='ocr_par' dir='ltr' id='par_1_10' title="bbox 0 0 1496 4950">
     <span class='ocr_line' id='line_1_35' title="bbox 0 0 1496 4950; baseline 0 0"><span class='ocrx_word' id='word_1_287' title='bbox 0 0 1496 4950; x_wconf 95' lang='lat' dir='ltr'><strong> </strong></span> 
     </span>
    </p>
   </div>
  </div>
 </body>
</html>
