2978 4950
648 244 714 319 idi

49 442 171 517 nuda
190 444 396 530 participium
418 442 568 523 χρθμενοι
591 444 726 528 pendeat
747 442 900 521 verbum,
926 443 1010 528 quod
1029 443 1095 508 fara
1113 441 1277 509 nonaliud

51 570 156 624 asse
186 555 289 636 potest
322 571 418 634 quam
446 548 645 634 είτοίμονται,
676 555 713 615 ut
743 551 803 613 sita
834 552 872 622 ἀς
903 544 1007 635 (οἷοί)
1037 549 1088 614 ιιαί
1115 550 1145 613 ίν
1168 541 1299 614 Ἰλιάδι

52 653 234 745 χρώμενοι
263 655 556 744 (είοάμονται),
587 657 669 720 oraio
698 653 853 735 Ἕκτορος.
900 655 972 722 Ηοο
1003 656 1137 721 verbum
1161 655 1220 721 hac
1243 657 1277 720 in

53 789 80 834 ra
131 761 206 828 fere
228 762 371 840 aoleuuc,
396 768 434 828 nt
456 784 488 828 v.
512 784 537 827 c.
563 765 596 828 in
616 761 752 828 Scholiis
772 761 877 827 Iliacis
899 771 926 826 θ
950 761 1034 826 185:
1066 757 1113 826 ὅτι
1141 763 1276 838 οὐδαμοῦ

53 871 218 949 ὀμηρος
241 869 406 946 τεθρίππου
428 877 539 950 χρῆσιν
563 868 764 948 παρεισάγει,
791 868 964 933 etiterum
987 876 1016 933 Ψ
1040 866 1122 932 295:
1155 870 1188 933 cd
1212 869 1276 948 γὰρ

59 973 205 1052 ordor
235 975 370 1055 τετροίριρ
401 977 587 1056 χρωμένους.
633 973 696 1041 Sed
727 981 889 1059 praeterea
919 975 1008 1041 aliud
1031 976 1084 1040 hic
1108 976 1276 1041 observan-

62 1086 183 1158 dum,
200 1087 237 1147 ut
254 1081 340 1149 clare
358 1093 522 1167 appareat,
535 1120 579 1131 —
593 1080 676 1166 quod
698 1083 733 1145 in
755 1079 856 1145 simili
880 1100 915 1146 re
937 1079 1057 1147 alicubi
1077 1080 1159 1145 dixit
1182 1079 1277 1145 Butt-

66 1208 235 1261 manuus,
256 1208 416 1274 -quam
437 1189 567 1276 egregie
589 1189 743 1253 recentior
766 1188 997 1275 grammaticus
1018 1166 1206 1271 antiquioris
1225 1189 1278 1253 ob

70 1297 294 1363 cambonem
329 1296 524 1380 perverterit.
568 1290 633 1360 Gur
663 1293 702 1358 ad
733 1292 815 1359 hauc
845 1314 913 1357 rem
944 1293 984 1359 de
1006 1293 1156 1361 heroibus
1183 1294 1275 1381 bigas

73 1405 210 1467 tantum
230 1401 455 1468 adhibentibus
475 1406 541 1466 tarn
559 1421 651 1485 saepe
672 1400 842 1464 attenderit
855 1419 892 1465 ac
904 1404 969 1463 tam
984 1399 1164 1484 frequenter
1175 1400 1277 1465 incul-

10 1498 15 1573 ί
77 1509 205 1571 caverit
226 1506 444 1579 Aristarchus,
470 1505 621 1571 Lshrsius
644 1504 751 1591 palam
775 1505 851 1569 fecit
874 1506 907 1568 in
927 1505 1112 1571 Aristarcho
1133 1506 1175 1592 (p.
1200 1504 1276 1590 195,

81 1608 157 1674 196
178 1632 234 1678 sco.
258 1612 340 1696 ed),
365 1611 504 1698 plurimo
526 1612 589 1676 huc
611 1611 803 1695 pertinentia
826 1609 989 1697 colligans.
1021 1610 1145 1697 Nempe
1168 1615 1277 1678 omnia

81 1714 207 1782 iaciunt
229 1718 269 1783 ad
293 1719 362 1787 eiua
383 1718 539 1783 athetesiu
563 1716 755 1805 probandam
782 1736 891 1780 versus
920 1716 1030 1781 Iliadis
1061 1726 1088 1781 θ
1116 1716 1190 1794 185,
1221 1718 1277 1783 uhi

22 1888 25 1893 .
82 1817 206 1891 Hector
226 1845 324 1913 equos
345 1844 419 1889 suos
441 1822 605 1908 alloquens
627 1830 753 1908 quatro
774 1825 902 1889 nomina
921 1830 1159 1889 commemorat.
1186 1823 1276 1904 Quod

83 1924 106 1987 ν’
132 1927 182 1993 ita
202 1935 268 2008 est,
292 1936 331 1999 ut
354 1931 492 1995 estsine
515 1929 633 2003 dubio,
658 1931 803 2013 potuitne
823 1929 908 2000 idem
929 1928 1146 2013 Aristonicus,
1167 1933 1220 2014 qui
1243 1933 1276 1995 in

82 2024 184 2101 Iliada
204 2036 381 2103 Aristarchi
406 2037 596 2103 sententiam
620 2036 659 2101 de
682 2034 742 2100 hoo
765 2037 874 2120 spurio
894 2042 987 2100 versu
1013 2043 1078 2101 tam
1099 2036 1278 2120 frequenter

80 2148 229 2209 murato
263 2142 419 2219 reddidit,
463 2162 548 2207 nuno
579 2140 656 2207 haec
687 2141 821 2206 scribere
852 2161 933 2226 quae
964 2144 998 2206 iu
1029 2141 1129 2207 nostri
1163 2142 1277 2208 scholii

78 2233 142 2307 bna
174 2246 345 2337 leguntur:
378 2253 428 2314 νῦν
458 2248 489 2314 δὲ
520 2245 667 2328 ξυνωρίδα
698 2245 797 2312 δίδωσι
830 2247 881 2311 ιοαί
913 2250 1073 2325 παρήορον,
1102 2242 1143 2320 οἷς
1168 2248 1221 2312 καί
1246 2249 1276 2313 ἐν

78 2339 195 2421 ’tarda
226 2355 376 2436 χρώμενοι
407 2353 631 2440 (sicarum),
665 2355 770 2427 πλὴν
800 2351 1011 2434 Ἕκτοροςί
1052 2353 1123 2420 Ηοο
1147 2355 1276 2439 quidam

10 2454 14 2521 ἶ
73 2450 181 2523 nimis
205 2460 379 2527 ridiculum
404 2467 468 2537 est,
493 2461 601 2545 itaque
623 2467 731 2524 nostro
754 2458 823 2524 loco
844 2460 921 2527 haec
946 2466 1072 2527 tantum
1094 2481 1166 2527 rere
1185 2460 1276 2526 Aris·

72 2556 182 2631 ionici
214 2573 303 2634 eunt:
335 2564 381 2631 ὅτι
404 2567 458 2632 oda
481 2566 538 2650 ἀν,
562 2569 588 2631 εί
612 2565 765 2645 τέθριππα
790 2566 917 2651 ᾔδεσαν,
945 2575 1021 2645 τρεῖς
1045 2565 1156 2638 ἵππους
1180 2568 1275 2633 ἐδίδου

69 2661 111 2740 τῦ
152 2673 360 2754 Τηλεμάχςο.
406 2672 574 2739 Recentior
605 2675 855 2760 grammaticus,
881 2710 922 2722 -
955 2670 1150 2739 Graeculum
1184 2674 1276 2739 Butt-

67 2781 222 2846 mmnm
243 2802 306 2848 non
329 2781 447 2845 iniuria
474 2780 607 2856 dixerit,
641 2816 683 2828 -
711 2780 910 2845 Aristonicea
933 2779 1101 2856 dilatarit,
1132 2781 1208 2866 (qua
1237 2781 1276 2846 de

63 2887 96 2936 ’θ
122 2893 250 2964 postea
273 2885 366 2974 plura
389 2886 567 2967 dicentur),
591 2885 765 2970 eademque
787 2905 881 2970 opera
903 2886 1054 2970 corrupit.

103 3083 128 3147 3
141 3139 156 3172 ,
193 3095 269 3163 595.
304 3095 425 3162 Invitat
456 3094 685 3161 Telemachum
717 3093 898 3170 Menelaus,
929 3099 967 3158 nt
990 3092 1112 3158 diutius
1138 3093 1223 3179 apud
1245 3115 1278 3159 se

54 3199 263 3280 ramiittrcat,
297 3210 329 3271 et
358 3209 422 3268 tres
450 3222 565 3285 equos,
593 3200 909 3277 continuarum
934 3203 1081 3265 cumuei
1107 3200 1189 3281 dono
1213 3200 1279 3266 dat.

52 3291 139 3369 fl‘fid
195 3310 246 3375 δύο
280 3307 409 3388 γίνονεν
445 3307 459 3370 θ
494 3306 586 3385 λίνος
623 3309 665 3386 τῷ
697 3304 864 3389 Μενελάῳ,
897 3305 963 3381 περί
995 3312 1062 3378 τῆς
1087 3306 1139 3385 ιβ’
1164 3308 1278 3385 ἡμερῶν

49 3387 232 3490 ‘nuceria
257 3417 309 3480 καί
335 3415 444 3493 duperia
470 3411 582 3479 ἵππων.
606 3416 620 3476 θ
645 3413 676 3479 δὲ
699 3414 769 3491 πρὸς
791 3409 890 3490 ἀμφοι
911 3418 1042 3483 συνετῶς
1063 3411 1277 3493 ἀνθυποφέρει,

46 3495 109 3569 '3¹¹'
172 3523 234 3597 μὲν
266 3523 377 3587 ἑαυτοῦ
409 3520 554 3595 ἐπιμονὴν
587 3519 717 3585 ἑκούσιον
752 3519 952 3601 ἀποφαίνων,
984 3517 1144 3589 ἀντιτιθεὶς
1168 3518 1201 3582 δὲ
1224 3521 1279 3593 τίον

45 3605 114 3668 ‘¹⁶3⁹
157 3626 296 3710 ἑταίραν
317 3629 421 3705 ἀνίαν,
446 3624 494 3698 οὓς
520 3628 689 3691 κατέλιπεν
713 3626 742 3688 ἕν
767 3624 877 3703 Πύλῳ·
902 3624 937 3688 τὸ
961 3624 992 3688 δὲ
1011 3623 1097 3704 δῶρον
1116 3627 1154 3696 ὥς
1175 3625 1280 3689 ἀνεπι-

45 3708 202 3797 τήδειον
234 3736 267 3800 οὗ
300 3736 338 3800 δι’
369 3731 509 3808 αὐτθν,
541 3732 629 3797 ἀλλά
662 3732 712 3796 ioci
736 3732 791 3804 τίιν
815 3729 953 3808 πατρίδα
977 3731 1165 3810 ἀρνούμενος.
1193 3730 1281 3815 (HQ)

46 3809 266 3908 Hmlterum
291 3840 415 3904 dierum
439 3839 510 3924 (ιβ)
532 3837 750 3903 Buttmannus
773 3836 913 3913 addidit,
939 3836 972 3902 in
997 3837 1160 3904 codicibus
1179 3837 1280 3912 deest,

50 3936 150 4001 ⁰¹¹¹11
186 3948 415 4013 Ambrosianus
438 3945 506 4024 περί
531 3951 600 4018 τῆς
628 3946 743 4023 ἡμερῶν
767 3946 912 4019 ἐπιμονῆς
933 3943 1065 4018 habeat,
1087 3942 1282 4008 Harlcianus

58 4037 141 4111 “ol
187 4077 228 4117 τε
260 4054 316 4130 Aa.
348 4052 434 4128 ίτιμ.
484 4051 681 4136 Quapropter
703 4050 836 4116 fortasse
858 4038 977 4115 rectius
999 4048 1108 4115 nullus
1129 4070 1282 4116 numerus

39 4134 223 4225 'addetur
254 4159 311 4225 sed
342 4157 503 4225 indefiuIte
534 4158 706 4225 scribetur:
738 4157 807 4234 περί
836 4179 954 4220 τινων
980 4157 1094 4233 ἀμερῶν
1119 4157 1282 4233 ἐπιμονῆς,

13 4326 16 4331 ,
77 4261 358 4333 (ίῖῑθῑηοᾶιυοάυιιι
402 4285 534 4350 sequens
576 4283 699 4348 quoque
743 4262 980 4328 subsbntivum
1016 4261 1151 4329 articulo
1185 4268 1281 4328 caret.

10 4312 38 4503 ι
84 4346 257 4443 Pacoro
288 4391 351 4436 uon
381 4375 466 4437 recta
496 4369 618 4436 dictum
649 4368 855 4447 crediderim,
884 4367 1112 4434 Telemachum
1144 4369 1282 4439 abnuere
