2978 4950
708 136 774 205 dee

140 325 221 410 ipse.
256 326 340 414 App.
365 348 397 413 p.
422 325 523 414 791.),
548 328 637 392 οὶλλιὶ
662 329 820 409 οόρίστως.
844 330 879 394 τὸ
904 325 1146 404 πεπιστευμένον
1169 327 1211 406 τῷ
1236 327 1337 410 οίκίτη

140 433 186 504 είς
212 433 408 511 πλεονιισμθν
433 436 485 499 cal
511 436 643 500 ε’πιθοσιν
668 434 753 515 ἄγει.
800 434 934 501 hemma
958 433 1065 506 dedet.
1091 432 1145 499 sed
1168 433 1337 500 manifesto

140 538 287 606 scholion
320 529 380 607 lroc
413 541 451 606 ad
488 543 727 626 praecedentem
757 563 885 607 versum
919 540 1118 607 referendum
1144 545 1228 617 erat;
1253 538 1338 624 quod

142 664 208 730 quo
231 647 348 712 clarius
369 656 537 733 appareat,
558 646 729 714 Homerica
742 668 909 733 apponam.
932 635 1108 712 Dominum
1121 644 1281 727 desidero,
1294 681 1337 694 —

139 754 250 838 iuquit
275 791 315 801 —
341 756 396 839 qui
421 757 449 819 si
473 754 596 820 adesset
619 754 700 818 mihi
724 753 887 840 peculium
912 754 1125 839 permisisset,

306 857 359 924 63.
408 855 457 924 οίοί
482 848 518 925 τε
542 854 563 942 ᾧ
589 861 664 932 οίκῆι
689 858 771 937 οίνοιξ
794 859 921 935 εὔθυμος
946 858 1073 935 ἔδωκεν,
1089 894 1130 908 --

254 971 258 977 ’
304 965 356 1031 65.
406 963 436 1038 ὅς
460 969 486 1032 σί
511 969 618 1032 πολλοὶ
643 966 779 1046 κοίμησι,
806 966 869 1038 θεὸς
894 966 918 1030 δ’
943 965 993 1029 ἐπὶ
1019 963 1105 1044 ἔργον
1125 961 1210 1045 otiis.

140 1069 213 1136 Iam
237 1071 315 1137 satis
338 1080 461 1138 certum
486 1093 554 1138 esse
578 1071 699 1139 confido
722 1071 864 1138 scholion
887 1072 965 1139 haec
984 1079 1143 1157 spectare:
1165 1071 1228 1142 θεὸς
1249 1068 1335 1135 δ’ἒπί

140 1175 230 1257 ἔργον
264 1176 358 1258 θέξη,
390 1181 498 1264 itaque
530 1200 597 1245 esse
620 1179 860 1267 corrigendum:
885 1181 918 1244 οὒ
943 1203 996 1242 ποι
1007 1180 1237 1257 ροιτσιτικῶς
1261 1177 1336 1241 ἀλλ’

140 1283 310 1363 ἀορίστως,
344 1286 476 1351 fortasse
508 1288 625 1351 etism:
655 1288 689 1350 τὸ
714 1283 957 1363 πεπιστευμένον
981 1287 1023 1366 τῷ
1047 1285 1148 1367 οίκίτη
1174 1285 1216 1358 είς
1242 1299 1336 1350 πλεο·

140 1391 261 1471 κνισμὸν
283 1392 334 1456 κοί
360 1392 492 1458 ἐπίδοσιν
516 1391 678 1472 θγοίγη,
704 1413 784 1479 quae
808 1392 1007 1477 paraphrasis
1031 1394 1136 1458 ricem
1160 1393 1334 1457 obtineant.

139 1499 370 1585 Imperfectum
395 1520 457 1564 non
482 1501 590 1565 minus
609 1499 723 1566 iestive
743 1497 984 1579 superremota
1006 1499 1124 1564 dicitur
1142 1519 1238 1585 quam
1251 1511 1335 1563 πλοι-

139 1606 247 1682 πικθν,
279 1605 363 1692 quod
394 1626 490 1692 supra
521 1605 649 1672 sustuli.
695 1605 766 1673 Non
791 1603 958 1671 dissimulo
981 1605 1213 1691 suspicionem,
1238 1626 1334 1690 quam

138 1713 196 1779 hic
217 1715 353 1778 strictim
380 1732 479 1798 pono,
505 1733 561 1778 nos
585 1713 805 1779 Aristonicum
829 1711 956 1797 audire,
978 1711 1011 1776 id
1031 1718 1079 1777 est
1099 1711 1335 1778 Aristarchum.

189 1922 225 2001 ξ,
251 1921 303 1988 68.
352 1924 514 1990 Eumaeus
538 1926 646 1989 omnia
666 1922 752 1989 mala
771 1925 966 2008 imprecatur
985 1921 1142 1988 Helenae:
1165 1923 1203 1993 ὠς
1216 1921 1334 2002 ὤφελλ’

139 2031 269 2105 Ἑλένης
305 2032 367 2096 cici
403 2035 502 2110 φῦλον
537 2029 670 2096 θλέσθσιι.
705 2029 905 2096 Adnotatur:
943 2036 1005 2100 πῶς
1041 2026 1078 2092 ἂν
1111 2030 1124 2091 θ
1155 2029 1334 2103 Πηνελόπης

140 2139 248 2218 ποιτηρ
274 2136 399 2219 Ἰκιίριος
425 2138 539 2203 Λιίκων
560 2136 606 2211 είη
630 2139 665 2203 τὸ
690 2138 793 2216 γένοςς
823 2135 911 2223 (HQ)
932 2135 1138 2202 Inseruerim:
1163 2141 1226 2208 πῶς
1247 2133 1333 2222 (οὖν)

141 2243 182 2311 ἂν
208 2258 278 2311 κτλ.

188 2456 208 2534 ξ
217 2504 225 2535 ,
253 2455 329 2522 132.
354 2453 444 2538 Αίψοί
458 2482 492 2523 κε
505 2459 556 2527 κοί
570 2460 625 2536 σθ,
640 2457 765 2539 γεριιιί,
780 2455 851 2530 ἔπος
865 2459 1124 2536 πιιροιτεκτηνσιιο.

348 2565 391 2651 [εί
402 2565 449 2638 τίς
462 2588 507 2629 τοι
519 2563 659 2645 χλοῐνοίν
672 2589 707 2629 τε
719 2564 839 2646 χιτῶνά
852 2589 887 2629 πε
899 2563 1017 2644 είμσιτω
1031 2564 1120 2652 δοίη]

140 2669 293 2737 Alterum
328 2691 455 2737 versum
493 2678 625 2743 Διοκλῆς
659 2672 773 2738 οίθετεῑ.
807 2671 877 2738 οὔτε
909 2674 973 2752 γὰρ
997 2673 1014 2746 σί
1040 2670 1203 2747 Πηνελόπη
1227 2673 1334 2736 ποίντσι

140 2776 366 2860 ἀμφιέννυσιν,
391 2777 451 2842 οὔθ’
475 2776 568 2849 οὕτως
592 2777 702 2843 ποίντοι
727 2778 778 2843 iria
801 2783 890 2843 τοῦτο
915 2779 1086 2862 ψεύδεται,
1107 2777 1196 2842 οίλλοὶ
1217 2777 1270 2843 κοί
1284 2776 1335 2843 διὰ

141 2883 238 2961 μθνην
267 2883 420 2954 πολλάκις
451 2885 577 2963 τροφήν.
603 2882 691 2970 (HQ)
715 2882 847 2951 (lodices
871 2883 953 2949 nihil
976 2885 1143 2949 dissentire
1167 2884 1334 2962 uidentur,

142 2993 207 3056 nisi
231 2990 313 3075 quod
339 3011 395 3075 pro
420 2990 519 3056 altero
544 2990 649 3055 ποίνποι
674 2994 707 3055 in
731 2991 764 3056 H
785 2996 833 3055 est
853 2989 976 3062 πθνπως
994 2989 1080 3056 haud
1100 2988 1196 3076 paulo
1208 2994 1336 3056 rectius.

144 3096 265 3164 Totum
297 3097 342 3162 sic
369 3097 577 3163 ordinandum
608 3098 751 3163 ridetur:
776 3098 846 3162 ου’τε
869 3121 903 3175 γ.
930 3099 946 3169 θ
972 3107 1046 3172 naa.
1071 3096 1179 3162 ποίντιι
1203 3098 1337 3179 ἀμφιέν-

146 3227 244 3280 νυσιν,
269 3203 329 3268 οὔθ’
352 3200 467 3276 οὗτος
491 3203 653 3276 ποίντως
677 3203 727 3269 διὰ
751 3208 839 3268 τοῦτο
860 3202 1084 3281 ψεύσεται,
1106 3204 1194 3268 οίλλίι
1214 3203 1266 3268 κοιί
1285 3203 1335 3268 διὰ

142 3308 240 3387 μθνην
263 3308 417 3382 πολλοίκις
443 3310 568 3391 τροφήν.
593 3309 677 3392 Quid
694 3313 737 3375 sit
757 3310 912 3381 πολλάκις
932 3308 1008 3376 olim
1030 3309 1097 3375 diri
1109 3311 1143 3375 in
1155 3309 1336 3377 Observatt.

192 3520 227 3600 ξ,
251 3519 329 3586 248.
375 3521 426 3588 Ad
450 3521 536 3586 ἐννέοι
560 3530 633 3596 νιῑιις
658 3530 789 3606 στεῖλοο,
812 3523 881 3595 θοῶς
908 3522 934 3587 δ’
958 3523 1137 3601 ἐσαγείρετο
1158 3522 1232 3595 λσιίς
1254 3522 1339 3609 glos·

143 3627 217 3693 sula
240 3630 274 3693 in
297 3628 350 3694 H:
377 3628 390 3694 θ
415 3630 556 3699 ναυτικὸς
581 3626 669 3701 λσθς.
694 3631 763 3694 An:
787 3628 830 3692 τὸ
858 3628 1047 3694 νοιυτικθν
1071 3626 1168 3700 λσθςί

192 3835 226 3914 ξ.
251 3835 328 3904 352.
375 3835 488 3903 Ulixes
506 3838 633 3904 insidiis
652 3837 773 3922 petitus
796 3859 830 3904 se
853 3840 886 3903 in
912 3859 999 3904 mare
1022 3837 1221 3924 praecipitat,
1245 3834 1339 3915 μάλα

144 3945 173 4008 δ’
201 3939 266 4008 ὦκιι
294 3943 390 4022 θύρηθ’
420 3941 458 4008 ἔοι
481 3936 586 4023 asota
611 3944 738 4010 ἐκείνων.
776 3942 857 4011 Cum
884 3964 1030 4029 perverso
1053 3944 1206 4010 lemmate
1230 3942 1339 4024 θύρηφι

142 4049 200 4115 V:
227 4047 282 4125 ἔξω
306 4051 470 4128 ἀγόμενος.
502 4049 555 4116 Sic
576 4051 746 4116 Barnesius
766 4069 807 4116 ex
830 4050 937 4117 codice
960 4071 995 4116 se
1017 4051 1194 4136 reposuisse
1218 4049 1339 4116 fatetur

142 4177 205 4246 pro
229 4156 377 4235 είσμενος.
414 4157 532 4223 Lenius
557 4159 744 4224 correxeris:
769 4155 825 4233 ἔξω
851 4157 1038 4236 ἠγμένος.
