2978 4950
719 222 785 290 435

143 437 242 493 πετο,
263 417 301 486 ὡς
323 414 374 479 καί
396 411 486 479 ἄλλοι
509 406 579 478 θεῶν
591 413 714 488 παῖδες.
739 411 832 478 Nunc
853 411 984 498 quidem
1002 406 1338 496 nonpoteratmelius.

191 651 230 703 κ,
255 622 332 689 296.
379 621 557 687 Mercurius
581 623 619 687 dc
643 621 733 689 Circo
757 623 797 688 ad
820 622 968 689 Ulixem:
994 622 1063 698 ἥδέ
1083 624 1112 684 τ’
1132 619 1339 685 ὑποδδείσασα

144 733 317 806 κελήσεται
350 731 515 802 εὐνηθῆναι.
564 728 699 794 Factum
730 731 763 794 id
795 730 827 793 οῦ
859 727 898 794 δι’
924 729 1116 801 ἀκολασίαν,
1142 724 1218 791 αλλ’
1244 725 1280 802 ἐξ
1304 723 1342 790 ὧν

144 845 292 918 προεῖπεν
322 840 336 899 ὁ
369 839 482 913 Ἐρμῆς
516 836 612 919 (inira
640 858 687 900 vs.
722 834 800 918 331)
826 836 1017 914 λσγισαμένη
1042 838 1080 906 ῦς
1104 832 1260 913 θεοφιλής.
1286 832 1342 917 (Q)

145 943 256 1009 Immo
279 946 317 1013 ὡς
341 945 524 1022 θεοφιλῆ.
568 940 779 1029 significatur
801 963 863 1007 non
887 939 997 1018 Circe,
1022 941 1075 1007 sed
1099 939 1222 1005 Ulixes.

196 1181 231 1230 κ,
259 1154 336 1221 301.
383 1155 589 1239 Paraphrasis
613 1155 652 1220 ad
676 1158 720 1230 μοί
745 1155 773 1218 σ’
795 1156 1059 1232 ἀπογυμνωθέντα
1085 1155 1178 1220 κακὸν
1198 1155 1250 1220 καί
1271 1156 1345 1229 σίνη-

148 1285 221 1343 υυρα
247 1263 326 1341 θείητ
349 1261 505 1339 μηδεμίαν
524 1254 663 1362 ἀνδρείαν
683 1261 811 1342 ἔχοντα,
831 1263 848 1338 ἦ
870 1263 980 1339 μηκέτι
1001 1262 1105 1344 ἄνδρα,
1128 1264 1215 1327 aiax&
1236 1264 1343 1342 θηρία.

148 1369 208 1458 (Τ)
231 1369 445 1455 Reponendus
467 1368 640 1457 singularis
664 1371 752 1434 θλλδι
776 1370 918 1450 θηρίον.

196 1606 232 1658 κ,
247 1581 323 1660 314,
338 1580 414 1647 315.
463 1575 538 1646 Είσε
563 1579 594 1644 δέ
617 1581 652 1656 μ’
678 1582 899 1659 εἰσαγαγοῦσα
924 1581 974 1645 ἐπὶ
1001 1582 1098 1661 θρθνου
1122 1582 1308 1662 οίργνροηλου

467 1693 580 1763 καλοῦ,
605 1686 787 1752 δαιδαλέου·
814 1688 870 1751 ὑπὸ
896 1687 926 1752 δέ
950 1691 1052 1765 θρῆνυς
1082 1689 1169 1753 ποσίν
1194 1683 1253 1761 ἦεν.

147 1794 204 1862 Ad
236 1796 294 1861 hoa
324 1815 435 1860 versus
465 1802 648 1879 excerptum
681 1796 829 1860 criticum
852 1793 987 1880 ipraehet
1019 1794 1063 1874 Q,
1097 1800 1134 1859 ut
1156 1816 1216 1882 ego
1238 1795 1345 1861 iudico

148 1900 295 1988 Didymo
325 1900 523 1976 subiectum,
556 1908 594 1964 ut
624 1899 837 1976 Schmidtius,
873 1902 1071 1977 Aristonico,
1095 1900 1211 1966 leviter
1233 1904 1345 1986 utiquc

151 2013 357 2093 corruptum:
388 2008 418 2070 έν
450 2006 565 2078 τούτοις
595 2006 786 2070 ἐπετέτακτο
810 2007 844 2070 τδ
872 2013 1006 2091 »καλσῦ,
1030 2007 1209 2091 δαιδαλέου,
1234 2008 1292 2071 ὑπὸ
1315 2008 1347 2072 δὲ

149 2227 226 2307 post
258 2241 331 2286 enm
362 2219 536 2284 Larochius
569 2220 664 2285 verba
696 2222 763 2284 sine
789 2219 855 2285 ulla
880 2218 1076 2305 corruptelae
1100 2222 1276 2305 suspicione
1299 2241 1347 2285 re·

150 2330 356 2414 petiverunt3
394 2325 574 2391 Dindorfius
610 2326 724 2391 merito
759 2325 888 2390 offendit
917 2329 951 2390 in
983 2327 1012 2390 ἐν
1042 2327 1176 2403 τούτοις,
1207 2347 1347 2412 proquo

152 2439 338 2517 „exspectes
374 2434 453 2497 τισίν
488 2431 540 2497 vel
577 2433 673 2502 ἐνίοις.
721 2431 856 2518 Legitur
890 2433 943 2497 hic
973 2454 1082 2497 versus
1116 2435 1224 2518 (quem
1256 2432 1282 2498 'P
1311 2437 1346 2498 in

150 2542 302 2625 margine
326 2539 422 2604 habet
445 2560 463 2603 a
486 2560 530 2602 m.
554 2541 631 2622 rec.)
655 2538 737 2602 infra
762 2536 826 2602 367
852 2546 884 2603 et
907 2564 928 2602 α
956 2538 1050 2602 131.”
1084 2538 1173 2605 Haec
1195 2539 1262 2604 ille.
1302 2543 1346 2605 At

149 2649 269 2710 vitium
306 2648 373 2730 ipse
404 2646 608 2729 potissimum
633 2648 665 2708 in
690 2646 922 2728 praepositione
946 2645 1176 2730 quaesiverim,
1198 2653 1236 2709 ut
1258 2645 1346 2733 legu-

148 2760 223 2819 tur:
248 2752 314 2815 ε’πὶ
338 2751 466 2831 τούτῳ
489 2750 679 2815 ἐπετέτακτο
699 2754 734 2814 τὸ
758 2751 897 2826 ,,καλοῦ”
912 2768 996 2826 κτλ.,
1011 2753 1044 2816 id
1064 2758 1112 2816 est
1132 2752 1216 2828 μετὰ
1229 2757 1345 2830 τοῦτον,

149 2859 237 2945 quod
272 2880 311 2924 ex
345 2861 502 2923 sexcentis
537 2857 615 2922 locis
656 2858 709 2921 hic
744 2878 826 2921 unus
860 2857 1082 2943 Xenophontis
1117 2858 1346 2926 demonstrabit

150 2963 284 3052 (Cyrop.
311 2963 356 3041 II,
379 2962 411 3029 ΙΙ
431 2968 448 3049 §
471 2963 522 3048 6):
548 2968 667 3037 σπείσας
692 2965 744 3028 τὸν
767 2963 911 3044 λοχαγὸν
934 2971 1048 3043 πρῶτον
1071 2965 1124 3028 καὶ
1149 2963 1225 3041 τοίξ
1233 2990 1279 3039 ας
1303 2964 1345 3042 δη

150 3072 214 3136 ἐπ’
247 3073 353 3150 αὐτῷ
386 3069 481 3149 ἄνδρα
510 3071 640 3133 νεανίαν.
689 3069 802 3153 Itaque
825 3070 1045 3146 Aristarchus,
1071 3079 1228 3155 expuncto
1251 3094 1345 3138 versu

151 3180 235 3243 satis
255 3177 371 3261 debili,
395 3177 626 3264 coniungebat:
652 3173 714 3239 εἷσε
741 3176 772 3239 δέ
795 3175 830 3252 μ’
855 3177 1074 3253 εἰσαγαγοῦσα
1100 3178 1149 3240 ε’πί
1175 3179 1270 3256 θρόνου
1295 3181 1347 3260 rip·
1392 3175 1396 3182 ’

152 3283 323 3364 γυροιίλσν,
338 3294 355 3366 Ι)
367 3283 456 3360 τεῦξε
479 3282 511 3346 δέ
532 3306 583 3350 αοι
603 3289 698 3346 κυκεῶ
719 3283 837 3362 χρυσέῳ
850 3282 930 3365 δέπα
940 3333 948 3354 ,
960 3282 1043 3361 θφρα
1056 3283 1166 3359 πίοιμι.
1191 3283 1347 3350 Enostris

151 3390 249 3456 libris
279 3395 402 3475 praeter
434 3388 460 3454 'P
492 3390 576 3452 hunc
605 3409 732 3454 versum
757 3391 881 3453 omittit
904 3388 1058 3454 Larochio
1082 3395 1162 3455 teste
1184 3388 1347 3478 stuttgar-

153 3498 256 3562 tensis
279 3503 423 3573 tantum,
447 3497 600 3581 pessimae
623 3501 716 3560 notae
740 3496 846 3560 codex.

199 3741 238 3797 κ,
265 3711 341 3777 324.
391 3715 453 3776 Καί
477 3714 511 3788 μ’
536 3711 741 3791 ὀλοφυρομένη
767 3710 847 3776 ἔπεα
872 3711 1040 3790 πτερόεντα
1063 3713 1227 3792 προσηύδα.
1267 3716 1346 3780 Par·

150 3824 306 3907 hieipium
340 3819 487 3884 mutabat
521 3818 759 3901 Aristophanes.
807 3818 1031 3898 Ἀριστοφάνης
1068 3821 1142 3899 πκαί
1176 3846 1216 3896 με
1241 3836 1345 3886 λισσο.

150 3927 265 4010 μένη.”
300 3929 352 3990 καί
389 3925 473 3988 έστιν·
503 3927 556 3988 οῦκ
588 3921 703 4003 ἄχαρις
738 3928 755 3999 ἡ
788 3926 909 4004 γραφη.
946 3925 1027 3988 οῦδὲν
1058 3926 1122 4005 γθιρ
1147 3929 1345 4008 ὀλοφυρτικδν
1431 3917 1436 3930 ’

150 4036 245 4114 λέγει
277 4033 344 4098 καί
378 4030 510 4108 ἕπθγει,
544 4051 623 4115 quae
654 4029 795 4116 Didymo
819 4039 945 4114 accepta
969 4031 1145 4096 referimus.
1170 4033 1232 4118 (H)
1254 4034 1347 4101 Prae

150 4145 275 4212 feram:
311 4129 394 4203 οὐδέν
430 4138 493 4216 γθιρ
533 4136 730 4217 θλοφυρτικδν
767 4137 853 4213 λέγει
883 4136 925 4200 Ἣ
957 4138 1080 4215 ε’ποίγει.
1128 4142 1349 4226 Aristophanis

151 4250 349 4333 scripturam
381 4266 398 4310 e
431 4245 659 4310 recentioribus
684 4250 886 4309 tentaverunt
910 4242 1076 4310 Nauchius
1100 4249 1211 4321 (Arist.
1234 4269 1266 4333 p.
1293 4249 1348 4333 45)

156 4363 191 4425 et
226 4352 430 4430 Nitszohiua‚
466 4353 519 4416 hic
553 4350 604 4414 nai
636 4350 852 4427 μειλισσομένη
884 4352 1060 4436 proposito,
1092 4351 1148 4418 ilie
1179 4354 1232 4417 καί
1256 4355 1288 4420 δέ
1310 4380 1352 4433 με
