2978 4950
672 235 714 303 93

117 424 163 491 lec
198 425 281 490 mihi
317 426 387 513 quis
422 429 551 496 obiiciat
582 428 682 513 locos,
718 426 826 514 quales
859 428 894 492 hi
925 432 1016 492 sunt:
1042 450 1073 509 ε,
1098 426 1183 490 445;
1208 423 1284 491 οὕτω

118 532 305 598 νλύλλιττιν
336 541 407 598 κάτ’
440 536 614 608 αι’τιιιτικὶιν
646 535 714 600 clari
744 539 797 599 τιῖι
823 534 1036 611 τιλνλάττως,
1062 539 1118 599 aut
1140 533 1176 617 ζ,
1201 531 1282 598 239:

118 638 192 703 aori
224 640 330 719 ,,μειι”,
354 640 461 720 οὕτως,
489 648 545 708 aut
570 633 605 724 ζ,
632 643 716 707 241;
740 640 833 713 οὕτως
859 642 888 705 ἕν
911 641 1058 719 μέλλοντι
1082 639 1196 720 χρόνῳ,
1221 641 1285 706 ἕντι-

118 744 246 830 ἰξετιιά,
282 752 418 833 suntque
453 750 485 814 iu
522 748 658 815 Scholiis
689 756 721 815 et
736 749 791 823 aad
823 748 957 814 Iliadem
991 752 1022 812 et
1048 748 1087 812 ad
1112 746 1285 833 Odysseam

118 852 278 939 nmplures
318 856 554 933 huiuscemodi,
590 877 700 922 omnes
731 855 859 921 solitam
893 853 1125 942 Didymeorum
1161 875 1286 939 excerp·

118 980 205 1024 arum
225 960 414 1026 brevitatem
434 962 620 1039 referentes,
638 963 692 1028 sed
719 983 828 1028 omnes
848 964 895 1027 ita
917 963 1109 1047 comparati,
1132 965 1170 1026 ut
1192 965 1223 1025 et
1247 960 1285 1025 de

118 1068 161 1131 avi
184 1070 416 1154 grammaticae
439 1074 566 1134 tantum
591 1069 773 1134 discrimine
797 1075 912 1156 agatur
932 1105 972 1116 -
991 1089 1022 1134 v.
1036 1088 1063 1131 e,
1088 1066 1182 1131 κιιῦτέ
1206 1090 1285 1150 μιν,

118 1192 158 1238 on
189 1196 241 1250 μοι
267 1211 307 1222 -
332 1195 389 1239 nec
412 1176 547 1240 verbum
572 1176 730 1240 adiectum
755 1175 902 1240 habeant.
950 1174 1061 1259 Itaque
1084 1194 1155 1238 cum
1180 1194 1286 1261 gram·

119 1280 210 1345 retici
245 1300 359 1345 nomen
390 1285 586 1366 requiratur,
622 1284 762 1366 suspicor
792 1280 960 1346 lectionem
992 1279 1177 1367 vulgatam,
1207 1299 1287 1364 quae

119 1391 184 1451 erte
213 1383 399 1452 difficultate
423 1409 484 1452 non
510 1394 611 1472 caret,
636 1410 711 1454 cum
735 1387 936 1452 Aristarchus
958 1389 991 1452 in
1016 1407 1052 1452 ea
1076 1387 1285 1471 acquieverit,

119 1491 164 1557 ιιά
200 1514 256 1578 per
291 1494 383 1572 διχῶς
420 1494 596 1579 explicans,
633 1495 858 1580 Aristophanes
892 1493 1010 1559 leniore
1046 1495 1225 1558 coniectura
1256 1494 1286 1558 si

119 1599 220 1665 rederi
251 1606 381 1664 conatus
410 1604 469 1684 sit,
494 1601 658 1666 audaciore
682 1602 858 1666 mutatione
882 1621 948 1665 esse
972 1604 1128 1666 tentatam
1153 1620 1172 1665 a
1194 1600 1286 1664 Zeno·

119 1713 173 1789 cto,
198 1712 292 1790 atque
313 1707 389 1772 adeo
408 1728 473 1772 esse
493 1708 713 1773 scribendum:
735 1710 769 1792 (z
782 1706 963 1782 ινάδοτνι
986 1707 1039 1786 δὲ)
1059 1707 1175 1778 κῆδος
1198 1705 1284 1783 λέγει

119 1810 187 1884 lam
215 1808 254 1889 „o”
273 1836 324 1889 μοι
348 1814 440 1876 aazia
466 1813 582 1890 ἔμπεσε
608 1813 724 1890 κῆδις”,
750 1819 787 1878 ut
810 1814 864 1878 hio
886 1815 997 1878 tertiae
1020 1815 1194 1898 scripturae
1214 1833 1285 1878 auc

119 1937 147 1983 or
166 1918 300 1983 dicatur.
326 1919 444 1985 Totum
468 1923 570 2007 igitur
592 1919 758 2002 Scholion,
783 1921 875 1984 cuius
897 1923 1022 2003 partem
1044 1917 1226 1984 Dindcrlius
1245 1920 1285 1985 ad

119 2023 215 2090 aleam
247 2027 381 2112 paginae
412 2024 627 2114 relegaverat,
655 2027 736 2091 hanc
759 2027 893 2091 formam
919 2025 1046 2090 induat:
1073 2021 1164 2100 άμιι
1192 2027 1284 2090 aazia

120 2150 251 2196 ιντετεντ
279 2131 522 2210 ’Λριττοφάννς,
551 2130 588 2215 „i
609 2157 659 2210 μοι
685 2132 770 2197 sande
800 2131 995 2215 ἔμτετε(ν)”.
1031 2129 1065 2195 τὸ
1097 2131 1129 2195 δὲ
1154 2127 1192 2208 „d
1212 2131 1285 2208 μνι”

120 2238 165 2303 ort
186 2243 240 2302 τοῦ
261 2235 327 2314 »ἔτι
348 2239 426 2317 μιι”.
440 2241 516 2312 τινὲς
538 2242 569 2306 δὲ
589 2239 961 2324 saepissimam)
975 2236 1090 2316 „clxcp'’.
1105 2236 1285 2323 (Ζηνόδο-

128 2370 162 2416 ιι
187 2346 240 2430 δὲ)
265 2347 351 2418 κῆδος
376 2346 462 2424 λέγει
487 2345 579 2417 οὕτως
608 2343 644 2429 „d
664 2369 713 2423 μοι
739 2346 832 2410 κακὸν
856 2345 974 2421 ἔμπεσε
1000 2344 1117 2419 natast.

143 2452 256 2518 Fateor
285 2453 364 2518 hanc
396 2475 501 2519 meam
534 2475 657 2539 quoque
680 2454 913 2518 restitutionem
938 2451 1138 2518 audaciorem
1163 2473 1229 2517 esse
1253 2458 1285 2518 et

120 2559 317 2632 noertiorem‚
348 2582 422 2624 nam
454 2561 536 2625 mihi
568 2566 652 2625 certe
683 2558 1052 2624 nullumtestimonium
1077 2560 1284 2644 inpromptu

120 2672 162 2742 st,
199 2683 261 2750 quo
298 2668 442 2731 evincam
477 2666 645 2731 lectionem
678 2666 764 2740 κῆδος
796 2665 849 2730 hic
878 2685 988 2730 revera
1016 2665 1159 2728 Zenodoti
1190 2665 1287 2729 fuisse

120 2773 275 2837 actionem.
301 2769 451 2836 Auctoris
470 2780 577 2837 autem
598 2772 762 2838 cuiusdam
784 2793 899 2837 nomen
920 2771 1286 2856 ipsaaententiaefcrma

121 2881 214 2964 eqniri
239 2879 322 2963 quod
347 2878 440 2943 modo
472 2878 629 2955 dicebam,
661 2879 720 2943 hcc
751 2881 816 2944 iam
849 2882 896 2943 ita
930 2878 1133 2962 comprobare
1164 2875 1283 2942 licebit.

121 2983 222 3070 lampa
258 2991 290 3048 et
324 2987 543 3062 άνιιγινάτκειν
579 2992 611 3050 et
645 2985 745 3064 Φάνιιι
782 2992 814 3050 et
845 2985 948 3062 λέγειν
986 2984 1069 3070 apud
1102 2986 1287 3068 posteriores

121 3091 336 3158 lrammaticos
360 3093 463 3156 dicere
486 3114 556 3157 mos
579 3093 658 3169 fuit,
682 3093 738 3157 uhi
763 3091 801 3157 do
826 3095 922 3157 variis
954 3112 1031 3177 quas
1062 3111 1118 3156 nos
1150 3091 1287 3157 dicimus

121 3200 289 3264 actionibus
325 3220 428 3263 sermo
463 3204 518 3263 est.
567 3198 822 3264 Usitatissimum
856 3219 930 3264 sane
966 3206 1013 3264 est
1047 3197 1200 3278 γράφειν,
1231 3220 1288 3264 nec

121 3303 210 3386 liter,
237 3343 277 3352 -
303 3307 330 3368 si
367 3313 451 3369 reete
485 3305 666 3379 observavi,
694 3307 959 3370 -Aristonicus
992 3304 1095 3369 dicere
1126 3304 1221 3381 solet,
1252 3310 1289 3369 ut

121 3412 197 3475 tiam
235 3409 282 3474 M.
314 3409 511 3474 Schmidtius
545 3413 578 3474 in
610 3432 667 3475 sua
700 3410 836 3497 Didymi
867 3411 1120 3497 fragmentorum
1157 3409 1289 3498 Sylloge

121 3538 145 3602 p.
181 3513 258 3600 143)
291 3516 472 3599 admonuit,
505 3517 567 3580 nisi
596 3516 678 3601 quod
710 3517 833 3581 multus
864 3523 912 3582 est
943 3518 1141 3582 Aristonicus
1172 3520 1206 3582 in
1229 3539 1289 3582 usu

122 3625 189 3690 ‘erhi
221 3631 334 3713 ποιεῖν,
360 3644 421 3687 non
445 3622 549 3687 solum
574 3623 628 3686 ubi
652 3643 761 3688 omnes
785 3623 936 3688 adhibent
959 3623 997 3688 de
1024 3623 1129 3687 verbis
1153 3626 1186 3687 in
1209 3625 1290 3688 auti·

123 3751 162 3796 ua
185 3732 342 3813 scriptura
366 3730 557 3794 continuatis
582 3733 637 3792 aut
661 3728 848 3794 dirimendis
872 3736 928 3793 aut
948 3728 1175 3816 coniungendis
1195 3766 1236 3778 -
1258 3725 1290 3794 ἓν

122 3845 194 3913 out,
228 3835 278 3900 δύο
303 3843 384 3899 core?
405 3837 477 3899 sim.
500 3870 542 3882 -
562 3834 616 3898 sed
640 3835 787 3919 inprimis
811 3835 849 3901 de
873 3834 1031 3901 Zenodoto
1056 3835 1204 3900 traditam
1227 3835 1289 3901 lec·

122 3944 219 4008 ionem
244 3962 301 4005 suc
324 3962 415 4024 saepe
441 3940 595 4005 arbitratu
624 3938 816 4028 refingente,
849 3942 932 4026 quod
962 3949 1046 4006 certe
1069 3944 1219 4007 usitatius
1243 3947 1290 4007 est

122 4055 280 4112 νιτιιτνιεῖν
301 4047 402 4111 dicere
423 4053 455 4111 et
475 4046 714 4125 μεταγράφειν,
736 4068 792 4112 nec
813 4048 897 4132 apud
910 4050 1289 4134 grammaticostantum,

122 4173 174 4219 um
198 4154 403 4219 notissimum
428 4155 471 4217 sit
494 4153 575 4218 illud
599 4155 665 4219 iam
688 4152 811 4219 Solonis

283 4259 335 4322 κιιὶ
361 4260 587 4340 μεταποίησον,
614 4258 844 4343 Λιγυαστάδη,
868 4256 923 4325 ὦδε
947 4259 973 4323 δ’
997 4259 1098 4343 ἄειδε,

330 4363 558 4442 ὀγδωκονταέτη
583 4374 674 4446 pcipe
700 4365 781 4448 κάχιι
811 4365 953 4432 άιινάτνιι.
