<?xml version="1.0" encoding="UTF-8"?>
<!DOCTYPE html PUBLIC "-//W3C//DTD XHTML 1.0 Transitional//EN"
    "http://www.w3.org/TR/xhtml1/DTD/xhtml1-transitional.dtd">
<html xmlns="http://www.w3.org/1999/xhtml" xml:lang="en" lang="en">
 <head>
  <title>
</title>
<meta http-equiv="Content-Type" content="text/html;charset=utf-8" />
  <meta name='ocr-system' content='tesseract 3.04.00' />
  <meta name='ocr-capabilities' content='ocr_page ocr_carea ocr_par ocr_line ocrx_word'/>
</head>
<body>
  <div class='ocr_page' id='page_1' title='image "./adodysseameiusq00polagoog_0041.png"; bbox 0 0 2978 4950; ppageno 0'>
   <div class='ocr_carea' id='block_1_1' title="bbox 724 220 768 296">
    <p class='ocr_par' dir='ltr' id='par_1_1' title="bbox 724 220 768 296">
     <span class='ocr_line' id='line_1_1' title="bbox 724 220 768 296; baseline -0.023 0"><span class='ocrx_word' id='word_1_1' title='bbox 724 220 768 296; x_wconf 69' lang='lat' dir='ltr'><strong>tt</strong></span> 
     </span>
    </p>
   </div>
   <div class='ocr_carea' id='block_1_2' title="bbox 145 412 1389 4125">
    <p class='ocr_par' dir='ltr' id='par_1_2' title="bbox 145 412 1389 4125">
     <span class='ocr_line' id='line_1_2' title="bbox 153 412 1346 506; baseline -0.002 -21"><span class='ocrx_word' id='word_1_2' title='bbox 153 438 216 505; x_wconf 90' lang='lat' dir='ltr'><strong>que</strong></span> <span class='ocrx_word' id='word_1_3' title='bbox 246 417 316 506; x_wconf 87' lang='lat' dir='ltr'><strong>quis</strong></span> <span class='ocrx_word' id='word_1_4' title='bbox 346 420 454 486; x_wconf 80' lang='lat' dir='ltr'><strong>triceni</strong></span> <span class='ocrx_word' id='word_1_5' title='bbox 485 423 602 506; x_wconf 88' lang='lat' dir='ltr'><strong>possit,</strong></span> <span class='ocrx_word' id='word_1_6' title='bbox 635 427 673 486; x_wconf 89' lang='lat' dir='ltr'><strong>ut</strong></span> <span class='ocrx_word' id='word_1_7' title='bbox 702 423 735 485; x_wconf 91' lang='lat' dir='ltr'><strong>in</strong></span> <span class='ocrx_word' id='word_1_8' title='bbox 765 440 799 485; x_wconf 91' lang='lat' dir='ltr'><strong>re</strong></span> <span class='ocrx_word' id='word_1_9' title='bbox 823 419 967 485; x_wconf 88' lang='lat' dir='ltr'><strong>abstrusa</strong></span> <span class='ocrx_word' id='word_1_10' title='bbox 989 422 1021 484; x_wconf 88' lang='lat' dir='ltr'><strong>et</strong></span> <span class='ocrx_word' id='word_1_11' title='bbox 1043 418 1260 497; x_wconf 89' lang='lat' dir='ltr'><strong>intricatiore,</strong></span> <span class='ocrx_word' id='word_1_12' title='bbox 1285 412 1346 483; x_wconf 87' lang='lat' dir='ltr'><strong>hoc</strong></span> 
     </span>
     <span class='ocr_line' id='line_1_3' title="bbox 152 521 1346 612; baseline -0.003 -21"><span class='ocrx_word' id='word_1_13' title='bbox 152 531 236 591; x_wconf 89' lang='lat' dir='ltr'><strong>certe</strong></span> <span class='ocrx_word' id='word_1_14' title='bbox 266 528 482 612; x_wconf 87' lang='lat' dir='ltr'><strong>unusquisque</strong></span> <span class='ocrx_word' id='word_1_15' title='bbox 512 527 595 591; x_wconf 91' lang='lat' dir='ltr'><strong>mihi</strong></span> <span class='ocrx_word' id='word_1_16' title='bbox 625 526 732 609; x_wconf 88' lang='lat' dir='ltr'><strong>debit,</strong></span> <span class='ocrx_word' id='word_1_17' title='bbox 764 530 796 590; x_wconf 91' lang='lat' dir='ltr'><strong>et</strong></span> <span class='ocrx_word' id='word_1_18' title='bbox 826 521 872 590; x_wconf 77' lang='grc' dir='ltr'><strong><em>ὅτι</em></strong></span> <span class='ocrx_word' id='word_1_19' title='bbox 905 526 967 590; x_wconf 68' lang='lat' dir='ltr'><strong>aiut</strong></span> <span class='ocrx_word' id='word_1_20' title='bbox 991 549 1021 590; x_wconf 84' lang='lat' dir='ltr'><strong>r.</strong></span> <span class='ocrx_word' id='word_1_21' title='bbox 1046 526 1178 607; x_wconf 92' lang='grc' dir='ltr'><strong><em>μερίζειν</em></strong></span> <span class='ocrx_word' id='word_1_22' title='bbox 1200 524 1346 591; x_wconf 56' lang='grc' dir='ltr'><strong><em>καλλικ-</em></strong></span> 
     </span>
     <span class='ocr_line' id='line_1_4' title="bbox 153 629 1349 713; baseline 0.002 -17"><span class='ocrx_word' id='word_1_23' title='bbox 153 632 259 713; x_wconf 90' lang='grc' dir='ltr'><strong><em>κρίνειν</em></strong></span> <span class='ocrx_word' id='word_1_24' title='bbox 278 633 330 697; x_wconf 78' lang='grc' dir='ltr'><strong><em>καί</em></strong></span> <span class='ocrx_word' id='word_1_25' title='bbox 351 633 473 713; x_wconf 76' lang='grc' dir='ltr'><strong><em>διαιρεῖν</em></strong></span> <span class='ocrx_word' id='word_1_26' title='bbox 492 631 641 707; x_wconf 79' lang='grc' dir='ltr'><strong><em>κέκληται</em></strong></span> <span class='ocrx_word' id='word_1_27' title='bbox 662 633 696 697; x_wconf 78' lang='grc' dir='ltr'><strong>τέ</strong></span> <span class='ocrx_word' id='word_1_28' title='bbox 716 629 873 708; x_wconf 77' lang='grc' dir='ltr'><strong><em>σκοτεινόν,</em></strong></span> <span class='ocrx_word' id='word_1_29' title='bbox 896 653 957 698; x_wconf 93' lang='lat' dir='ltr'><strong>non</strong></span> <span class='ocrx_word' id='word_1_30' title='bbox 974 631 1090 698; x_wconf 84' lang='lat' dir='ltr'><strong>hebere</strong></span> <span class='ocrx_word' id='word_1_31' title='bbox 1107 635 1160 699; x_wconf 92' lang='lat' dir='ltr'><strong>cui</strong></span> <span class='ocrx_word' id='word_1_32' title='bbox 1179 632 1349 708; x_wconf 80' lang='lat' dir='ltr'><strong>referatur,</strong></span> 
     </span>
     <span class='ocr_line' id='line_1_5' title="bbox 152 737 1347 819; baseline -0.001 -16"><span class='ocrx_word' id='word_1_33' title='bbox 152 743 183 803; x_wconf 85' lang='lat' dir='ltr'><strong>et</strong></span> <span class='ocrx_word' id='word_1_34' title='bbox 218 739 385 805; x_wconf 85' lang='lat' dir='ltr'><strong>similiter:</strong></span> <span class='ocrx_word' id='word_1_35' title='bbox 421 741 608 819; x_wconf 70' lang='grc' dir='ltr'><strong>μαρμαίρειν</strong></span> <span class='ocrx_word' id='word_1_36' title='bbox 643 739 674 805; x_wconf 80' lang='grc' dir='ltr'><strong>δέ</strong></span> <span class='ocrx_word' id='word_1_37' title='bbox 710 738 799 814; x_wconf 79' lang='grc' dir='ltr'><strong><em>δηλοῖ</em></strong></span> <span class='ocrx_word' id='word_1_38' title='bbox 829 740 865 803; x_wconf 75' lang='grc' dir='ltr'><strong>τὸ</strong></span> <span class='ocrx_word' id='word_1_39' title='bbox 896 745 963 819; x_wconf 74' lang='grc' dir='ltr'><strong>Φῶς</strong></span> <span class='ocrx_word' id='word_1_40' title='bbox 995 737 1065 813; x_wconf 64' lang='grc' dir='ltr'><strong><em>Βαίας</em></strong></span> <span class='ocrx_word' id='word_1_41' title='bbox 1106 737 1247 810; x_wconf 82' lang='grc' dir='ltr'><strong><em>καλέσας</em></strong></span> <span class='ocrx_word' id='word_1_42' title='bbox 1287 756 1347 802; x_wconf 87' lang='lat' dir='ltr'><strong>nec</strong></span> 
     </span>
     <span class='ocr_line' id='line_1_6' title="bbox 150 844 1347 934; baseline -0.002 -24"><span class='ocrx_word' id='word_1_43' title='bbox 150 844 293 923; x_wconf 81' lang='lat' dir='ltr'><strong>caelum,</strong></span> <span class='ocrx_word' id='word_1_44' title='bbox 325 850 362 911; x_wconf 91' lang='lat' dir='ltr'><strong>nt</strong></span> <span class='ocrx_word' id='word_1_45' title='bbox 393 848 495 923; x_wconf 78' lang='lat' dir='ltr'><strong>aiunt,</strong></span> <span class='ocrx_word' id='word_1_46' title='bbox 531 852 661 934; x_wconf 81' lang='lat' dir='ltr'><strong>tangere</strong></span> <span class='ocrx_word' id='word_1_47' title='bbox 692 867 750 911; x_wconf 90' lang='lat' dir='ltr'><strong>nec</strong></span> <span class='ocrx_word' id='word_1_48' title='bbox 781 851 906 910; x_wconf 85' lang='lat' dir='ltr'><strong>terrem.</strong></span> <span class='ocrx_word' id='word_1_49' title='bbox 956 844 1057 911; x_wconf 90' lang='lat' dir='ltr'><strong>Paulo</strong></span> <span class='ocrx_word' id='word_1_50' title='bbox 1089 845 1206 911; x_wconf 89' lang='lat' dir='ltr'><strong>melius</strong></span> <span class='ocrx_word' id='word_1_51' title='bbox 1238 848 1288 909; x_wconf 88' lang='lat' dir='ltr'><strong>est</strong></span> <span class='ocrx_word' id='word_1_52' title='bbox 1311 846 1347 908; x_wconf 93' lang='lat' dir='ltr'><strong>in</strong></span> 
     </span>
     <span class='ocr_line' id='line_1_7' title="bbox 149 948 1389 1034; baseline -0.003 -15"><span class='ocrx_word' id='word_1_53' title='bbox 149 959 257 1019; x_wconf 82' lang='lat' dir='ltr'><strong>vetere</strong></span> <span class='ocrx_word' id='word_1_54' title='bbox 280 952 433 1018; x_wconf 81' lang='lat' dir='ltr'>editione:</span> <span class='ocrx_word' id='word_1_55' title='bbox 458 951 511 1017; x_wconf 77' lang='grc' dir='ltr'><strong><em>καὶ</em></strong></span> <span class='ocrx_word' id='word_1_56' title='bbox 536 948 581 1017; x_wconf 73' lang='grc' dir='ltr'><strong><em>ὅτι</em></strong></span> <span class='ocrx_word' id='word_1_57' title='bbox 606 953 693 1034; x_wconf 80' lang='grc' dir='ltr'><strong><em>παραὶ</em></strong></span> <span class='ocrx_word' id='word_1_58' title='bbox 716 952 751 1018; x_wconf 82' lang='grc' dir='ltr'><strong>τὸ</strong></span> <span class='ocrx_word' id='word_1_59' title='bbox 774 950 906 1033; x_wconf 73' lang='grc' dir='ltr'><strong>μερίζειν</strong></span> <span class='ocrx_word' id='word_1_60' title='bbox 930 953 982 1015; x_wconf 81' lang='grc' dir='ltr'><strong><em>καί</em></strong></span> <span class='ocrx_word' id='word_1_61' title='bbox 1009 951 1167 1031; x_wconf 71' lang='grc' dir='ltr'><strong>διακρίνειν</strong></span> <span class='ocrx_word' id='word_1_62' title='bbox 1190 951 1244 1016; x_wconf 79' lang='grc' dir='ltr'><strong><em>καί</em></strong></span> <span class='ocrx_word' id='word_1_63' title='bbox 1266 950 1346 1015; x_wconf 64' lang='lat' dir='ltr'><strong>irae·</strong></span> <span class='ocrx_word' id='word_1_64' title='bbox 1385 1004 1389 1015; x_wconf 83' lang='lat'>.</span> 
     </span>
     <span class='ocr_line' id='line_1_8' title="bbox 150 1056 1343 1140; baseline 0.005 -18"><span class='ocrx_word' id='word_1_65' title='bbox 150 1067 208 1140; x_wconf 83' lang='grc' dir='ltr'><strong><em>ρεῖν</em></strong></span> <span class='ocrx_word' id='word_1_66' title='bbox 239 1058 409 1133; x_wconf 75' lang='grc' dir='ltr'><strong>κέκληκε</strong></span> <span class='ocrx_word' id='word_1_67' title='bbox 437 1058 478 1124; x_wconf 79' lang='grc' dir='ltr'><strong>τέ</strong></span> <span class='ocrx_word' id='word_1_68' title='bbox 506 1059 717 1140; x_wconf 76' lang='grc' dir='ltr'><strong><em>Φατίζειν,</em></strong></span> <span class='ocrx_word' id='word_1_69' title='bbox 749 1058 934 1138; x_wconf 83' lang='grc' dir='ltr'><strong>μαρμαίρειν</strong></span> <span class='ocrx_word' id='word_1_70' title='bbox 957 1058 990 1123; x_wconf 80' lang='grc' dir='ltr'><strong>δέ</strong></span> <span class='ocrx_word' id='word_1_71' title='bbox 1013 1058 1101 1133; x_wconf 68' lang='lat' dir='ltr'><strong>teau</strong></span> <span class='ocrx_word' id='word_1_72' title='bbox 1120 1060 1155 1124; x_wconf 76' lang='lat' dir='ltr'><strong>ri</strong></span> <span class='ocrx_word' id='word_1_73' title='bbox 1180 1062 1247 1139; x_wconf 76' lang='grc' dir='ltr'><strong>Φῶς</strong></span> <span class='ocrx_word' id='word_1_74' title='bbox 1272 1056 1343 1128; x_wconf 70' lang='lat' dir='ltr'><strong>teor</strong></span> 
     </span>
     <span class='ocr_line' id='line_1_9' title="bbox 150 1164 1341 1252; baseline -0.002 -22"><span class='ocrx_word' id='word_1_75' title='bbox 150 1165 308 1243; x_wconf 77' lang='grc' dir='ltr'><strong><em>καλέσας,</em></strong></span> <span class='ocrx_word' id='word_1_76' title='bbox 340 1166 425 1231; x_wconf 90' lang='lat' dir='ltr'><strong>unde</strong></span> <span class='ocrx_word' id='word_1_77' title='bbox 453 1165 606 1231; x_wconf 73' lang='lat' dir='ltr'>discimus</span> <span class='ocrx_word' id='word_1_78' title='bbox 642 1172 673 1232; x_wconf 92' lang='lat' dir='ltr'><strong>et</strong></span> <span class='ocrx_word' id='word_1_79' title='bbox 696 1164 833 1240; x_wconf 86' lang='grc' dir='ltr'><strong><em>κέκληκε</em></strong></span> <span class='ocrx_word' id='word_1_80' title='bbox 856 1186 912 1250; x_wconf 91' lang='lat' dir='ltr'><strong>per</strong></span> <span class='ocrx_word' id='word_1_81' title='bbox 935 1165 1161 1252; x_wconf 82' lang='lat' dir='ltr'>compendium</span> <span class='ocrx_word' id='word_1_82' title='bbox 1183 1165 1341 1249; x_wconf 90' lang='lat' dir='ltr'><strong>scriptum</strong></span> 
     </span>
     <span class='ocr_line' id='line_1_10' title="bbox 149 1270 1343 1345; baseline -0.004 -7"><span class='ocrx_word' id='word_1_83' title='bbox 149 1271 234 1338; x_wconf 89' lang='lat' dir='ltr'><strong>male</strong></span> <span class='ocrx_word' id='word_1_84' title='bbox 258 1271 379 1338; x_wconf 90' lang='lat' dir='ltr'><strong>lectum</strong></span> <span class='ocrx_word' id='word_1_85' title='bbox 404 1293 471 1337; x_wconf 87' lang='lat' dir='ltr'><strong>esse</strong></span> <span class='ocrx_word' id='word_1_86' title='bbox 494 1273 658 1345; x_wconf 77' lang='grc' dir='ltr'><strong><em>κέκληται</em></strong></span> <span class='ocrx_word' id='word_1_87' title='bbox 683 1278 740 1338; x_wconf 87' lang='lat' dir='ltr'><strong>ent</strong></span> <span class='ocrx_word' id='word_1_88' title='bbox 761 1272 801 1338; x_wconf 86' lang='lat' dir='ltr'><strong>ab</strong></span> <span class='ocrx_word' id='word_1_89' title='bbox 824 1270 988 1337; x_wconf 83' lang='lat' dir='ltr'><strong>Herleiani</strong></span> <span class='ocrx_word' id='word_1_90' title='bbox 1012 1271 1116 1337; x_wconf 90' lang='lat' dir='ltr'><strong>scriba</strong></span> <span class='ocrx_word' id='word_1_91' title='bbox 1135 1276 1193 1336; x_wconf 89' lang='lat' dir='ltr'><strong>sut</strong></span> <span class='ocrx_word' id='word_1_92' title='bbox 1211 1270 1251 1334; x_wconf 86' lang='lat' dir='ltr'><strong>ab</strong></span> <span class='ocrx_word' id='word_1_93' title='bbox 1272 1271 1343 1334; x_wconf 91' lang='lat' dir='ltr'><strong>eins</strong></span> 
     </span>
     <span class='ocr_line' id='line_1_11' title="bbox 148 1373 1342 1464; baseline -0.002 -22"><span class='ocrx_word' id='word_1_94' title='bbox 148 1377 342 1463; x_wconf 77' lang='lat' dir='ltr'><strong>editoribus,</strong></span> <span class='ocrx_word' id='word_1_95' title='bbox 378 1384 410 1443; x_wconf 86' lang='lat' dir='ltr'><strong>et</strong></span> <span class='ocrx_word' id='word_1_96' title='bbox 445 1378 585 1444; x_wconf 86' lang='lat' dir='ltr'><strong>alienum</strong></span> <span class='ocrx_word' id='word_1_97' title='bbox 618 1379 671 1444; x_wconf 93' lang='lat' dir='ltr'><strong>hic</strong></span> <span class='ocrx_word' id='word_1_98' title='bbox 701 1378 852 1444; x_wconf 79' lang='grc' dir='ltr'><strong><em>σκοτεινίν</em></strong></span> <span class='ocrx_word' id='word_1_99' title='bbox 885 1399 924 1444; x_wconf 85' lang='lat' dir='ltr'><strong>ex</strong></span> <span class='ocrx_word' id='word_1_100' title='bbox 953 1380 1113 1464; x_wconf 80' lang='lat' dir='ltr'><strong>superiore</strong></span> <span class='ocrx_word' id='word_1_101' title='bbox 1135 1397 1231 1442; x_wconf 78' lang='lat' dir='ltr'><strong>versu</strong></span> <span class='ocrx_word' id='word_1_102' title='bbox 1254 1373 1342 1440; x_wconf 85' lang='lat' dir='ltr'><strong>male</strong></span> 
     </span>
     <span class='ocr_line' id='line_1_12' title="bbox 148 1481 1340 1571; baseline -0.001 -23"><span class='ocrx_word' id='word_1_103' title='bbox 148 1483 211 1549; x_wconf 90' lang='lat' dir='ltr'><strong>hnc</strong></span> <span class='ocrx_word' id='word_1_104' title='bbox 234 1483 364 1550; x_wconf 87' lang='lat' dir='ltr'><strong>illatum</strong></span> <span class='ocrx_word' id='word_1_105' title='bbox 388 1506 454 1550; x_wconf 86' lang='lat' dir='ltr'><strong>esse</strong></span> <span class='ocrx_word' id='word_1_106' title='bbox 478 1505 535 1571; x_wconf 90' lang='lat' dir='ltr'><strong>pro</strong></span> <span class='ocrx_word' id='word_1_107' title='bbox 558 1488 732 1551; x_wconf 87' lang='lat' dir='ltr'><strong>necessario</strong></span> <span class='ocrx_word' id='word_1_108' title='bbox 755 1483 915 1566; x_wconf 82' lang='grc' dir='ltr'><strong><em>Φατίζειν,</em></strong></span> <span class='ocrx_word' id='word_1_109' title='bbox 940 1484 1072 1550; x_wconf 81' lang='lat' dir='ltr'><strong>fortasse</strong></span> <span class='ocrx_word' id='word_1_110' title='bbox 1100 1484 1140 1549; x_wconf 91' lang='lat' dir='ltr'><strong>cb</strong></span> <span class='ocrx_word' id='word_1_111' title='bbox 1168 1481 1340 1549; x_wconf 72' lang='lat' dir='ltr'><strong>evanidam</strong></span> 
     </span>
     <span class='ocr_line' id='line_1_13' title="bbox 150 1590 1342 1678; baseline -0.003 -22"><span class='ocrx_word' id='word_1_112' title='bbox 150 1590 313 1676; x_wconf 75' lang='lat' dir='ltr'><strong>archetypi</strong></span> <span class='ocrx_word' id='word_1_113' title='bbox 351 1594 556 1678; x_wconf 76' lang='lat' dir='ltr'><strong>scripturam,</strong></span> <span class='ocrx_word' id='word_1_114' title='bbox 594 1592 725 1658; x_wconf 84' lang='lat' dir='ltr'><strong>fortasse</strong></span> <span class='ocrx_word' id='word_1_115' title='bbox 760 1592 800 1658; x_wconf 86' lang='lat' dir='ltr'><strong>ad</strong></span> <span class='ocrx_word' id='word_1_116' title='bbox 835 1596 976 1657; x_wconf 83' lang='lat' dir='ltr'><strong>veterem</strong></span> <span class='ocrx_word' id='word_1_117' title='bbox 1007 1590 1154 1656; x_wconf 86' lang='lat' dir='ltr'><strong>lacunam</strong></span> <span class='ocrx_word' id='word_1_118' title='bbox 1177 1595 1342 1674; x_wconf 89' lang='lat' dir='ltr'><strong>utcunque</strong></span> 
     </span>
     <span class='ocr_line' id='line_1_14' title="bbox 149 1696 1344 1788; baseline -0.001 -27"><span class='ocrx_word' id='word_1_119' title='bbox 149 1696 338 1782; x_wconf 86' lang='lat' dir='ltr'><strong>explendem</strong></span> <span class='ocrx_word' id='word_1_120' title='bbox 364 1699 399 1785; x_wconf 91' lang='lat'><strong>¹).</strong></span> <span class='ocrx_word' id='word_1_121' title='bbox 448 1701 491 1764; x_wconf 84' lang='lat' dir='ltr'><strong>At</strong></span> <span class='ocrx_word' id='word_1_122' title='bbox 528 1698 578 1764; x_wconf 88' lang='lat' dir='ltr'><strong>vel</strong></span> <span class='ocrx_word' id='word_1_123' title='bbox 615 1701 660 1764; x_wconf 91' lang='lat' dir='ltr'><strong>sic</strong></span> <span class='ocrx_word' id='word_1_124' title='bbox 695 1699 905 1788; x_wconf 81' lang='lat' dir='ltr'><strong>grssissimee</strong></span> <span class='ocrx_word' id='word_1_125' title='bbox 940 1697 1105 1764; x_wconf 74' lang='lat' dir='ltr'><strong>molestiae</strong></span> <span class='ocrx_word' id='word_1_126' title='bbox 1138 1701 1263 1763; x_wconf 88' lang='lat' dir='ltr'><strong>restent</strong></span> <span class='ocrx_word' id='word_1_127' title='bbox 1295 1697 1344 1761; x_wconf 87' lang='lat' dir='ltr'><strong>its</strong></span> 
     </span>
     <span class='ocr_line' id='line_1_15' title="bbox 148 1801 1342 1887; baseline -0.002 -19"><span class='ocrx_word' id='word_1_128' title='bbox 148 1802 324 1869; x_wconf 73' lang='lat' dir='ltr'><strong>tollendae:</strong></span> <span class='ocrx_word' id='word_1_129' title='bbox 357 1804 409 1870; x_wconf 79' lang='grc' dir='ltr'><strong><em>καί</em></strong></span> <span class='ocrx_word' id='word_1_130' title='bbox 441 1801 487 1870; x_wconf 75' lang='grc' dir='ltr'><strong><em>ὅτι</em></strong></span> <span class='ocrx_word' id='word_1_131' title='bbox 520 1806 582 1871; x_wconf 73' lang='grc' dir='ltr'><strong>απὸ</strong></span> <span class='ocrx_word' id='word_1_132' title='bbox 615 1810 668 1870; x_wconf 76' lang='grc' dir='ltr'><strong>τοῦ</strong></span> <span class='ocrx_word' id='word_1_133' title='bbox 699 1806 831 1887; x_wconf 85' lang='grc' dir='ltr'><strong><em>μερίζειν</em></strong></span> <span class='ocrx_word' id='word_1_134' title='bbox 860 1804 912 1870; x_wconf 77' lang='grc' dir='ltr'><strong><em>καί</em></strong></span> <span class='ocrx_word' id='word_1_135' title='bbox 945 1805 1103 1884; x_wconf 76' lang='grc' dir='ltr'><strong><em>διακρίνειν</em></strong></span> <span class='ocrx_word' id='word_1_136' title='bbox 1135 1805 1186 1868; x_wconf 81' lang='grc' dir='ltr'><strong><em>καί</em></strong></span> <span class='ocrx_word' id='word_1_137' title='bbox 1216 1801 1342 1883; x_wconf 70' lang='grc' dir='ltr'><strong><em>διαιρεῖν</em></strong></span> 
     </span>
     <span class='ocr_line' id='line_1_16' title="bbox 148 1907 1341 1996; baseline -0.001 -22"><span class='ocrx_word' id='word_1_138' title='bbox 148 1910 323 1985; x_wconf 75' lang='grc' dir='ltr'><strong><em>κέκληκε</em></strong></span> <span class='ocrx_word' id='word_1_139' title='bbox 355 1911 396 1975; x_wconf 81' lang='lat' dir='ltr'><strong>ri</strong></span> <span class='ocrx_word' id='word_1_140' title='bbox 428 1910 622 1993; x_wconf 79' lang='grc' dir='ltr'><strong><em>Φατίζειν</em></strong></span> <span class='ocrx_word' id='word_1_141' title='bbox 654 1911 923 1996; x_wconf 82' lang='grc' dir='ltr'><strong><em>μαρμαίρειν,</em></strong></span> <span class='ocrx_word' id='word_1_142' title='bbox 957 1912 1073 1984; x_wconf 79' lang='grc' dir='ltr'><strong><em>δηλοῖ</em></strong></span> <span class='ocrx_word' id='word_1_143' title='bbox 1100 1911 1135 1975; x_wconf 77' lang='grc' dir='ltr'><strong>τὸ</strong></span> <span class='ocrx_word' id='word_1_144' title='bbox 1166 1914 1234 1991; x_wconf 82' lang='grc' dir='ltr'><strong>φῶς</strong></span> <span class='ocrx_word' id='word_1_145' title='bbox 1267 1907 1341 1980; x_wconf 66' lang='grc' dir='ltr'><strong><em>Βαίας</em></strong></span> 
     </span>
     <span class='ocr_line' id='line_1_17' title="bbox 147 2014 1345 2102; baseline 0.001 -23"><span class='ocrx_word' id='word_1_146' title='bbox 147 2014 302 2094; x_wconf 78' lang='grc' dir='ltr'><strong><em>καλέσας,</em></strong></span> <span class='ocrx_word' id='word_1_147' title='bbox 348 2016 513 2084; x_wconf 85' lang='lat' dir='ltr'><strong>lenissime</strong></span> <span class='ocrx_word' id='word_1_148' title='bbox 555 2039 629 2084; x_wconf 89' lang='lat' dir='ltr'><strong>sane</strong></span> <span class='ocrx_word' id='word_1_149' title='bbox 671 2018 846 2094; x_wconf 87' lang='lat' dir='ltr'><strong>medicina,</strong></span> <span class='ocrx_word' id='word_1_150' title='bbox 882 2037 978 2102; x_wconf 89' lang='lat' dir='ltr'><strong>qnam</strong></span> <span class='ocrx_word' id='word_1_151' title='bbox 1014 2023 1115 2083; x_wconf 88' lang='lat' dir='ltr'><strong>totam</strong></span> <span class='ocrx_word' id='word_1_152' title='bbox 1157 2016 1345 2102; x_wconf 81' lang='lat' dir='ltr'><strong>comprobat</strong></span> 
     </span>
     <span class='ocr_line' id='line_1_18' title="bbox 146 2112 1344 2211; baseline 0.003 -24"><span class='ocrx_word' id='word_1_153' title='bbox 146 2112 285 2188; x_wconf 79' lang='lat' dir='ltr'><strong>Venetus</strong></span> <span class='ocrx_word' id='word_1_154' title='bbox 317 2123 353 2188; x_wconf 90' lang='lat' dir='ltr'><strong>B.</strong></span> <span class='ocrx_word' id='word_1_155' title='bbox 400 2123 486 2190; x_wconf 87' lang='lat' dir='ltr'><strong>Nam</strong></span> <span class='ocrx_word' id='word_1_156' title='bbox 514 2131 547 2191; x_wconf 90' lang='lat' dir='ltr'><strong>st</strong></span> <span class='ocrx_word' id='word_1_157' title='bbox 569 2128 858 2211; x_wconf 78' lang='lat' dir='ltr'><strong>interpunctionem</strong></span> <span class='ocrx_word' id='word_1_158' title='bbox 890 2129 1017 2189; x_wconf 86' lang='lat' dir='ltr'><strong>tantum</strong></span> <span class='ocrx_word' id='word_1_159' title='bbox 1052 2127 1214 2189; x_wconf 91' lang='lat' dir='ltr'><strong>mutatam</strong></span> <span class='ocrx_word' id='word_1_160' title='bbox 1249 2143 1344 2211; x_wconf 85' lang='lat' dir='ltr'><strong>oper-</strong></span> 
     </span>
     <span class='ocr_line' id='line_1_19' title="bbox 148 2228 1344 2316; baseline 0.004 -24"><span class='ocrx_word' id='word_1_161' title='bbox 148 2230 231 2306; x_wconf 83' lang='lat' dir='ltr'><strong>tuit,</strong></span> <span class='ocrx_word' id='word_1_162' title='bbox 264 2234 296 2294; x_wconf 88' lang='lat' dir='ltr'><strong>et</strong></span> <span class='ocrx_word' id='word_1_163' title='bbox 326 2230 596 2314; x_wconf 81' lang='lat' dir='ltr'><strong>quemadmodum</strong></span> <span class='ocrx_word' id='word_1_164' title='bbox 627 2252 721 2316; x_wconf 80' lang='lat' dir='ltr'><strong>supra</strong></span> <span class='ocrx_word' id='word_1_165' title='bbox 744 2233 778 2294; x_wconf 91' lang='lat' dir='ltr'><strong>in</strong></span> <span class='ocrx_word' id='word_1_166' title='bbox 802 2229 923 2295; x_wconf 89' lang='lat' dir='ltr'><strong>scholio</strong></span> <span class='ocrx_word' id='word_1_167' title='bbox 947 2229 985 2295; x_wconf 91' lang='lat' dir='ltr'><strong>ad</strong></span> <span class='ocrx_word' id='word_1_168' title='bbox 1010 2250 1057 2294; x_wconf 83' lang='lat' dir='ltr'><strong>rs.</strong></span> <span class='ocrx_word' id='word_1_169' title='bbox 1082 2228 1103 2294; x_wconf 86' lang='lat'>8</span> <span class='ocrx_word' id='word_1_170' title='bbox 1127 2230 1285 2315; x_wconf 87' lang='lat' dir='ltr'><strong>particule</strong></span> <span class='ocrx_word' id='word_1_171' title='bbox 1309 2230 1344 2297; x_wconf 76' lang='grc' dir='ltr'><strong>δέ</strong></span> 
     </span>
     <span class='ocr_line' id='line_1_20' title="bbox 147 2333 1343 2413; baseline 0.004 -15"><span class='ocrx_word' id='word_1_172' title='bbox 147 2333 315 2399; x_wconf 74' lang='lat' dir='ltr'><strong>inserenda</strong></span> <span class='ocrx_word' id='word_1_173' title='bbox 350 2341 416 2400; x_wconf 88' lang='lat' dir='ltr'><strong>erat</strong></span> <span class='ocrx_word' id='word_1_174' title='bbox 451 2339 623 2402; x_wconf 86' lang='lat' dir='ltr'><strong>oscitanter</strong></span> <span class='ocrx_word' id='word_1_175' title='bbox 657 2342 730 2403; x_wconf 88' lang='lat' dir='ltr'><strong>ante</strong></span> <span class='ocrx_word' id='word_1_176' title='bbox 765 2337 959 2411; x_wconf 64' lang='lat' dir='ltr'><strong>evanituras</strong></span> <span class='ocrx_word' id='word_1_177' title='bbox 991 2337 1124 2413; x_wconf 85' lang='lat' dir='ltr'><strong>emisse,</strong></span> <span class='ocrx_word' id='word_1_178' title='bbox 1155 2338 1202 2401; x_wconf 88' lang='lat' dir='ltr'><strong>its</strong></span> <span class='ocrx_word' id='word_1_179' title='bbox 1231 2343 1343 2403; x_wconf 88' lang='lat' dir='ltr'><strong>nostro</strong></span> 
     </span>
     <span class='ocr_line' id='line_1_21' title="bbox 147 2438 1344 2529; baseline 0.003 -24"><span class='ocrx_word' id='word_1_180' title='bbox 147 2438 217 2505; x_wconf 92' lang='lat' dir='ltr'><strong>loco</strong></span> <span class='ocrx_word' id='word_1_181' title='bbox 248 2445 356 2505; x_wconf 86' lang='lat' dir='ltr'><strong>contra</strong></span> <span class='ocrx_word' id='word_1_182' title='bbox 383 2442 630 2529; x_wconf 82' lang='lat' dir='ltr'><strong>expungendum</strong></span> <span class='ocrx_word' id='word_1_183' title='bbox 661 2443 724 2507; x_wconf 84' lang='lat' dir='ltr'><strong>fuit</strong></span> <span class='ocrx_word' id='word_1_184' title='bbox 754 2441 785 2507; x_wconf 76' lang='grc' dir='ltr'><strong>δέ</strong></span> <span class='ocrx_word' id='word_1_185' title='bbox 817 2447 890 2508; x_wconf 89' lang='lat' dir='ltr'><strong>ante</strong></span> <span class='ocrx_word' id='word_1_186' title='bbox 917 2441 1014 2515; x_wconf 73' lang='grc' dir='ltr'><strong><em>δηλοῖ</em></strong></span> <span class='ocrx_word' id='word_1_187' title='bbox 1032 2462 1094 2507; x_wconf 91' lang='lat' dir='ltr'><strong>non</strong></span> <span class='ocrx_word' id='word_1_188' title='bbox 1116 2443 1226 2507; x_wconf 90' lang='lat' dir='ltr'><strong>minus</strong></span> <span class='ocrx_word' id='word_1_189' title='bbox 1250 2463 1344 2528; x_wconf 82' lang='lat' dir='ltr'><strong>pree·</strong></span> 
     </span>
     <span class='ocr_line' id='line_1_22' title="bbox 146 2546 1343 2634; baseline 0.003 -24"><span class='ocrx_word' id='word_1_190' title='bbox 146 2550 269 2632; x_wconf 87' lang='lat' dir='ltr'><strong>pestere</strong></span> <span class='ocrx_word' id='word_1_191' title='bbox 299 2549 464 2612; x_wconf 89' lang='lat' dir='ltr'><strong>insertum.</strong></span> <span class='ocrx_word' id='word_1_192' title='bbox 502 2546 624 2634; x_wconf 89' lang='lat' dir='ltr'><strong>Nempe</strong></span> <span class='ocrx_word' id='word_1_193' title='bbox 647 2549 707 2614; x_wconf 90' lang='lat' dir='ltr'><strong>hoc</strong></span> <span class='ocrx_word' id='word_1_194' title='bbox 729 2548 809 2614; x_wconf 83' lang='lat' dir='ltr'><strong>vult.</strong></span> <span class='ocrx_word' id='word_1_195' title='bbox 837 2551 883 2614; x_wconf 81' lang='grc' dir='ltr'><strong>Τί</strong></span> <span class='ocrx_word' id='word_1_196' title='bbox 907 2546 1051 2630; x_wconf 78' lang='grc' dir='ltr'><strong><em>Φατίζειν</em></strong></span> <span class='ocrx_word' id='word_1_197' title='bbox 1074 2547 1235 2614; x_wconf 86' lang='lat' dir='ltr'><strong>Homerus</strong></span> <span class='ocrx_word' id='word_1_198' title='bbox 1259 2549 1343 2615; x_wconf 86' lang='lat' dir='ltr'><strong>dicit</strong></span> 
     </span>
     <span class='ocr_line' id='line_1_23' title="bbox 146 2653 1341 2741; baseline 0.005 -26"><span class='ocrx_word' id='word_1_199' title='bbox 146 2653 347 2732; x_wconf 86' lang='grc' dir='ltr'><strong><em>μαρμαίρειν,</em></strong></span> <span class='ocrx_word' id='word_1_200' title='bbox 375 2654 644 2737; x_wconf 87' lang='lat' dir='ltr'><strong>quemadmodum</strong></span> <span class='ocrx_word' id='word_1_201' title='bbox 669 2655 703 2719; x_wconf 83' lang='lat' dir='ltr'><strong>ri</strong></span> <span class='ocrx_word' id='word_1_202' title='bbox 728 2658 793 2737; x_wconf 78' lang='grc' dir='ltr'><strong>φῶς</strong></span> <span class='ocrx_word' id='word_1_203' title='bbox 818 2657 972 2741; x_wconf 84' lang='lat' dir='ltr'><strong>expressit</strong></span> <span class='ocrx_word' id='word_1_204' title='bbox 994 2655 1158 2722; x_wconf 88' lang='lat' dir='ltr'><strong>interdum</strong></span> <span class='ocrx_word' id='word_1_205' title='bbox 1178 2676 1235 2741; x_wconf 89' lang='lat' dir='ltr'><strong>per</strong></span> <span class='ocrx_word' id='word_1_206' title='bbox 1253 2654 1341 2732; x_wconf 73' lang='grc' dir='ltr'><strong><em>δρίος,</em></strong></span> 
     </span>
     <span class='ocr_line' id='line_1_24' title="bbox 147 2760 1342 2850; baseline 0.003 -26"><span class='ocrx_word' id='word_1_207' title='bbox 147 2761 297 2845; x_wconf 88' lang='lat' dir='ltr'><strong>qnoniam</strong></span> <span class='ocrx_word' id='word_1_208' title='bbox 328 2761 456 2845; x_wconf 88' lang='lat' dir='ltr'><strong>utrique</strong></span> <span class='ocrx_word' id='word_1_209' title='bbox 487 2760 641 2826; x_wconf 79' lang='lat' dir='ltr'><strong>vocabulo</strong></span> <span class='ocrx_word' id='word_1_210' title='bbox 674 2761 869 2827; x_wconf 85' lang='lat' dir='ltr'><strong>discernendi</strong></span> <span class='ocrx_word' id='word_1_211' title='bbox 900 2760 1093 2850; x_wconf 81' lang='lat' dir='ltr'><strong>significatio</strong></span> <span class='ocrx_word' id='word_1_212' title='bbox 1115 2764 1213 2838; x_wconf 87' lang='lat' dir='ltr'><strong>inest,</strong></span> <span class='ocrx_word' id='word_1_213' title='bbox 1239 2782 1342 2847; x_wconf 84' lang='lat' dir='ltr'><strong>quern</strong></span> 
     </span>
     <span class='ocr_line' id='line_1_25' title="bbox 146 2864 1342 2956; baseline 0.003 -25"><span class='ocrx_word' id='word_1_214' title='bbox 146 2864 229 2932; x_wconf 88' lang='lat' dir='ltr'><strong>lucis</strong></span> <span class='ocrx_word' id='word_1_215' title='bbox 257 2869 290 2932; x_wconf 90' lang='lat' dir='ltr'><strong>et</strong></span> <span class='ocrx_word' id='word_1_216' title='bbox 318 2864 446 2932; x_wconf 89' lang='lat' dir='ltr'><strong>lucendi</strong></span> <span class='ocrx_word' id='word_1_217' title='bbox 474 2870 633 2952; x_wconf 87' lang='lat' dir='ltr'><strong>propriam</strong></span> <span class='ocrx_word' id='word_1_218' title='bbox 658 2873 690 2932; x_wconf 91' lang='lat' dir='ltr'><strong>et</strong></span> <span class='ocrx_word' id='word_1_219' title='bbox 713 2869 802 2953; x_wconf 88' lang='lat' dir='ltr'><strong>qussi</strong></span> <span class='ocrx_word' id='word_1_220' title='bbox 825 2871 1054 2956; x_wconf 80' lang='lat' dir='ltr'><strong>primigeniam</strong></span> <span class='ocrx_word' id='word_1_221' title='bbox 1077 2870 1144 2934; x_wconf 87' lang='lat' dir='ltr'><strong>iam</strong></span> <span class='ocrx_word' id='word_1_222' title='bbox 1167 2868 1227 2933; x_wconf 93' lang='lat' dir='ltr'><strong>sibi</strong></span> <span class='ocrx_word' id='word_1_223' title='bbox 1253 2889 1342 2946; x_wconf 86' lang='lat' dir='ltr'><strong>sese,</strong></span> 
     </span>
     <span class='ocr_line' id='line_1_26' title="bbox 148 2972 1345 3059; baseline 0.003 -22"><span class='ocrx_word' id='word_1_224' title='bbox 148 3010 190 3023; x_wconf 91' lang='lat'>-</span> <span class='ocrx_word' id='word_1_225' title='bbox 221 2978 258 3037; x_wconf 91' lang='lat' dir='ltr'><strong>ut</strong></span> <span class='ocrx_word' id='word_1_226' title='bbox 288 2979 397 3059; x_wconf 84' lang='lat' dir='ltr'><strong>postes</strong></span> <span class='ocrx_word' id='word_1_227' title='bbox 427 2972 609 3059; x_wconf 88' lang='lat' dir='ltr'><strong>philosophi</strong></span> <span class='ocrx_word' id='word_1_228' title='bbox 640 2974 815 3039; x_wconf 88' lang='lat' dir='ltr'><strong>docuerunt</strong></span> <span class='ocrx_word' id='word_1_229' title='bbox 846 3012 905 3058; x_wconf 92' lang='lat'><strong>-,</strong></span> <span class='ocrx_word' id='word_1_230' title='bbox 935 2977 982 3040; x_wconf 84' lang='lat' dir='ltr'><strong>ita</strong></span> <span class='ocrx_word' id='word_1_231' title='bbox 1013 2972 1161 3040; x_wconf 78' lang='lat' dir='ltr'><strong>declaret.</strong></span> <span class='ocrx_word' id='word_1_232' title='bbox 1210 2973 1345 3041; x_wconf 81' lang='lat' dir='ltr'><strong>Scilicet</strong></span> 
     </span>
     <span class='ocr_line' id='line_1_27' title="bbox 146 3078 1343 3168; baseline 0.003 -25"><span class='ocrx_word' id='word_1_233' title='bbox 146 3081 333 3160; x_wconf 86' lang='grc' dir='ltr'><strong><em>μαρμαίρειν</em></strong></span> <span class='ocrx_word' id='word_1_234' title='bbox 364 3086 396 3144; x_wconf 90' lang='lat' dir='ltr'><strong>et</strong></span> <span class='ocrx_word' id='word_1_235' title='bbox 425 3078 624 3167; x_wconf 85' lang='lat' dir='ltr'><strong>Porphyrius</strong></span> <span class='ocrx_word' id='word_1_236' title='bbox 655 3085 686 3144; x_wconf 88' lang='lat' dir='ltr'><strong>et</strong></span> <span class='ocrx_word' id='word_1_237' title='bbox 716 3079 823 3164; x_wconf 89' lang='lat' dir='ltr'><strong>plures</strong></span> <span class='ocrx_word' id='word_1_238' title='bbox 846 3079 902 3145; x_wconf 86' lang='lat' dir='ltr'><strong>alii</strong></span> <span class='ocrx_word' id='word_1_239' title='bbox 925 3083 1151 3168; x_wconf 81' lang='lat' dir='ltr'><strong>grammatici,</strong></span> <span class='ocrx_word' id='word_1_240' title='bbox 1177 3080 1343 3166; x_wconf 83' lang='lat' dir='ltr'><strong>quandam</strong></span> 
     </span>
     <span class='ocr_line' id='line_1_28' title="bbox 147 3184 1345 3274; baseline 0.002 -23"><span class='ocrx_word' id='word_1_241' title='bbox 147 3188 216 3251; x_wconf 88' lang='lat' dir='ltr'><strong>soni</strong></span> <span class='ocrx_word' id='word_1_242' title='bbox 246 3184 433 3251; x_wconf 89' lang='lat' dir='ltr'><strong>affinitatem</strong></span> <span class='ocrx_word' id='word_1_243' title='bbox 465 3188 584 3263; x_wconf 89' lang='lat' dir='ltr'><strong>secuti,</strong></span> <span class='ocrx_word' id='word_1_244' title='bbox 615 3205 687 3251; x_wconf 89' lang='lat' dir='ltr'><strong>cum</strong></span> <span class='ocrx_word' id='word_1_245' title='bbox 720 3186 809 3267; x_wconf 75' lang='grc' dir='ltr'><strong><em>μέρος</em></strong></span> <span class='ocrx_word' id='word_1_246' title='bbox 841 3191 873 3250; x_wconf 91' lang='lat' dir='ltr'><strong>et</strong></span> <span class='ocrx_word' id='word_1_247' title='bbox 907 3186 1039 3267; x_wconf 82' lang='grc' dir='ltr'><strong><em>μερίζειν</em></strong></span> <span class='ocrx_word' id='word_1_248' title='bbox 1075 3187 1270 3274; x_wconf 79' lang='lat' dir='ltr'><strong>iungebant,</strong></span> <span class='ocrx_word' id='word_1_249' title='bbox 1309 3193 1345 3253; x_wconf 88' lang='lat' dir='ltr'><strong>et</strong></span> 
     </span>
     <span class='ocr_line' id='line_1_29' title="bbox 147 3291 1343 3378; baseline 0.002 -20"><span class='ocrx_word' id='word_1_250' title='bbox 147 3295 193 3358; x_wconf 90' lang='lat' dir='ltr'><strong>sic</strong></span> <span class='ocrx_word' id='word_1_251' title='bbox 217 3291 288 3363; x_wconf 76' lang='grc' dir='ltr'><strong><em>δρίος</em></strong></span> <span class='ocrx_word' id='word_1_252' title='bbox 312 3291 454 3357; x_wconf 89' lang='lat' dir='ltr'><strong>eiusdem</strong></span> <span class='ocrx_word' id='word_1_253' title='bbox 476 3293 610 3378; x_wconf 78' lang='lat' dir='ltr'><strong>originis</strong></span> <span class='ocrx_word' id='word_1_254' title='bbox 633 3312 671 3357; x_wconf 86' lang='lat' dir='ltr'><strong>ec</strong></span> <span class='ocrx_word' id='word_1_255' title='bbox 695 3295 861 3376; x_wconf 86' lang='lat' dir='ltr'><strong>potestatis</strong></span> <span class='ocrx_word' id='word_1_256' title='bbox 884 3297 978 3378; x_wconf 88' lang='lat' dir='ltr'><strong>atque</strong></span> <span class='ocrx_word' id='word_1_257' title='bbox 998 3291 1102 3374; x_wconf 81' lang='grc' dir='ltr'><strong><em>δαίζω,</em></strong></span> <span class='ocrx_word' id='word_1_258' title='bbox 1121 3293 1249 3368; x_wconf 81' lang='grc' dir='ltr'><strong><em>δαίιμαι</em></strong></span> <span class='ocrx_word' id='word_1_259' title='bbox 1271 3313 1343 3360; x_wconf 87' lang='lat' dir='ltr'><strong>esse</strong></span> 
     </span>
     <span class='ocr_line' id='line_1_30' title="bbox 145 3397 1342 3484; baseline 0 -19"><span class='ocrx_word' id='word_1_260' title='bbox 145 3404 178 3465; x_wconf 91' lang='lat' dir='ltr'><strong>et</strong></span> <span class='ocrx_word' id='word_1_261' title='bbox 201 3398 370 3465; x_wconf 77' lang='lat' dir='ltr'><strong>credebant</strong></span> <span class='ocrx_word' id='word_1_262' title='bbox 393 3406 425 3461; x_wconf 88' lang='lat' dir='ltr'><strong>et</strong></span> <span class='ocrx_word' id='word_1_263' title='bbox 447 3397 609 3463; x_wconf 87' lang='lat' dir='ltr'><strong>docebant.</strong></span> <span class='ocrx_word' id='word_1_264' title='bbox 634 3397 720 3464; x_wconf 90' lang='lat' dir='ltr'><strong>Hinc</strong></span> <span class='ocrx_word' id='word_1_265' title='bbox 744 3418 868 3484; x_wconf 88' lang='lat' dir='ltr'><strong>quoque</strong></span> <span class='ocrx_word' id='word_1_266' title='bbox 888 3399 1066 3464; x_wconf 89' lang='lat' dir='ltr'><strong>remedium</strong></span> <span class='ocrx_word' id='word_1_267' title='bbox 1086 3418 1202 3483; x_wconf 86' lang='lat' dir='ltr'><strong>queero</strong></span> <span class='ocrx_word' id='word_1_268' title='bbox 1215 3419 1342 3475; x_wconf 88' lang='lat' dir='ltr'><strong>eorum,</strong></span> 
     </span>
     <span class='ocr_line' id='line_1_31' title="bbox 145 3502 1343 3592; baseline 0.003 -22"><span class='ocrx_word' id='word_1_269' title='bbox 145 3525 226 3590; x_wconf 83' lang='lat' dir='ltr'><strong>quse</strong></span> <span class='ocrx_word' id='word_1_270' title='bbox 245 3502 340 3589; x_wconf 86' lang='lat' dir='ltr'><strong>paulo</strong></span> <span class='ocrx_word' id='word_1_271' title='bbox 363 3523 459 3588; x_wconf 87' lang='lat' dir='ltr'><strong>supra</strong></span> <span class='ocrx_word' id='word_1_272' title='bbox 481 3503 518 3589; x_wconf 82' lang='lat'><strong>(1.</strong></span> <span class='ocrx_word' id='word_1_273' title='bbox 538 3502 596 3585; x_wconf 79' lang='lat'><strong>24)</strong></span> <span class='ocrx_word' id='word_1_274' title='bbox 619 3504 788 3592; x_wconf 81' lang='lat' dir='ltr'><strong>leguntur,</strong></span> <span class='ocrx_word' id='word_1_275' title='bbox 812 3506 869 3569; x_wconf 90' lang='lat' dir='ltr'><strong>ubi</strong></span> <span class='ocrx_word' id='word_1_276' title='bbox 889 3506 922 3569; x_wconf 90' lang='lat' dir='ltr'><strong>in</strong></span> <span class='ocrx_word' id='word_1_277' title='bbox 944 3505 1092 3569; x_wconf 89' lang='lat' dir='ltr'><strong>omnibus</strong></span> <span class='ocrx_word' id='word_1_278' title='bbox 1114 3504 1228 3572; x_wconf 87' lang='lat' dir='ltr'><strong>lecune</strong></span> <span class='ocrx_word' id='word_1_279' title='bbox 1252 3513 1343 3573; x_wconf 87' lang='lat' dir='ltr'><strong>certa</strong></span> 
     </span>
     <span class='ocr_line' id='line_1_32' title="bbox 145 3608 1343 3695; baseline 0.003 -20"><span class='ocrx_word' id='word_1_280' title='bbox 145 3616 203 3687; x_wconf 86' lang='lat' dir='ltr'><strong>est,</strong></span> <span class='ocrx_word' id='word_1_281' title='bbox 228 3629 300 3695; x_wconf 87' lang='lat' dir='ltr'><strong>spes</strong></span> <span class='ocrx_word' id='word_1_282' title='bbox 323 3609 454 3674; x_wconf 86' lang='lat' dir='ltr'><strong>lacunae</strong></span> <span class='ocrx_word' id='word_1_283' title='bbox 472 3608 644 3695; x_wconf 80' lang='lat' dir='ltr'><strong>explendae</strong></span> <span class='ocrx_word' id='word_1_284' title='bbox 663 3613 820 3676; x_wconf 88' lang='lat' dir='ltr'><strong>incertior.</strong></span> <span class='ocrx_word' id='word_1_285' title='bbox 847 3608 951 3675; x_wconf 87' lang='lat' dir='ltr'><strong>Verbe</strong></span> <span class='ocrx_word' id='word_1_286' title='bbox 974 3610 1061 3675; x_wconf 87' lang='lat' dir='ltr'><strong>dico:</strong></span> <span class='ocrx_word' id='word_1_287' title='bbox 1084 3647 1103 3661; x_wconf 93' lang='lat'><em>-</em></span> <span class='ocrx_word' id='word_1_288' title='bbox 1118 3613 1343 3693; x_wconf 84' lang='grc' dir='ltr'><strong><em>-μαρμαίρειν</em></strong></span> 
     </span>
     <span class='ocr_line' id='line_1_33' title="bbox 145 3711 1341 3799; baseline 0.003 -19"><span class='ocrx_word' id='word_1_289' title='bbox 145 3716 247 3794; x_wconf 76' lang='grc' dir='ltr'><strong><em>λέγειν</em></strong></span> <span class='ocrx_word' id='word_1_290' title='bbox 277 3716 311 3780; x_wconf 75' lang='grc' dir='ltr'><strong>τί</strong></span> <span class='ocrx_word' id='word_1_291' title='bbox 343 3713 502 3799; x_wconf 69' lang='grc' dir='ltr'><strong><em>λάμπειν,</em></strong></span> <span class='ocrx_word' id='word_1_292' title='bbox 526 3711 544 3778; x_wconf 75' lang='grc' dir='ltr'><strong><em>ί</em></strong></span> <span class='ocrx_word' id='word_1_293' title='bbox 565 3716 629 3779; x_wconf 84' lang='grc' dir='ltr'><strong><em>έατι</em></strong></span> <span class='ocrx_word' id='word_1_294' title='bbox 654 3714 784 3796; x_wconf 87' lang='grc' dir='ltr'><strong><em>μερίζειν</em></strong></span> <span class='ocrx_word' id='word_1_295' title='bbox 808 3715 860 3780; x_wconf 79' lang='grc' dir='ltr'><strong><em>καί</em></strong></span> <span class='ocrx_word' id='word_1_296' title='bbox 887 3718 1025 3799; x_wconf 72' lang='grc' dir='ltr'><strong><em>διαιρεῖν,</em></strong></span> <span class='ocrx_word' id='word_1_297' title='bbox 1048 3715 1119 3795; x_wconf 68' lang='grc' dir='ltr'><strong>ἐφ’</strong></span> <span class='ocrx_word' id='word_1_298' title='bbox 1144 3712 1186 3783; x_wconf 82' lang='grc' dir='ltr'><strong><em>αὖ</em></strong></span> <span class='ocrx_word' id='word_1_299' title='bbox 1208 3720 1244 3783; x_wconf 79' lang='grc' dir='ltr'><strong>τὸ</strong></span> <span class='ocrx_word' id='word_1_300' title='bbox 1268 3719 1341 3784; x_wconf 72' lang='grc' dir='ltr'><strong><em>δια·</em></strong></span> 
     </span>
     <span class='ocr_line' id='line_1_34' title="bbox 147 3821 1343 3907; baseline 0.006 -21"><span class='ocrx_word' id='word_1_301' title='bbox 147 3821 263 3903; x_wconf 85' lang='grc' dir='ltr'><strong><em>κρίνειν.</em></strong></span> <span class='ocrx_word' id='word_1_302' title='bbox 310 3822 395 3888; x_wconf 80' lang='lat' dir='ltr'><strong>Num</strong></span> <span class='ocrx_word' id='word_1_303' title='bbox 427 3821 504 3907; x_wconf 88' lang='lat' dir='ltr'><strong>quid</strong></span> <span class='ocrx_word' id='word_1_304' title='bbox 533 3821 593 3887; x_wconf 93' lang='lat' dir='ltr'><strong>hoc</strong></span> <span class='ocrx_word' id='word_1_305' title='bbox 624 3824 756 3887; x_wconf 87' lang='lat' dir='ltr'><strong>monstri</strong></span> <span class='ocrx_word' id='word_1_306' title='bbox 784 3829 849 3888; x_wconf 87' lang='lat' dir='ltr'><strong>est:</strong></span> <span class='ocrx_word' id='word_1_307' title='bbox 874 3821 995 3902; x_wconf 76' lang='grc' dir='ltr'><strong><em>διαιρεῖν</em></strong></span> <span class='ocrx_word' id='word_1_308' title='bbox 1019 3822 1103 3889; x_wconf 88' lang='lat' dir='ltr'><strong>unde</strong></span> <span class='ocrx_word' id='word_1_309' title='bbox 1128 3823 1265 3890; x_wconf 88' lang='lat' dir='ltr'><strong>ductum</strong></span> <span class='ocrx_word' id='word_1_310' title='bbox 1289 3833 1343 3893; x_wconf 88' lang='lat' dir='ltr'><strong>est</strong></span> 
     </span>
     <span class='ocr_line' id='line_1_35' title="bbox 146 3924 1342 4015; baseline 0.003 -24"><span class='ocrx_word' id='word_1_311' title='bbox 146 3929 181 3993; x_wconf 78' lang='grc' dir='ltr'><strong>τὸ</strong></span> <span class='ocrx_word' id='word_1_312' title='bbox 212 3924 391 4006; x_wconf 78' lang='grc' dir='ltr'><strong><em>διακρίνειιί</em></strong></span> <span class='ocrx_word' id='word_1_313' title='bbox 414 3927 498 4004; x_wconf 83' lang='lat' dir='ltr'><strong>Aut,</strong></span> <span class='ocrx_word' id='word_1_314' title='bbox 526 3928 632 3994; x_wconf 82' lang='lat' dir='ltr'><strong>verbis</strong></span> <span class='ocrx_word' id='word_1_315' title='bbox 654 3927 747 3993; x_wconf 86' lang='lat' dir='ltr'><strong>aliter</strong></span> <span class='ocrx_word' id='word_1_316' title='bbox 770 3931 962 4006; x_wconf 86' lang='lat' dir='ltr'><strong>coniunctis,</strong></span> <span class='ocrx_word' id='word_1_317' title='bbox 987 3929 1173 4011; x_wconf 88' lang='grc' dir='ltr'><strong><em>μαρμαίρειν</em></strong></span> <span class='ocrx_word' id='word_1_318' title='bbox 1198 3966 1219 3980; x_wconf 96' lang='grc'><strong>-</strong></span> <span class='ocrx_word' id='word_1_319' title='bbox 1233 3967 1253 3981; x_wconf 95' lang='grc'><strong>-</strong></span> <span class='ocrx_word' id='word_1_320' title='bbox 1276 3933 1342 4015; x_wconf 68' lang='grc' dir='ltr'><strong>ἀφ’</strong></span> 
     </span>
     <span class='ocr_line' id='line_1_36' title="bbox 147 4030 1343 4125; baseline 0.006 -25"><span class='ocrx_word' id='word_1_321' title='bbox 147 4031 180 4099; x_wconf 84' lang='grc' dir='ltr'><strong><em>αὖ</em></strong></span> <span class='ocrx_word' id='word_1_322' title='bbox 202 4035 237 4100; x_wconf 78' lang='lat' dir='ltr'><strong>rt</strong></span> <span class='ocrx_word' id='word_1_323' title='bbox 261 4031 438 4111; x_wconf 80' lang='grc' dir='ltr'><strong><em>διακρίνεινί</em></strong></span> <span class='ocrx_word' id='word_1_324' title='bbox 461 4034 566 4099; x_wconf 91' lang='lat' dir='ltr'><strong>Immo</strong></span> <span class='ocrx_word' id='word_1_325' title='bbox 589 4053 663 4100; x_wconf 88' lang='lat' dir='ltr'><strong>vero</strong></span> <span class='ocrx_word' id='word_1_326' title='bbox 686 4030 809 4116; x_wconf 76' lang='grc' dir='ltr'><strong><em>αφ”ιῦ</em></strong></span> <span class='ocrx_word' id='word_1_327' title='bbox 828 4035 962 4102; x_wconf 88' lang='lat' dir='ltr'><strong>verbum</strong></span> <span class='ocrx_word' id='word_1_328' title='bbox 983 4034 1194 4103; x_wconf 89' lang='lat' dir='ltr'><strong>Homericum</strong></span> <span class='ocrx_word' id='word_1_329' title='bbox 1216 4042 1343 4125; x_wconf 90' lang='lat' dir='ltr'><strong>requiri</strong></span> 
     </span>
    </p>
   </div>
   <div class='ocr_carea' id='block_1_3' title="bbox 144 4275 1344 4454">
    <p class='ocr_par' dir='ltr' id='par_1_3' title="bbox 144 4275 1344 4454">
     <span class='ocr_line' id='line_1_37' title="bbox 181 4275 1344 4375; baseline 0.008 -19"><span class='ocrx_word' id='word_1_330' title='bbox 181 4306 207 4368; x_wconf 88' lang='lat'><strong>1)</strong></span> <span class='ocrx_word' id='word_1_331' title='bbox 226 4305 256 4355; x_wconf 90' lang='lat' dir='ltr'><strong>ln</strong></span> <span class='ocrx_word' id='word_1_332' title='bbox 273 4304 362 4353; x_wconf 85' lang='lat' dir='ltr'><strong>Veneto</strong></span> <span class='ocrx_word' id='word_1_333' title='bbox 377 4304 398 4351; x_wconf 88' lang='lat' dir='ltr'>B</span> <span class='ocrx_word' id='word_1_334' title='bbox 413 4301 532 4352; x_wconf 85' lang='lat' dir='ltr'><strong>indicante</strong></span> <span class='ocrx_word' id='word_1_335' title='bbox 546 4302 669 4352; x_wconf 81' lang='lat' dir='ltr'><strong>Dindorflo</strong></span> <span class='ocrx_word' id='word_1_336' title='bbox 682 4307 718 4352; x_wconf 82' lang='lat' dir='ltr'><strong>est</strong></span> <span class='ocrx_word' id='word_1_337' title='bbox 731 4275 806 4364; x_wconf 51' lang='grc' dir='ltr'><strong>φυη,</strong></span> <span class='ocrx_word' id='word_1_338' title='bbox 820 4305 882 4353; x_wconf 85' lang='lat' dir='ltr'><strong>unde</strong></span> <span class='ocrx_word' id='word_1_339' title='bbox 896 4304 949 4354; x_wconf 81' lang='lat' dir='ltr'><strong>vitii</strong></span> <span class='ocrx_word' id='word_1_340' title='bbox 962 4305 1030 4370; x_wconf 70' lang='lat' dir='ltr'><strong>oligo</strong></span> <span class='ocrx_word' id='word_1_341' title='bbox 1045 4307 1144 4357; x_wconf 68' lang='lat' dir='ltr'><strong>temese</strong></span> <span class='ocrx_word' id='word_1_342' title='bbox 1152 4307 1344 4375; x_wconf 75' lang='lat' dir='ltr'><strong>explicationem</strong></span> 
     </span>
     <span class='ocr_line' id='line_1_38' title="bbox 144 4387 236 4454; baseline -0.011 -16"><span class='ocrx_word' id='word_1_343' title='bbox 144 4387 236 4454; x_wconf 84' lang='lat' dir='ltr'><strong>accipit.</strong></span> 
     </span>
    </p>
   </div>
   <div class='ocr_carea' id='block_1_4' title="bbox 0 0 1494 4950">
    <p class='ocr_par' dir='ltr' id='par_1_4' title="bbox 0 0 1494 4950">
     <span class='ocr_line' id='line_1_39' title="bbox 0 0 1494 4950; baseline 0 1"><span class='ocrx_word' id='word_1_344' title='bbox 0 0 1494 4950; x_wconf 95' lang='lat' dir='ltr'><strong> </strong></span> 
     </span>
    </p>
   </div>
  </div>
 </body>
</html>
