<?xml version="1.0" encoding="UTF-8"?>
<!DOCTYPE html PUBLIC "-//W3C//DTD XHTML 1.0 Transitional//EN"
    "http://www.w3.org/TR/xhtml1/DTD/xhtml1-transitional.dtd">
<html xmlns="http://www.w3.org/1999/xhtml" xml:lang="en" lang="en">
 <head>
  <title>
</title>
<meta http-equiv="Content-Type" content="text/html;charset=utf-8" />
  <meta name='ocr-system' content='tesseract 3.04.00' />
  <meta name='ocr-capabilities' content='ocr_page ocr_carea ocr_par ocr_line ocrx_word'/>
</head>
<body>
  <div class='ocr_page' id='page_1' title='image "./adodysseameiusq00polagoog_0543.png"; bbox 0 0 2978 4950; ppageno 0'>
   <div class='ocr_carea' id='block_1_1' title="bbox 708 142 773 210">
    <p class='ocr_par' dir='ltr' id='par_1_1' title="bbox 708 142 773 210">
     <span class='ocr_line' id='line_1_1' title="bbox 708 142 773 210; baseline 0.015 -1"><span class='ocrx_word' id='word_1_1' title='bbox 708 142 773 210; x_wconf 81' lang='lat'><strong>500</strong></span> 
     </span>
    </p>
   </div>
   <div class='ocr_carea' id='block_1_2' title="bbox 145 331 1334 742">
    <p class='ocr_par' dir='ltr' id='par_1_2' title="bbox 145 331 1334 742">
     <span class='ocr_line' id='line_1_2' title="bbox 145 331 1331 420; baseline -0.004 -16"><span class='ocrx_word' id='word_1_2' title='bbox 145 341 256 414; x_wconf 77' lang='grc' dir='ltr'><strong><em>Ἑρμοῦ</em></strong></span> <span class='ocrx_word' id='word_1_3' title='bbox 288 338 402 417; x_wconf 71' lang='grc' dir='ltr'><strong><em>ψήφων</em></strong></span> <span class='ocrx_word' id='word_1_4' title='bbox 435 338 561 410; x_wconf 76' lang='grc' dir='ltr'><strong><em>πλῆθος.</em></strong></span> <span class='ocrx_word' id='word_1_5' title='bbox 609 333 779 420; x_wconf 81' lang='lat' dir='ltr'>Sequitur:</span> <span class='ocrx_word' id='word_1_6' title='bbox 804 331 867 399; x_wconf 76' lang='grc' dir='ltr'><strong><em>ὅθεν</em></strong></span> <span class='ocrx_word' id='word_1_7' title='bbox 893 335 945 400; x_wconf 78' lang='grc' dir='ltr'><strong><em>καί</em></strong></span> <span class='ocrx_word' id='word_1_8' title='bbox 972 333 1043 407; x_wconf 83' lang='grc' dir='ltr'><strong><em>τοὺς</em></strong></span> <span class='ocrx_word' id='word_1_9' title='bbox 1066 333 1241 414; x_wconf 72' lang='grc' dir='ltr'><strong><em>θνθριίπους</em></strong></span> <span class='ocrx_word' id='word_1_10' title='bbox 1263 332 1331 415; x_wconf 71' lang='grc' dir='ltr'><strong><em>ἄχρι</em></strong></span> 
     </span>
     <span class='ocr_line' id='line_1_3' title="bbox 145 440 1332 522; baseline -0.003 -13"><span class='ocrx_word' id='word_1_11' title='bbox 145 448 198 509; x_wconf 81' lang='grc' dir='ltr'><strong>τοῦ</strong></span> <span class='ocrx_word' id='word_1_12' title='bbox 234 448 284 509; x_wconf 78' lang='grc' dir='ltr'><strong>νῦν</strong></span> <span class='ocrx_word' id='word_1_13' title='bbox 308 445 350 515; x_wconf 85' lang='grc' dir='ltr'><strong>είς</strong></span> <span class='ocrx_word' id='word_1_14' title='bbox 375 445 468 521; x_wconf 75' lang='grc' dir='ltr'><strong><em>τιμίιν</em></strong></span> <span class='ocrx_word' id='word_1_15' title='bbox 493 446 606 522; x_wconf 82' lang='grc' dir='ltr'><strong><em>Ἑρμοῦ</em></strong></span> <span class='ocrx_word' id='word_1_16' title='bbox 631 440 715 506; x_wconf 72' lang='grc' dir='ltr'><strong><em>κατὰ</em></strong></span> <span class='ocrx_word' id='word_1_17' title='bbox 743 442 802 512; x_wconf 76' lang='grc' dir='ltr'><strong><em>τοὶς</em></strong></span> <span class='ocrx_word' id='word_1_18' title='bbox 826 441 909 515; x_wconf 57' lang='lat' dir='ltr'><strong>stota</strong></span> <span class='ocrx_word' id='word_1_19' title='bbox 936 481 979 492; x_wconf 94' lang='lat'>-</span> <span class='ocrx_word' id='word_1_20' title='bbox 1003 441 1115 522; x_wconf 79' lang='grc' dir='ltr'><strong><em>σωροὺς</em></strong></span> <span class='ocrx_word' id='word_1_21' title='bbox 1136 450 1235 507; x_wconf 76' lang='grc' dir='ltr'><strong><em>ποιεῖν</em></strong></span> <span class='ocrx_word' id='word_1_22' title='bbox 1253 442 1332 506; x_wconf 82' lang='grc' dir='ltr'><strong><em>λίθοιν</em></strong></span> 
     </span>
     <span class='ocr_line' id='line_1_4' title="bbox 146 549 1331 631; baseline -0.003 -15"><span class='ocrx_word' id='word_1_23' title='bbox 146 553 197 617; x_wconf 77' lang='grc' dir='ltr'><strong><em>καί</em></strong></span> <span class='ocrx_word' id='word_1_24' title='bbox 229 549 395 628; x_wconf 71' lang='grc' dir='ltr'><em>διάγοντας</em></span> <span class='ocrx_word' id='word_1_25' title='bbox 418 549 640 630; x_wconf 67' lang='grc' dir='ltr'><strong>,προσβάλλειν</strong></span> <span class='ocrx_word' id='word_1_26' title='bbox 669 549 786 627; x_wconf 86' lang='grc' dir='ltr'><strong><em>λίθους,</em></strong></span> <span class='ocrx_word' id='word_1_27' title='bbox 812 549 864 614; x_wconf 84' lang='grc' dir='ltr'><strong><em>καί</em></strong></span> <span class='ocrx_word' id='word_1_28' title='bbox 889 550 1014 622; x_wconf 79' lang='grc' dir='ltr'><strong><em>τούτους</em></strong></span> <span class='ocrx_word' id='word_1_29' title='bbox 1040 557 1151 615; x_wconf 75' lang='grc' dir='ltr'><strong><em>καλεῖν</em></strong></span> <span class='ocrx_word' id='word_1_30' title='bbox 1176 550 1331 631; x_wconf 84' lang='grc' dir='ltr'><strong><em>Ἑρμαίους</em></strong></span> 
     </span>
     <span class='ocr_line' id='line_1_5' title="bbox 146 654 1334 742; baseline -0.002 -20"><span class='ocrx_word' id='word_1_31' title='bbox 146 656 273 739; x_wconf 88' lang='grc' dir='ltr'><strong><em>λθφους.</em></strong></span> <span class='ocrx_word' id='word_1_32' title='bbox 299 654 435 723; x_wconf 80' lang='lat' dir='ltr'><strong>Orodem</strong></span> <span class='ocrx_word' id='word_1_33' title='bbox 462 656 608 722; x_wconf 90' lang='lat' dir='ltr'><strong>homines</strong></span> <span class='ocrx_word' id='word_1_34' title='bbox 631 660 753 720; x_wconf 81' lang='lat' dir='ltr'><strong>struem</strong></span> <span class='ocrx_word' id='word_1_35' title='bbox 775 655 937 742; x_wconf 75' lang='lat' dir='ltr'>lapidibus</span> <span class='ocrx_word' id='word_1_36' title='bbox 959 659 1086 723; x_wconf 84' lang='lat' dir='ltr'><strong>auxisse</strong></span> <span class='ocrx_word' id='word_1_37' title='bbox 1100 662 1334 739; x_wconf 69' lang='lat' dir='ltr'><strong>praetereuntes.-</strong></span> 
     </span>
    </p>
   </div>
   <div class='ocr_carea' id='block_1_3' title="bbox 143 762 1334 2872">
    <p class='ocr_par' dir='ltr' id='par_1_3' title="bbox 143 762 1334 2872">
     <span class='ocr_line' id='line_1_6' title="bbox 146 762 1334 845; baseline 0 -17"><span class='ocrx_word' id='word_1_38' title='bbox 146 764 198 829; x_wconf 83' lang='grc' dir='ltr'><strong><em>καί</em></strong></span> <span class='ocrx_word' id='word_1_39' title='bbox 223 764 448 844; x_wconf 91' lang='grc' dir='ltr'><strong><em>παριθντας</em></strong></span> <span class='ocrx_word' id='word_1_40' title='bbox 474 764 686 845; x_wconf 72' lang='grc' dir='ltr'><strong><em>προσβάλλειν</em></strong></span> <span class='ocrx_word' id='word_1_41' title='bbox 712 763 823 836; x_wconf 92' lang='grc' dir='ltr'><strong><em>λίθους.</em></strong></span> <span class='ocrx_word' id='word_1_42' title='bbox 848 762 940 844; x_wconf 79' lang='lat' dir='ltr'><strong>Quod</strong></span> <span class='ocrx_word' id='word_1_43' title='bbox 964 762 1132 829; x_wconf 82' lang='lat' dir='ltr'><strong>confirmet</strong></span> <span class='ocrx_word' id='word_1_44' title='bbox 1152 762 1334 829; x_wconf 85' lang='lat' dir='ltr'><strong>Phuruutus</strong></span> 
     </span>
     <span class='ocr_line' id='line_1_7' title="bbox 145 869 1332 958; baseline -0.003 -21"><span class='ocrx_word' id='word_1_45' title='bbox 145 870 334 958; x_wconf 74' lang='lat' dir='ltr'><strong>(Cornutus)</strong></span> <span class='ocrx_word' id='word_1_46' title='bbox 356 892 387 957; x_wconf 88' lang='lat' dir='ltr'><strong>p.</strong></span> <span class='ocrx_word' id='word_1_47' title='bbox 415 869 479 936; x_wconf 89' lang='grc'><strong>168</strong></span> <span class='ocrx_word' id='word_1_48' title='bbox 504 870 604 936; x_wconf 83' lang='lat' dir='ltr'><strong>Gale:</strong></span> <span class='ocrx_word' id='word_1_49' title='bbox 625 871 841 949; x_wconf 81' lang='grc' dir='ltr'><strong><em>προσαρειίουσι</em></strong></span> <span class='ocrx_word' id='word_1_50' title='bbox 863 870 895 936; x_wconf 79' lang='grc' dir='ltr'><strong>δέ</strong></span> <span class='ocrx_word' id='word_1_51' title='bbox 914 871 985 941; x_wconf 87' lang='grc' dir='ltr'><strong><em>τοὺς</em></strong></span> <span class='ocrx_word' id='word_1_52' title='bbox 1003 871 1105 941; x_wconf 90' lang='grc' dir='ltr'><strong><em>λίθους</em></strong></span> <span class='ocrx_word' id='word_1_53' title='bbox 1118 876 1184 942; x_wconf 79' lang='grc' dir='ltr'><strong><em>τοῖς</em></strong></span> <span class='ocrx_word' id='word_1_54' title='bbox 1198 877 1332 951; x_wconf 78' lang='grc' dir='ltr'><strong><em>Ἐρμαῖς,</em></strong></span> 
     </span>
     <span class='ocr_line' id='line_1_8' title="bbox 145 972 1333 1060; baseline 0.002 -20"><span class='ocrx_word' id='word_1_55' title='bbox 145 972 274 1048; x_wconf 78' lang='grc' dir='ltr'><strong><em>ἕκαστος</em></strong></span> <span class='ocrx_word' id='word_1_56' title='bbox 310 983 369 1042; x_wconf 83' lang='grc' dir='ltr'><strong>τῶν</strong></span> <span class='ocrx_word' id='word_1_57' title='bbox 404 977 570 1060; x_wconf 81' lang='grc' dir='ltr'><strong><em>παριέντων</em></strong></span> <span class='ocrx_word' id='word_1_58' title='bbox 609 974 664 1041; x_wconf 78' lang='grc' dir='ltr'><strong><em>ἕνα</em></strong></span> <span class='ocrx_word' id='word_1_59' title='bbox 699 976 769 1046; x_wconf 84' lang='grc' dir='ltr'><strong><em>τινοὶ</em></strong></span> <span class='ocrx_word' id='word_1_60' title='bbox 802 980 906 1049; x_wconf 81' lang='grc' dir='ltr'><strong><em>αὐτοῖς</em></strong></span> <span class='ocrx_word' id='word_1_61' title='bbox 941 977 1124 1057; x_wconf 89' lang='grc' dir='ltr'><strong><em>προστιθείς.</em></strong></span> <span class='ocrx_word' id='word_1_62' title='bbox 1173 975 1333 1044; x_wconf 73' lang='lat' dir='ltr'><strong>Caeterum</strong></span> 
     </span>
     <span class='ocr_line' id='line_1_9' title="bbox 145 1082 1332 1171; baseline 0.001 -23"><span class='ocrx_word' id='word_1_63' title='bbox 145 1082 312 1149; x_wconf 71' lang='lat' dir='ltr'><strong>historiola</strong></span> <span class='ocrx_word' id='word_1_64' title='bbox 334 1089 441 1150; x_wconf 90' lang='lat' dir='ltr'><strong>nostra</strong></span> <span class='ocrx_word' id='word_1_65' title='bbox 464 1087 499 1150; x_wconf 91' lang='lat' dir='ltr'><strong>in</strong></span> <span class='ocrx_word' id='word_1_66' title='bbox 524 1082 579 1165; x_wconf 79' lang='lat' dir='ltr'><strong>QV</strong></span> <span class='ocrx_word' id='word_1_67' title='bbox 604 1082 803 1149; x_wconf 81' lang='lat' dir='ltr'><strong>Anticlidem</strong></span> <span class='ocrx_word' id='word_1_68' title='bbox 823 1093 986 1151; x_wconf 82' lang='lat' dir='ltr'><strong>auctorem</strong></span> <span class='ocrx_word' id='word_1_69' title='bbox 1005 1085 1123 1151; x_wconf 87' lang='lat' dir='ltr'><strong>habere</strong></span> <span class='ocrx_word' id='word_1_70' title='bbox 1145 1085 1332 1171; x_wconf 72' lang='lat' dir='ltr'><strong>perhibetur,</strong></span> 
     </span>
     <span class='ocr_line' id='line_1_10' title="bbox 144 1189 1332 1278; baseline -0.001 -23"><span class='ocrx_word' id='word_1_71' title='bbox 144 1189 359 1278; x_wconf 78' lang='lat' dir='ltr'><strong>Etymologus</strong></span> <span class='ocrx_word' id='word_1_72' title='bbox 389 1190 518 1256; x_wconf 93' lang='lat' dir='ltr'><strong>nullum</strong></span> <span class='ocrx_word' id='word_1_73' title='bbox 547 1211 663 1256; x_wconf 91' lang='lat' dir='ltr'><strong>nomen</strong></span> <span class='ocrx_word' id='word_1_74' title='bbox 686 1190 870 1276; x_wconf 77' lang='lat' dir='ltr'><strong>adscripsit,</strong></span> <span class='ocrx_word' id='word_1_75' title='bbox 894 1192 949 1256; x_wconf 90' lang='lat' dir='ltr'><strong>sed</strong></span> <span class='ocrx_word' id='word_1_76' title='bbox 973 1191 1135 1278; x_wconf 87' lang='lat' dir='ltr'><strong>praecedit</strong></span> <span class='ocrx_word' id='word_1_77' title='bbox 1160 1190 1247 1277; x_wconf 84' lang='lat' dir='ltr'><strong>apud</strong></span> <span class='ocrx_word' id='word_1_78' title='bbox 1267 1209 1332 1256; x_wconf 86' lang='lat' dir='ltr'><strong>curn</strong></span> 
     </span>
     <span class='ocr_line' id='line_1_11' title="bbox 145 1296 1333 1383; baseline -0.001 -20"><span class='ocrx_word' id='word_1_79' title='bbox 145 1296 209 1363; x_wconf 87' lang='lat' dir='ltr'><strong>alia</strong></span> <span class='ocrx_word' id='word_1_80' title='bbox 240 1299 395 1382; x_wconf 86' lang='lat' dir='ltr'><strong>narratio,</strong></span> <span class='ocrx_word' id='word_1_81' title='bbox 426 1318 506 1382; x_wconf 89' lang='lat' dir='ltr'><strong>quae</strong></span> <span class='ocrx_word' id='word_1_82' title='bbox 537 1319 554 1363; x_wconf 91' lang='lat' dir='ltr'><strong>e</strong></span> <span class='ocrx_word' id='word_1_83' title='bbox 577 1297 708 1362; x_wconf 89' lang='lat' dir='ltr'><strong>Xantho</strong></span> <span class='ocrx_word' id='word_1_84' title='bbox 732 1304 880 1383; x_wconf 85' lang='lat' dir='ltr'><strong>excerpta</strong></span> <span class='ocrx_word' id='word_1_85' title='bbox 901 1298 1030 1364; x_wconf 87' lang='lat' dir='ltr'><strong>dicitur.</strong></span> <span class='ocrx_word' id='word_1_86' title='bbox 1055 1301 1268 1379; x_wconf 77' lang='grc' dir='ltr'><strong><em>Ἑρμαῖον·</em></strong></span> <span class='ocrx_word' id='word_1_87' title='bbox 1289 1297 1333 1362; x_wconf 81' lang='grc' dir='ltr'><strong>τίν</strong></span> 
     </span>
     <span class='ocr_line' id='line_1_12' title="bbox 146 1401 1332 1490; baseline 0.001 -23"><span class='ocrx_word' id='word_1_88' title='bbox 146 1403 228 1482; x_wconf 84' lang='grc' dir='ltr'><strong><em>σορδν</em></strong></span> <span class='ocrx_word' id='word_1_89' title='bbox 266 1405 324 1490; x_wconf 89' lang='lat' dir='ltr'><strong>(sic</strong></span> <span class='ocrx_word' id='word_1_90' title='bbox 360 1423 408 1488; x_wconf 83' lang='lat' dir='ltr'><strong>ep.</strong></span> <span class='ocrx_word' id='word_1_91' title='bbox 441 1401 532 1490; x_wconf 81' lang='lat' dir='ltr'><strong>Sylb.</strong></span> <span class='ocrx_word' id='word_1_92' title='bbox 566 1423 622 1489; x_wconf 91' lang='lat' dir='ltr'><strong>pro</strong></span> <span class='ocrx_word' id='word_1_93' title='bbox 655 1403 760 1489; x_wconf 79' lang='grc' dir='ltr'><strong><em>σωρὸν)</em></strong></span> <span class='ocrx_word' id='word_1_94' title='bbox 796 1410 853 1469; x_wconf 82' lang='grc' dir='ltr'><strong>τῶν</strong></span> <span class='ocrx_word' id='word_1_95' title='bbox 889 1405 996 1490; x_wconf 83' lang='grc' dir='ltr'><strong><em>λίθων,</em></strong></span> <span class='ocrx_word' id='word_1_96' title='bbox 1029 1405 1081 1470; x_wconf 80' lang='grc' dir='ltr'><strong><em>καί</em></strong></span> <span class='ocrx_word' id='word_1_97' title='bbox 1114 1404 1248 1476; x_wconf 87' lang='grc' dir='ltr'><strong><em>συνθλυς</em></strong></span> <span class='ocrx_word' id='word_1_98' title='bbox 1272 1403 1332 1474; x_wconf 77' lang='grc' dir='ltr'><strong><em>τοὺς</em></strong></span> 
     </span>
     <span class='ocr_line' id='line_1_13' title="bbox 146 1509 1332 1590; baseline 0.002 -18"><span class='ocrx_word' id='word_1_99' title='bbox 146 1509 272 1581; x_wconf 77' lang='grc' dir='ltr'><strong><em>ἐνοδίους</em></strong></span> <span class='ocrx_word' id='word_1_100' title='bbox 304 1510 416 1580; x_wconf 91' lang='grc' dir='ltr'><strong><em>λίθους.</em></strong></span> <span class='ocrx_word' id='word_1_101' title='bbox 450 1511 538 1587; x_wconf 72' lang='grc' dir='ltr'><strong><em>λέγει</em></strong></span> <span class='ocrx_word' id='word_1_102' title='bbox 570 1509 601 1574; x_wconf 77' lang='grc' dir='ltr'><strong>δὲ</strong></span> <span class='ocrx_word' id='word_1_103' title='bbox 633 1510 700 1590; x_wconf 85' lang='grc' dir='ltr'><strong><em>περί</em></strong></span> <span class='ocrx_word' id='word_1_104' title='bbox 734 1512 833 1576; x_wconf 79' lang='grc' dir='ltr'><strong><em>αὐτῶν</em></strong></span> <span class='ocrx_word' id='word_1_105' title='bbox 867 1511 995 1590; x_wconf 80' lang='grc' dir='ltr'><strong><em>Ξοίνθος,</em></strong></span> <span class='ocrx_word' id='word_1_106' title='bbox 1029 1511 1075 1577; x_wconf 79' lang='grc' dir='ltr'><strong>ὅτι</strong></span> <span class='ocrx_word' id='word_1_107' title='bbox 1100 1512 1332 1582; x_wconf 73' lang='grc' dir='ltr'><strong><em>αποιιτείναυτος</em></strong></span> 
     </span>
     <span class='ocr_line' id='line_1_14' title="bbox 144 1616 1332 1698; baseline -0.001 -16"><span class='ocrx_word' id='word_1_108' title='bbox 144 1619 257 1697; x_wconf 80' lang='grc' dir='ltr'><strong><em>Ἑρμοῦ</em></strong></span> <span class='ocrx_word' id='word_1_109' title='bbox 289 1618 340 1681; x_wconf 80' lang='grc' dir='ltr'><strong>τὸν</strong></span> <span class='ocrx_word' id='word_1_110' title='bbox 369 1619 504 1697; x_wconf 74' lang='grc' dir='ltr'><strong><em>Ἄργον,</em></strong></span> <span class='ocrx_word' id='word_1_111' title='bbox 539 1616 591 1680; x_wconf 84' lang='grc' dir='ltr'><strong><em>καί</em></strong></span> <span class='ocrx_word' id='word_1_112' title='bbox 628 1616 715 1688; x_wconf 84' lang='grc' dir='ltr'><strong><em>δίκας</em></strong></span> <span class='ocrx_word' id='word_1_113' title='bbox 746 1619 1006 1697; x_wconf 84' lang='grc' dir='ltr'><strong><em>είσπραττομένου</em></strong></span> <span class='ocrx_word' id='word_1_114' title='bbox 1037 1618 1091 1683; x_wconf 80' lang='grc' dir='ltr'><strong><em>καί</em></strong></span> <span class='ocrx_word' id='word_1_115' title='bbox 1117 1618 1332 1698; x_wconf 76' lang='grc' dir='ltr'><strong><em>ὑπέχοντοςέν</em></strong></span> 
     </span>
     <span class='ocr_line' id='line_1_15' title="bbox 146 1720 1332 1809; baseline 0.001 -23"><span class='ocrx_word' id='word_1_116' title='bbox 146 1731 209 1794; x_wconf 80' lang='grc' dir='ltr'><strong><em>τοῖς</em></strong></span> <span class='ocrx_word' id='word_1_117' title='bbox 241 1723 316 1795; x_wconf 80' lang='grc' dir='ltr'><strong><em>θεοῖς</em></strong></span> <span class='ocrx_word' id='word_1_118' title='bbox 349 1721 399 1787; x_wconf 79' lang='grc' dir='ltr'><strong><em>δια</em></strong></span> <span class='ocrx_word' id='word_1_119' title='bbox 430 1725 465 1787; x_wconf 81' lang='grc' dir='ltr'><strong>τὸ</strong></span> <span class='ocrx_word' id='word_1_120' title='bbox 490 1729 605 1802; x_wconf 84' lang='grc' dir='ltr'><strong><em>πρῶτον</em></strong></span> <span class='ocrx_word' id='word_1_121' title='bbox 629 1720 773 1803; x_wconf 77' lang='grc' dir='ltr'><strong><em>ἅψασθαι</em></strong></span> <span class='ocrx_word' id='word_1_122' title='bbox 798 1726 1015 1809; x_wconf 82' lang='grc' dir='ltr'><strong><em>(,,οὶνθρυπείου</em></strong></span> <span class='ocrx_word' id='word_1_123' title='bbox 1039 1725 1135 1800; x_wconf 88' lang='grc' dir='ltr'><strong><em>φθνου</em></strong></span> <span class='ocrx_word' id='word_1_124' title='bbox 1160 1724 1214 1790; x_wconf 82' lang='lat' dir='ltr'><strong>vel</strong></span> <span class='ocrx_word' id='word_1_125' title='bbox 1236 1723 1332 1789; x_wconf 87' lang='lat' dir='ltr'><strong>similo</strong></span> 
     </span>
     <span class='ocr_line' id='line_1_16' title="bbox 146 1827 1331 1919; baseline 0.001 -25"><span class='ocrx_word' id='word_1_126' title='bbox 146 1828 245 1915; x_wconf 91' lang='lat' dir='ltr'><strong>qnid’&#39;</strong></span> <span class='ocrx_word' id='word_1_127' title='bbox 282 1827 495 1915; x_wconf 90' lang='lat' dir='ltr'><strong>supplendum</strong></span> <span class='ocrx_word' id='word_1_128' title='bbox 532 1850 598 1895; x_wconf 90' lang='lat' dir='ltr'><strong>esse</strong></span> <span class='ocrx_word' id='word_1_129' title='bbox 633 1830 717 1895; x_wconf 85' lang='lat' dir='ltr'><strong>vidit</strong></span> <span class='ocrx_word' id='word_1_130' title='bbox 760 1828 987 1919; x_wconf 79' lang='lat' dir='ltr'><strong>Sylburgius)‚</strong></span> <span class='ocrx_word' id='word_1_131' title='bbox 1033 1830 1126 1903; x_wconf 86' lang='grc' dir='ltr'><strong><em>τοὺς</em></strong></span> <span class='ocrx_word' id='word_1_132' title='bbox 1172 1830 1331 1900; x_wconf 80' lang='grc' dir='ltr'><strong><em>λοιποὺς</em></strong></span> 
     </span>
     <span class='ocr_line' id='line_1_17' title="bbox 145 1932 1331 2018; baseline -0.003 -16"><span class='ocrx_word' id='word_1_133' title='bbox 145 1936 476 2018; x_wconf 73' lang='grc' dir='ltr'><strong><em>ἀφοσιουμένους</em></strong></span> <span class='ocrx_word' id='word_1_134' title='bbox 514 1936 555 2000; x_wconf 79' lang='grc' dir='ltr'><strong>τί</strong></span> <span class='ocrx_word' id='word_1_135' title='bbox 590 1932 690 2013; x_wconf 71' lang='grc' dir='ltr'><strong><em>ἄγος</em></strong></span> <span class='ocrx_word' id='word_1_136' title='bbox 727 1936 793 2000; x_wconf 84' lang='grc' dir='ltr'><strong><em>καί</em></strong></span> <span class='ocrx_word' id='word_1_137' title='bbox 828 1936 1092 2010; x_wconf 78' lang='grc' dir='ltr'><strong><em>οίπολιίουτας</em></strong></span> <span class='ocrx_word' id='word_1_138' title='bbox 1123 1942 1195 2002; x_wconf 82' lang='grc' dir='ltr'><strong>τοῦ</strong></span> <span class='ocrx_word' id='word_1_139' title='bbox 1219 1936 1331 2018; x_wconf 89' lang='grc' dir='ltr'><strong><em>φθνου</em></strong></span> 
     </span>
     <span class='ocr_line' id='line_1_18' title="bbox 145 2041 1330 2128; baseline -0.002 -21"><span class='ocrx_word' id='word_1_140' title='bbox 145 2041 432 2122; x_wconf 87' lang='grc' dir='ltr'><strong><em>προσβοίλλειν</em></strong></span> <span class='ocrx_word' id='word_1_141' title='bbox 467 2043 572 2120; x_wconf 79' lang='grc' dir='ltr'><strong><em>αὐτῷ</em></strong></span> <span class='ocrx_word' id='word_1_142' title='bbox 609 2043 680 2115; x_wconf 76' lang='grc' dir='ltr'><strong><em>τέιν</em></strong></span> <span class='ocrx_word' id='word_1_143' title='bbox 715 2047 852 2123; x_wconf 75' lang='grc' dir='ltr'><strong><em>ψῆφον</em></strong></span> <span class='ocrx_word' id='word_1_144' title='bbox 884 2045 1019 2128; x_wconf 88' lang='lat' dir='ltr'><strong>(immo:</strong></span> <span class='ocrx_word' id='word_1_145' title='bbox 1050 2044 1245 2125; x_wconf 73' lang='grc' dir='ltr'><strong><em>προσβαλεῖν</em></strong></span> <span class='ocrx_word' id='word_1_146' title='bbox 1268 2044 1330 2108; x_wconf 77' lang='lat' dir='ltr'><strong>abr.</strong></span> 
     </span>
     <span class='ocr_line' id='line_1_19' title="bbox 143 2145 1330 2236; baseline 0 -21"><span class='ocrx_word' id='word_1_147' title='bbox 143 2151 202 2223; x_wconf 80' lang='grc' dir='ltr'><strong><em>τοὶς</em></strong></span> <span class='ocrx_word' id='word_1_148' title='bbox 234 2150 395 2233; x_wconf 80' lang='grc' dir='ltr'><strong><em>ψοίφους)·</em></strong></span> <span class='ocrx_word' id='word_1_149' title='bbox 419 2145 483 2213; x_wconf 76' lang='grc' dir='ltr'><strong><em>ὅθεν</em></strong></span> <span class='ocrx_word' id='word_1_150' title='bbox 507 2147 660 2223; x_wconf 86' lang='grc' dir='ltr'><strong><em>διαμένειν</em></strong></span> <span class='ocrx_word' id='word_1_151' title='bbox 685 2147 730 2213; x_wconf 79' lang='grc' dir='ltr'><strong>ἔτι</strong></span> <span class='ocrx_word' id='word_1_152' title='bbox 754 2149 806 2213; x_wconf 78' lang='grc' dir='ltr'><strong><em>καί</em></strong></span> <span class='ocrx_word' id='word_1_153' title='bbox 832 2153 892 2214; x_wconf 81' lang='grc' dir='ltr'><strong><em>νῦν.</em></strong></span> <span class='ocrx_word' id='word_1_154' title='bbox 916 2147 1047 2221; x_wconf 84' lang='grc' dir='ltr'><strong><em>Ἰλιοίδος</em></strong></span> <span class='ocrx_word' id='word_1_155' title='bbox 1072 2151 1107 2214; x_wconf 85' lang='grc' dir='ltr'><strong>π’</strong></span> <span class='ocrx_word' id='word_1_156' title='bbox 1131 2151 1252 2236; x_wconf 84' lang='lat' dir='ltr'><strong>(errore</strong></span> <span class='ocrx_word' id='word_1_157' title='bbox 1274 2153 1330 2216; x_wconf 83' lang='lat' dir='ltr'><strong>iem</strong></span> 
     </span>
     <span class='ocr_line' id='line_1_20' title="bbox 145 2255 1330 2341; baseline -0.003 -18"><span class='ocrx_word' id='word_1_158' title='bbox 145 2258 184 2323; x_wconf 89' lang='lat' dir='ltr'><strong>ab</strong></span> <span class='ocrx_word' id='word_1_159' title='bbox 218 2255 365 2321; x_wconf 78' lang='lat' dir='ltr'><strong>Albertio</strong></span> <span class='ocrx_word' id='word_1_160' title='bbox 396 2261 505 2321; x_wconf 88' lang='lat' dir='ltr'><strong>notato</strong></span> <span class='ocrx_word' id='word_1_161' title='bbox 537 2276 593 2341; x_wconf 88' lang='lat' dir='ltr'><strong>pro</strong></span> <span class='ocrx_word' id='word_1_162' title='bbox 618 2255 815 2340; x_wconf 79' lang='grc' dir='ltr'><strong><em>Ὀδυσσείας)</em></strong></span> <span class='ocrx_word' id='word_1_163' title='bbox 840 2256 903 2335; x_wconf 73' lang='lat' dir='ltr'><strong>„so</strong></span> <span class='ocrx_word' id='word_1_164' title='bbox 928 2264 1075 2336; x_wconf 82' lang='grc' dir='ltr'><strong><em>Ἑρμαῖος</em></strong></span> <span class='ocrx_word' id='word_1_165' title='bbox 1099 2258 1198 2337; x_wconf 86' lang='grc' dir='ltr'><strong><em>λθφος</em></strong></span> <span class='ocrx_word' id='word_1_166' title='bbox 1224 2255 1330 2321; x_wconf 82' lang='grc' dir='ltr'><strong><em>έστίν.”</em></strong></span> 
     </span>
     <span class='ocr_line' id='line_1_21' title="bbox 145 2362 1331 2442; baseline 0.001 -15"><span class='ocrx_word' id='word_1_167' title='bbox 145 2362 248 2442; x_wconf 84' lang='lat' dir='ltr'><strong>Quam</strong></span> <span class='ocrx_word' id='word_1_168' title='bbox 274 2364 316 2426; x_wconf 90' lang='lat' dir='ltr'><strong>sit</strong></span> <span class='ocrx_word' id='word_1_169' title='bbox 339 2362 416 2426; x_wconf 87' lang='lat' dir='ltr'><strong>haee</strong></span> <span class='ocrx_word' id='word_1_170' title='bbox 440 2362 564 2428; x_wconf 83' lang='lat' dir='ltr'><strong>Xanthi</strong></span> <span class='ocrx_word' id='word_1_171' title='bbox 588 2367 745 2429; x_wconf 83' lang='lat' dir='ltr'><strong>enarratio</strong></span> <span class='ocrx_word' id='word_1_172' title='bbox 768 2364 970 2431; x_wconf 81' lang='lat' dir='ltr'><strong>Anticlideae</strong></span> <span class='ocrx_word' id='word_1_173' title='bbox 993 2365 1180 2439; x_wconf 88' lang='lat' dir='ltr'><strong>simillima,</strong></span> <span class='ocrx_word' id='word_1_174' title='bbox 1204 2365 1282 2431; x_wconf 87' lang='lat' dir='ltr'><strong>adeo</strong></span> <span class='ocrx_word' id='word_1_175' title='bbox 1300 2369 1331 2430; x_wconf 91' lang='lat' dir='ltr'><strong>ut</strong></span> 
     </span>
     <span class='ocr_line' id='line_1_22' title="bbox 145 2469 1329 2556; baseline 0 -23"><span class='ocrx_word' id='word_1_176' title='bbox 145 2469 177 2533; x_wconf 91' lang='lat' dir='ltr'><strong>in</strong></span> <span class='ocrx_word' id='word_1_177' title='bbox 202 2469 392 2552; x_wconf 90' lang='lat' dir='ltr'><strong>quibusdam</strong></span> <span class='ocrx_word' id='word_1_178' title='bbox 418 2469 456 2533; x_wconf 90' lang='lat' dir='ltr'><strong>ad</strong></span> <span class='ocrx_word' id='word_1_179' title='bbox 483 2469 613 2533; x_wconf 88' lang='lat' dir='ltr'><strong>verbum</strong></span> <span class='ocrx_word' id='word_1_180' title='bbox 639 2472 667 2534; x_wconf 91' lang='lat' dir='ltr'><strong>ci</strong></span> <span class='ocrx_word' id='word_1_181' title='bbox 692 2472 895 2555; x_wconf 85' lang='lat' dir='ltr'><strong>respondeat,</strong></span> <span class='ocrx_word' id='word_1_182' title='bbox 920 2475 1082 2536; x_wconf 89' lang='lat' dir='ltr'><strong>neminem</strong></span> <span class='ocrx_word' id='word_1_183' title='bbox 1102 2470 1203 2536; x_wconf 89' lang='lat' dir='ltr'><strong>latere</strong></span> <span class='ocrx_word' id='word_1_184' title='bbox 1224 2477 1329 2556; x_wconf 84' lang='lat' dir='ltr'><strong>potest.</strong></span> 
     </span>
     <span class='ocr_line' id='line_1_23' title="bbox 146 2575 1331 2664; baseline 0.003 -25"><span class='ocrx_word' id='word_1_185' title='bbox 146 2575 237 2640; x_wconf 88' lang='lat' dir='ltr'><strong>Unde</strong></span> <span class='ocrx_word' id='word_1_186' title='bbox 269 2576 372 2641; x_wconf 86' lang='lat' dir='ltr'><strong>facilis</strong></span> <span class='ocrx_word' id='word_1_187' title='bbox 404 2577 564 2641; x_wconf 84' lang='lat' dir='ltr'><strong>conclusio</strong></span> <span class='ocrx_word' id='word_1_188' title='bbox 597 2585 659 2647; x_wconf 81' lang='lat' dir='ltr'><strong>est,</strong></span> <span class='ocrx_word' id='word_1_189' title='bbox 687 2586 742 2642; x_wconf 88' lang='lat' dir='ltr'><strong>aut</strong></span> <span class='ocrx_word' id='word_1_190' title='bbox 767 2578 958 2643; x_wconf 90' lang='lat' dir='ltr'><strong>alterutrum</strong></span> <span class='ocrx_word' id='word_1_191' title='bbox 981 2579 1118 2644; x_wconf 88' lang='lat' dir='ltr'><strong>alterum</strong></span> <span class='ocrx_word' id='word_1_192' title='bbox 1140 2581 1331 2664; x_wconf 81' lang='lat' dir='ltr'><strong>exscripsisse</strong></span> 
     </span>
     <span class='ocr_line' id='line_1_24' title="bbox 148 2681 1331 2766; baseline 0.005 -22"><span class='ocrx_word' id='word_1_193' title='bbox 148 2688 203 2745; x_wconf 90' lang='lat' dir='ltr'><strong>aut</strong></span> <span class='ocrx_word' id='word_1_194' title='bbox 230 2720 268 2728; x_wconf 95' lang='lat'>—</span> <span class='ocrx_word' id='word_1_195' title='bbox 296 2685 380 2766; x_wconf 86' lang='lat' dir='ltr'><strong>qnod</strong></span> <span class='ocrx_word' id='word_1_196' title='bbox 413 2681 464 2748; x_wconf 89' lang='lat' dir='ltr'><strong>vel</strong></span> <span class='ocrx_word' id='word_1_197' title='bbox 497 2683 711 2748; x_wconf 86' lang='lat' dir='ltr'><strong>verosimilius</strong></span> <span class='ocrx_word' id='word_1_198' title='bbox 736 2722 776 2732; x_wconf 87' lang='lat'>—</span> <span class='ocrx_word' id='word_1_199' title='bbox 802 2705 839 2749; x_wconf 82' lang='lat' dir='ltr'><strong>ex</strong></span> <span class='ocrx_word' id='word_1_200' title='bbox 871 2684 981 2749; x_wconf 91' lang='lat' dir='ltr'><strong>eodem</strong></span> <span class='ocrx_word' id='word_1_201' title='bbox 1006 2685 1093 2749; x_wconf 84' lang='lat' dir='ltr'><strong>fonte</strong></span> <span class='ocrx_word' id='word_1_202' title='bbox 1117 2707 1176 2751; x_wconf 93' lang='lat' dir='ltr'><strong>sua</strong></span> <span class='ocrx_word' id='word_1_203' title='bbox 1200 2687 1331 2752; x_wconf 85' lang='lat' dir='ltr'><strong>hausisse</strong></span> 
     </span>
     <span class='ocr_line' id='line_1_25' title="bbox 149 2794 332 2872; baseline 0.016 -20"><span class='ocrx_word' id='word_1_204' title='bbox 149 2794 332 2872; x_wconf 90' lang='lat' dir='ltr'><strong>utrumque.</strong></span> 
     </span>
    </p>
   </div>
   <div class='ocr_carea' id='block_1_4' title="bbox 149 2999 1332 3407">
    <p class='ocr_par' dir='ltr' id='par_1_4' title="bbox 149 2999 1332 3407">
     <span class='ocr_line' id='line_1_26' title="bbox 195 2999 1330 3085; baseline 0 -21"><span class='ocrx_word' id='word_1_205' title='bbox 195 3025 236 3077; x_wconf 86' lang='grc' dir='ltr'><strong>ιτ,</strong></span> <span class='ocrx_word' id='word_1_206' title='bbox 262 2999 337 3065; x_wconf 79' lang='grc'><strong>477.</strong></span> <span class='ocrx_word' id='word_1_207' title='bbox 385 3001 523 3064; x_wconf 80' lang='lat' dir='ltr'><strong>Subrisit</strong></span> <span class='ocrx_word' id='word_1_208' title='bbox 560 3000 770 3064; x_wconf 80' lang='lat' dir='ltr'><strong>Telemachus</strong></span> <span class='ocrx_word' id='word_1_209' title='bbox 806 3002 834 3071; x_wconf 78' lang='grc' dir='ltr'><strong><em>ές</em></strong></span> <span class='ocrx_word' id='word_1_210' title='bbox 871 3001 982 3080; x_wconf 75' lang='grc' dir='ltr'><strong><em>πατέρ’</em></strong></span> <span class='ocrx_word' id='word_1_211' title='bbox 1017 3002 1227 3081; x_wconf 77' lang='grc' dir='ltr'><strong><em>ὀφθαλμοῖσιν</em></strong></span> <span class='ocrx_word' id='word_1_212' title='bbox 1258 3003 1330 3085; x_wconf 66' lang='lat' dir='ltr'><strong>lton,</strong></span> 
     </span>
     <span class='ocr_line' id='line_1_27' title="bbox 149 3107 1330 3192; baseline -0.001 -21"><span class='ocrx_word' id='word_1_213' title='bbox 149 3108 267 3171; x_wconf 70' lang='grc' dir='ltr'><strong><em>ἀλέεινε</em></strong></span> <span class='ocrx_word' id='word_1_214' title='bbox 291 3108 317 3170; x_wconf 90' lang='grc' dir='ltr'><strong>δ’</strong></span> <span class='ocrx_word' id='word_1_215' title='bbox 343 3107 487 3187; x_wconf 81' lang='grc' dir='ltr'><strong><em>ὑφορβόν.</em></strong></span> <span class='ocrx_word' id='word_1_216' title='bbox 512 3108 724 3192; x_wconf 85' lang='lat' dir='ltr'><strong>Exponuntur</strong></span> <span class='ocrx_word' id='word_1_217' title='bbox 749 3107 881 3172; x_wconf 91' lang='lat' dir='ltr'><strong>ultima:</strong></span> <span class='ocrx_word' id='word_1_218' title='bbox 907 3107 1063 3187; x_wconf 71' lang='grc' dir='ltr'><strong><em>ἐξέφυγε,</em></strong></span> <span class='ocrx_word' id='word_1_219' title='bbox 1090 3113 1133 3185; x_wconf 74' lang='grc' dir='ltr'><strong>μὴ</strong></span> <span class='ocrx_word' id='word_1_220' title='bbox 1161 3117 1273 3188; x_wconf 72' lang='grc' dir='ltr'><strong><em>γνῶσιν</em></strong></span> <span class='ocrx_word' id='word_1_221' title='bbox 1294 3108 1330 3174; x_wconf 77' lang='grc' dir='ltr'><strong>ἔτι</strong></span> 
     </span>
     <span class='ocr_line' id='line_1_28' title="bbox 149 3210 1332 3296; baseline 0.001 -18"><span class='ocrx_word' id='word_1_222' title='bbox 149 3217 201 3279; x_wconf 82' lang='grc' dir='ltr'><strong>τὸν</strong></span> <span class='ocrx_word' id='word_1_223' title='bbox 232 3213 353 3292; x_wconf 86' lang='grc' dir='ltr'><strong><em>πατέρα</em></strong></span> <span class='ocrx_word' id='word_1_224' title='bbox 385 3210 472 3276; x_wconf 85' lang='grc' dir='ltr'><strong><em>είδεν.</em></strong></span> <span class='ocrx_word' id='word_1_225' title='bbox 509 3213 566 3296; x_wconf 86' lang='lat' dir='ltr'><strong>(H)</strong></span> <span class='ocrx_word' id='word_1_226' title='bbox 600 3213 867 3277; x_wconf 84' lang='lat' dir='ltr'><strong>Rescribeudum:</strong></span> <span class='ocrx_word' id='word_1_227' title='bbox 902 3216 946 3290; x_wconf 72' lang='grc' dir='ltr'><strong>μίι</strong></span> <span class='ocrx_word' id='word_1_228' title='bbox 972 3218 1047 3295; x_wconf 72' lang='grc' dir='ltr'><strong>γνῷ</strong></span> <span class='ocrx_word' id='word_1_229' title='bbox 1072 3211 1118 3279; x_wconf 80' lang='grc' dir='ltr'><strong>έτι</strong></span> <span class='ocrx_word' id='word_1_230' title='bbox 1144 3217 1197 3281; x_wconf 78' lang='grc' dir='ltr'><strong>τὸν</strong></span> <span class='ocrx_word' id='word_1_231' title='bbox 1222 3217 1332 3296; x_wconf 78' lang='grc' dir='ltr'><strong><em>πατέρα</em></strong></span> 
     </span>
     <span class='ocr_line' id='line_1_29' title="bbox 149 3316 1047 3407; baseline 0 -22"><span class='ocrx_word' id='word_1_232' title='bbox 149 3316 272 3397; x_wconf 84' lang='grc' dir='ltr'><strong><em>οἶδεν,</em></strong></span> <span class='ocrx_word' id='word_1_233' title='bbox 298 3342 337 3385; x_wconf 90' lang='lat' dir='ltr'><strong>ne</strong></span> <span class='ocrx_word' id='word_1_234' title='bbox 360 3321 520 3385; x_wconf 84' lang='lat' dir='ltr'><strong>Eumaeus</strong></span> <span class='ocrx_word' id='word_1_235' title='bbox 545 3322 641 3396; x_wconf 89' lang='lat' dir='ltr'><strong>sciat,</strong></span> <span class='ocrx_word' id='word_1_236' title='bbox 668 3341 700 3383; x_wconf 92' lang='lat' dir='ltr'><strong>se</strong></span> <span class='ocrx_word' id='word_1_237' title='bbox 724 3327 846 3404; x_wconf 88' lang='lat' dir='ltr'><strong>patrem</strong></span> <span class='ocrx_word' id='word_1_238' title='bbox 872 3324 1047 3407; x_wconf 80' lang='lat' dir='ltr'><strong>agnovisse.</strong></span> 
     </span>
    </p>
   </div>
   <div class='ocr_carea' id='block_1_5' title="bbox 149 3530 1338 4364">
    <p class='ocr_par' dir='ltr' id='par_1_5' title="bbox 149 3530 1338 4364">
     <span class='ocr_line' id='line_1_30' title="bbox 195 3530 1334 3609; baseline 0.002 -16"><span class='ocrx_word' id='word_1_239' title='bbox 195 3555 226 3609; x_wconf 81' lang='grc' dir='ltr'><strong>ρ,</strong></span> <span class='ocrx_word' id='word_1_240' title='bbox 254 3530 329 3595; x_wconf 88' lang='grc'><strong>160.</strong></span> <span class='ocrx_word' id='word_1_241' title='bbox 376 3532 429 3597; x_wconf 80' lang='lat' dir='ltr'><strong>Ad</strong></span> <span class='ocrx_word' id='word_1_242' title='bbox 456 3552 582 3596; x_wconf 87' lang='lat' dir='ltr'><strong>versum</strong></span> <span class='ocrx_word' id='word_1_243' title='bbox 607 3531 705 3594; x_wconf 89' lang='lat' dir='ltr'><strong>huius</strong></span> <span class='ocrx_word' id='word_1_244' title='bbox 729 3531 803 3594; x_wconf 87' lang='lat' dir='ltr'><strong>libri</strong></span> <span class='ocrx_word' id='word_1_245' title='bbox 831 3530 894 3594; x_wconf 85' lang='lat'><strong>150</strong></span> <span class='ocrx_word' id='word_1_246' title='bbox 916 3531 1020 3596; x_wconf 87' lang='lat' dir='ltr'><strong>brevis</strong></span> <span class='ocrx_word' id='word_1_247' title='bbox 1041 3531 1155 3597; x_wconf 89' lang='lat' dir='ltr'><strong>notula</strong></span> <span class='ocrx_word' id='word_1_248' title='bbox 1167 3534 1279 3598; x_wconf 87' lang='lat' dir='ltr'><strong>critica</strong></span> <span class='ocrx_word' id='word_1_249' title='bbox 1289 3533 1334 3598; x_wconf 88' lang='lat' dir='ltr'><strong>ad·</strong></span> 
     </span>
     <span class='ocr_line' id='line_1_31' title="bbox 150 3637 1335 3727; baseline 0.003 -26"><span class='ocrx_word' id='word_1_250' title='bbox 150 3638 266 3722; x_wconf 88' lang='lat' dir='ltr'><strong>scripta</strong></span> <span class='ocrx_word' id='word_1_251' title='bbox 280 3642 370 3703; x_wconf 90' lang='lat' dir='ltr'><strong>estin</strong></span> <span class='ocrx_word' id='word_1_252' title='bbox 384 3639 433 3701; x_wconf 89' lang='lat' dir='ltr'><strong>H:</strong></span> <span class='ocrx_word' id='word_1_253' title='bbox 449 3640 627 3701; x_wconf 81' lang='grc' dir='ltr'><strong><em>ιὶθετοῦνται</em></strong></span> <span class='ocrx_word' id='word_1_254' title='bbox 641 3639 679 3703; x_wconf 80' lang='grc' dir='ltr'><strong><em>ις’</em></strong></span> <span class='ocrx_word' id='word_1_255' title='bbox 693 3639 743 3701; x_wconf 89' lang='grc' dir='ltr'><strong>στί</strong></span> <span class='ocrx_word' id='word_1_256' title='bbox 743 3661 804 3716; x_wconf 86' lang='grc' dir='ltr'><strong><em>χοι.</em></strong></span> <span class='ocrx_word' id='word_1_257' title='bbox 820 3637 935 3702; x_wconf 88' lang='lat' dir='ltr'><strong>Versus</strong></span> <span class='ocrx_word' id='word_1_258' title='bbox 948 3639 1209 3705; x_wconf 88' lang='lat' dir='ltr'><strong>huiusnumerus</strong></span> <span class='ocrx_word' id='word_1_259' title='bbox 1224 3644 1335 3727; x_wconf 89' lang='lat' dir='ltr'><strong>positus</strong></span> 
     </span>
     <span class='ocr_line' id='line_1_32' title="bbox 150 3742 1333 3828; baseline 0.006 -21"><span class='ocrx_word' id='word_1_260' title='bbox 150 3752 197 3807; x_wconf 91' lang='lat' dir='ltr'><strong>est</strong></span> <span class='ocrx_word' id='word_1_261' title='bbox 222 3767 237 3809; x_wconf 88' lang='lat' dir='ltr'><strong>e</strong></span> <span class='ocrx_word' id='word_1_262' title='bbox 263 3745 451 3808; x_wconf 85' lang='lat' dir='ltr'><strong>Buttmauni</strong></span> <span class='ocrx_word' id='word_1_263' title='bbox 477 3742 693 3828; x_wconf 90' lang='lat' dir='ltr'><strong>Dindorfiique</strong></span> <span class='ocrx_word' id='word_1_264' title='bbox 719 3746 898 3809; x_wconf 89' lang='lat' dir='ltr'><strong>coniectura</strong></span> <span class='ocrx_word' id='word_1_265' title='bbox 918 3748 1101 3822; x_wconf 87' lang='lat' dir='ltr'><strong>verissima,</strong></span> <span class='ocrx_word' id='word_1_266' title='bbox 1124 3748 1333 3813; x_wconf 87' lang='lat' dir='ltr'><strong>codicibus-</strong></span> 
     </span>
     <span class='ocr_line' id='line_1_33' title="bbox 149 3850 1335 3936; baseline 0.008 -24"><span class='ocrx_word' id='word_1_267' title='bbox 149 3872 221 3915; x_wconf 88' lang='lat' dir='ltr'><strong>nam</strong></span> <span class='ocrx_word' id='word_1_268' title='bbox 254 3851 280 3929; x_wconf 76' lang='lat' dir='ltr'>Q</span> <span class='ocrx_word' id='word_1_269' title='bbox 313 3872 435 3934; x_wconf 89' lang='lat' dir='ltr'><strong>quoquc</strong></span> <span class='ocrx_word' id='word_1_270' title='bbox 468 3850 636 3915; x_wconf 90' lang='lat' dir='ltr'><strong>simillima</strong></span> <span class='ocrx_word' id='word_1_271' title='bbox 662 3852 756 3914; x_wconf 83' lang='lat' dir='ltr'><strong>habet</strong></span> <span class='ocrx_word' id='word_1_272' title='bbox 783 3890 823 3898; x_wconf 91' lang='lat'><em>-</em></span> <span class='ocrx_word' id='word_1_273' title='bbox 849 3854 882 3914; x_wconf 88' lang='lat' dir='ltr'><strong>in</strong></span> <span class='ocrx_word' id='word_1_274' title='bbox 914 3852 965 3914; x_wconf 93' lang='lat' dir='ltr'><strong>his</strong></span> <span class='ocrx_word' id='word_1_275' title='bbox 997 3857 1108 3936; x_wconf 90' lang='lat' dir='ltr'><strong>paucis</strong></span> <span class='ocrx_word' id='word_1_276' title='bbox 1139 3856 1246 3920; x_wconf 87' lang='lat' dir='ltr'><strong>verbis</strong></span> <span class='ocrx_word' id='word_1_277' title='bbox 1266 3858 1335 3920; x_wconf 83' lang='lat' dir='ltr'><strong>mire</strong></span> 
     </span>
     <span class='ocr_line' id='line_1_34' title="bbox 149 3956 1336 4044; baseline 0.007 -26"><span class='ocrx_word' id='word_1_278' title='bbox 149 3956 387 4021; x_wconf 89' lang='lat' dir='ltr'><strong>fluctuantibus.</strong></span> <span class='ocrx_word' id='word_1_279' title='bbox 413 3959 572 4023; x_wconf 83' lang='lat' dir='ltr'><strong>Adiiciam</strong></span> <span class='ocrx_word' id='word_1_280' title='bbox 597 3957 787 4022; x_wconf 87' lang='lat' dir='ltr'><strong>Buttmanni</strong></span> <span class='ocrx_word' id='word_1_281' title='bbox 813 3960 986 4044; x_wconf 85' lang='lat' dir='ltr'><strong>quaedem,</strong></span> <span class='ocrx_word' id='word_1_282' title='bbox 1012 3962 1231 4027; x_wconf 85' lang='lat' dir='ltr'><strong>coniecturam</strong></span> <span class='ocrx_word' id='word_1_283' title='bbox 1254 3984 1336 4028; x_wconf 88' lang='lat' dir='ltr'><strong>suam</strong></span> 
     </span>
     <span class='ocr_line' id='line_1_35' title="bbox 150 4062 1335 4150; baseline 0.006 -25"><span class='ocrx_word' id='word_1_284' title='bbox 150 4062 243 4127; x_wconf 91' lang='lat' dir='ltr'><strong>solita</strong></span> <span class='ocrx_word' id='word_1_285' title='bbox 279 4067 453 4150; x_wconf 85' lang='lat' dir='ltr'><strong>sagacitate</strong></span> <span class='ocrx_word' id='word_1_286' title='bbox 484 4072 514 4128; x_wconf 90' lang='lat' dir='ltr'><strong>et</strong></span> <span class='ocrx_word' id='word_1_287' title='bbox 547 4069 772 4150; x_wconf 88' lang='lat' dir='ltr'><strong>perspicuitate</strong></span> <span class='ocrx_word' id='word_1_288' title='bbox 803 4066 1072 4130; x_wconf 88' lang='lat' dir='ltr'><strong>commendantis:</strong></span> <span class='ocrx_word' id='word_1_289' title='bbox 1112 4068 1335 4144; x_wconf 79' lang='lat' dir='ltr'><strong>„Manifestum</strong></span> 
     </span>
     <span class='ocr_line' id='line_1_36' title="bbox 150 4170 1335 4257; baseline 0.004 -25"><span class='ocrx_word' id='word_1_290' title='bbox 150 4175 197 4232; x_wconf 79' lang='lat' dir='ltr'><strong>est</strong></span> <span class='ocrx_word' id='word_1_291' title='bbox 223 4191 327 4233; x_wconf 47' lang='lat' dir='ltr'><strong>scoram</strong></span> <span class='ocrx_word' id='word_1_292' title='bbox 354 4192 420 4233; x_wconf 88' lang='lat' dir='ltr'><strong>esse</strong></span> <span class='ocrx_word' id='word_1_293' title='bbox 445 4170 612 4235; x_wconf 88' lang='lat' dir='ltr'><strong>lectionem</strong></span> <span class='ocrx_word' id='word_1_294' title='bbox 639 4171 845 4237; x_wconf 87' lang='lat' dir='ltr'><strong>Harleianam</strong></span> <span class='ocrx_word' id='word_1_295' title='bbox 872 4173 931 4238; x_wconf 77' lang='grc' dir='ltr'><strong><em>ις’”</em></strong></span> <span class='ocrx_word' id='word_1_296' title='bbox 959 4175 1085 4257; x_wconf 85' lang='lat' dir='ltr'><strong>(nempe</strong></span> <span class='ocrx_word' id='word_1_297' title='bbox 1109 4173 1136 4253; x_wconf 81' lang='lat' dir='ltr'>Q</span> <span class='ocrx_word' id='word_1_298' title='bbox 1158 4175 1335 4250; x_wconf 65' lang='lat' dir='ltr'><strong>tautumrss‘</strong></span> 
     </span>
     <span class='ocr_line' id='line_1_37' title="bbox 151 4277 1338 4364; baseline 0.006 -26"><span class='ocrx_word' id='word_1_299' title='bbox 151 4295 259 4338; x_wconf 89' lang='lat' dir='ltr'><strong>versus</strong></span> <span class='ocrx_word' id='word_1_300' title='bbox 283 4277 442 4360; x_wconf 78' lang='lat' dir='ltr'><strong>damnet),</strong></span> <span class='ocrx_word' id='word_1_301' title='bbox 471 4279 544 4352; x_wconf 83' lang='lat' dir='ltr'><strong>„sed</strong></span> <span class='ocrx_word' id='word_1_302' title='bbox 569 4300 604 4344; x_wconf 89' lang='lat' dir='ltr'><strong>eo</strong></span> <span class='ocrx_word' id='word_1_303' title='bbox 630 4280 823 4344; x_wconf 87' lang='lat' dir='ltr'><strong>referendam</strong></span> <span class='ocrx_word' id='word_1_304' title='bbox 850 4281 905 4344; x_wconf 91' lang='lat' dir='ltr'><strong>ubi</strong></span> <span class='ocrx_word' id='word_1_305' title='bbox 930 4286 1038 4344; x_wconf 90' lang='lat' dir='ltr'><strong>notam</strong></span> <span class='ocrx_word' id='word_1_306' title='bbox 1062 4285 1239 4364; x_wconf 89' lang='lat' dir='ltr'><strong>poniteod.</strong></span> <span class='ocrx_word' id='word_1_307' title='bbox 1261 4283 1296 4364; x_wconf 84' lang='lat' dir='ltr'><strong>Q.</strong></span> <span class='ocrx_word' id='word_1_308' title='bbox 1311 4287 1338 4347; x_wconf 86' lang='lat' dir='ltr'><strong>et</strong></span> 
     </span>
    </p>
   </div>
   <div class='ocr_carea' id='block_1_6' title="bbox 0 0 1494 4950">
    <p class='ocr_par' dir='ltr' id='par_1_6' title="bbox 0 0 1494 4950">
     <span class='ocr_line' id='line_1_38' title="bbox 0 0 1494 4950; baseline 0 0"><span class='ocrx_word' id='word_1_309' title='bbox 0 0 1494 4950; x_wconf 95' lang='lat' dir='ltr'><strong> </strong></span> 
     </span>
    </p>
   </div>
  </div>
 </body>
</html>
