2978 4950
724 211 767 280 28

148 397 265 483 οἴλογον
290 441 333 452 -
358 399 441 488 quod
464 402 566 469 obiter
589 423 703 470 moneo
728 442 769 452 —
794 404 882 470 eliud
905 403 1114 468 infortunium
1138 417 1267 487 passum
1295 398 1347 468 est

148 509 183 574 in
216 510 328 576 eodem
354 509 527 577 Harleiano
551 512 585 575 in
603 512 645 576 iis
668 531 748 596 quas
771 513 883 576 statim
905 518 1097 595 sequuntur:
1122 507 1247 587 εἴροντο;
1272 507 1344 573 cirri

148 619 202 680 τοῦ
239 614 364 695 ἔλεγον·
401 613 464 682 ὅθεν
500 617 552 682 aci
585 618 634 696 ίροὶ
668 619 685 693 ἡ
719 617 878 692 ἐκκλησίαι.
917 613 1071 694 ἄλογοι·
1109 616 1344 693 κοοίνίροενος

149 721 228 801 γὰρ
264 723 393 795 οὐδεὶς
427 723 663 804 δοκοίζετοον,
701 744 781 809 quae
812 723 906 790 verba
929 722 1014 809 apud
1037 721 1192 787 editorem
1216 721 1344 799 οἴλίγωρ

149 826 232 893 τοίνν
268 833 376 895 omnia
411 831 590 896 referuntur
623 831 662 896 ad
697 852 745 897 vs.
782 827 867 896 570:
898 829 1023 907 ἥμενον·
1058 821 1084 894 οί
1115 829 1148 894 δέ
1178 853 1231 906 μον
1254 828 1344 909 ἀμφὶ

149 933 237 1007 disce
272 935 381 1015 εἴροντο
417 935 557 1014 οἴνοικτοο,
594 958 669 1002 cnm
703 935 775 1001 luce
809 936 925 1002 clarius
960 936 1020 1020 sit,
1055 937 1159 1021 priora
1197 941 1369 1001 untumz·

149 1040 258 1122 εἴροντο
288 1079 305 1093 ·
319 1047 379 1120 -ἡ
412 1044 563 1119 ἐκκλησίοο
595 1043 634 1109 ad
663 1043 748 1109 hunc
780 1064 907 1109 versum
941 1045 1116 1128 pertinere,
1147 1049 1271 1109 caetera
1304 1043 1345 1110 ad

151 1154 334 1233 sequentem

219 1253 320 1331 ίίκενον
344 1254 490 1329 ἑσταότες
515 1281 569 1334 τε,
595 1260 666 1320 κοτ’
691 1256 856 1335 εὐρυπυλὲς
877 1255 988 1327 Ἄϊδος
1013 1254 1071 1340 δεῖν,
1095 1257 1156 1341 (vs.
1182 1256 1262 1342 571)

154 1355 261 1445 aptius
300 1361 408 1428 referri
450 1365 498 1428 its
538 1365 670 1449 scripta:
719 1359 882 1440 οἴλορον·
927 1363 1094 1439 κοοίνίμενος
1140 1364 1204 1443 γίορ
1246 1363 1345 1436 οὐδεὶς

151 1466 322 1549 δοκοίζετοιν.
369 1467 428 1534 asc
462 1475 570 1536 tamen
603 1468 796 1535 Harleianus
828 1470 868 1535 ad
897 1469 983 1534 hunc
1016 1490 1115 1554 usque
1138 1469 1225 1535 diem
1249 1469 1347 1558 longe

151 1575 294 1659 optimus
328 1596 367 1640 ex
400 1578 442 1640 iis
474 1576 653 1653 codicibus,
682 1576 767 1640 unde
797 1582 904 1641 vetera
934 1573 1063 1641 Scholia
1093 1576 1132 1642 ad
1167 1575 1345 1663 Odysssam

150 1682 241 1747 nobis
269 1683 495 1762 innotuerunt,
527 1681 610 1746 unde
639 1684 851 1747 coniecturam
874 1682 976 1748 facere
999 1702 1170 1767 possumus
1193 1682 1232 1748 de
1255 1681 1345 1746 dete·

149 1789 272 1852 riorum
296 1786 485 1853 conditione.
510 1787 570 1851 Kci
596 1792 700 1852 τοῦτο
724 1790 781 1866 μὲν
804 1789 838 1860 δίο
863 1793 976 1852 τοῦτον.
1003 1787 1124 1854 Iterum
1148 1785 1344 1875 particulam

149 1891 211 1975 ἄροο
243 1891 430 1959 offendimus
461 1896 495 1958 in
525 1893 645 1959 scholio
676 1893 716 1960 ad
739 1896 961 1960 suavissimam
987 1902 1129 1980 partem,
1154 1895 1210 1960 ubi
1231 1893 1346 1959 Ulixes

149 2005 257 2066 narrat
300 1999 458 2084 quomodo
500 1999 534 2064 in
568 1999 680 2066 Circen
713 2002 822 2067 stricto
859 2000 968 2089 gladio
1011 2005 1140 2068 irruerit
1182 2002 1211 2067 ei
1253 2001 1346 2086 quasi

149 2112 286 2173 mortem
310 2108 472 2171 minitans.
498 2109 516 2182 si
539 2106 570 2171 δὲ
595 2106 684 2184 μένον
704 2107 842 2188 ίοίχουσοι
860 2107 1017 2188 ὑπέδραμε
1038 2109 1090 2173 κοοί
1113 2107 1199 2185 λοίβε
1218 2107 1343 2184 γούνων.

151 2215 202 2299 (κ,
225 2234 271 2278 vs.
299 2210 390 2297 323).
414 2211 466 2277 Ibi
489 2213 630 2285 λντνκοὺς
657 2216 785 2290 mirari,
811 2233 925 2300 parum
950 2234 1104 2280 memores
1128 2234 1238 2280 eorum
1263 2233 1345 2297 quse

148 2321 181 2385 in
218 2318 320 2385 Iliade
353 2318 506 2406 legerant.
544 2319 595 2384 διὰ
628 2320 662 2385 τί
696 2320 726 2385 δὲ
763 2320 900 2400 ε’Φοβνίίη
934 2324 951 2397 ἦ
983 2322 1074 2400 Κίρκη
1106 2321 1141 2385 τί
1173 2319 1263 2402 ξίφος
1289 2322 1343 2383 τοῦ

149 2424 321 2497 Ὀδυσσέος
353 2425 408 2490 θεοὶ
439 2422 530 2503 odom
563 2424 782 2513 Respondctur
812 2430 908 2493 varie.
942 2428 1051 2506 φαμὲν
1078 2422 1123 2491 ίτε
1148 2427 1219 2497 τοὺς
1244 2425 1342 2490 τολὺν

148 2531 255 2613 χρόνον
292 2529 406 2611 ζῶντοοε
443 2531 610 2609 δαίμονος,
647 2533 767 2614 ίοινοίτῳ
802 2534 834 2599 δὲ
870 2531 950 2610 daos
983 2530 1340 2615 κοοίνντοβοιλλομὲνους,

150 2637 232 2709 θεοὺς
264 2637 364 2703 εἴωθεν
387 2638 545 2720 ὀνομάζειν
568 2638 582 2702 ί
606 2644 744 2716 τονντνίς.
770 2640 787 2715 ίρ
812 2647 948 2722 φυσικῶς
972 2640 1122 2721 Φοβείτοοο
1147 2639 1182 2704 τὸ
1206 2635 1297 2718 ξίφος
1318 2639 1341 2732 33

148 2745 261 2826 Κίρκη,
293 2748 332 2817 τίς
364 2745 417 2809 xci
451 2742 556 2816 ἄλλοις
587 2746 674 2818 ττνοὶρ
706 2743 785 2818 ίίλκς
817 2747 895 2817 τινὲς
918 2753 977 2810 τῶν
1001 2746 1163 2823 desudasse.
1191 2762 1263 2810 κτλ.
1289 2745 1342 2830 (ex

148 2849 263 2935 HQT),
293 2870 373 2936 quas
404 2850 621 2938 Porphyrium
650 2855 786 2937 sapiunt.
816 2857 838 2936 ¹)
873 2852 1009 2918 Brevius
1040 2852 1081 2918 Τπ
1116 2853 1235 2926 isari
1267 2848 1341 2931 οἴροι

149 2960 190 3023 οὖ
223 2958 401 3043 πάντως,
433 2958 521 3023 οἴλλοὶ
549 2961 604 3034 τίρν
634 2961 740 3039 τρῶσον
771 2958 937 3041 Φοβείτοοο,
971 2981 1051 3044 quae
1074 2963 1119 3025 sic
1143 2959 1227 3026 edita
1248 2957 1342 3045 plane

149 3066 343 3130 contrarium
378 3064 489 3129 dicunt
523 3085 653 3150 eorum,
688 3086 768 3150 quac
803 3072 912 3131 auctor
945 3065 1058 3131 voluit.
1107 3065 1192 3146 Quid
1226 3068 1341 3132 enim?

147 3169 240 3237 Circe
263 3169 321 3235 dea
344 3177 484 3236 vocetur.
521 3173 674 3237 Attamen
700 3170 806 3237 Ulixis
829 3193 935 3238 ensem
955 3173 1149 3238 reformidat.
1189 3170 1342 3240 Potuitne

148 3280 256 3364 itaque
290 3280 336 3343 sic
371 3277 449 3343 dici:
487 3298 550 3344 non
585 3280 688 3365 igitur
721 3284 789 3344 tote
818 3278 965 3345 mortalis
995 3287 1059 3356 est,
1092 3279 1146 3344 sed
1179 3278 1343 3344 vulnerari

148 3382 285 3451 metuit?
308 3384 416 3450 Immo
439 3405 532 3451 vero:
557 3405 620 3450 non
643 3387 746 3472 igitur
765 3392 832 3451 tote
853 3386 1029 3451 immortalis
1049 3392 1114 3470 est,
1135 3392 1167 3449 et
1194 3385 1342 3450 οἴίοῖνοο-

146 3514 211 3563 τος
246 3488 307 3573 οἴροο
338 3493 371 3556 οὐ
404 3491 527 3564 τοίντως
558 3494 665 3577 potius
694 3498 941 3578 expectaremus.
989 3489 1051 3557 Sed
1082 3512 1132 3556 res
1162 3489 1250 3556 salva
1273 3499 1339 3569 est,

147 3603 306 3664 commate
337 3598 441 3683 posito
472 3599 556 3663 inter
586 3595 646 3677 οἴροο
678 3605 710 3664 et
741 3599 773 3664 οὐ
806 3601 914 3664 omnia
945 3599 1024 3663 bene
1046 3597 1223 3662 habebunt:
1249 3599 1340 3673 θνητὴ

146 3701 222 3786 ἄρα,
259 3707 292 3770 οὔ
327 3702 468 3789 τοίντωρ,
503 3705 593 3769 οἴλλίο
627 3707 682 3779 τίρν
717 3712 822 3786 τρῶσνν
854 3704 1015 3786 Φοβείτοιν.
1062 3704 1170 3791 Igitur
1192 3703 1340 3771 mortalis

147 3818 212 3891 est,
247 3813 367 3897 inquit,
402 3831 464 3877 non
498 3811 627 3896 quidem
663 3817 749 3889 tota,
786 3817 820 3878 st
853 3815 887 3878 in
923 3833 960 3882 eo
995 3817 1102 3876 tamen
1136 3810 1219 3897 quod
1254 3812 1340 3879 laedi

145 3917 351 3994 reformidat,
386 3938 466 4003 qaae
496 3923 560 3996 est,
591 3924 629 3983 ut
652 3919 814 4004 vidimus,
838 3918 1009 4006 Porphyrii
1032 3920 1198 3984 sententis.
1247 3918 1339 3999 Quod

145 4026 180 4091 in
211 4045 248 4091 ea
280 4027 461 4110 quaestions
485 4025 671 4111 respondere
694 4026 971 4112 simplicissimum
995 4024 1093 4108 foret,
1121 4025 1194 4090 deos
1217 4023 1340 4090 Home·

144 4199 287 4211 ’νε--

180 4285 204 4344 1)
230 4284 363 4334 Cohaerent
387 4284 449 4333 enim
473 4299 525 4333 cum
548 4283 578 4332 iis
601 4299 661 4347 quae
681 4283 793 4347 leguntur
810 4283 838 4330 ad
858 4299 889 4330 vs.
909 4283 965 4339 2239,
983 4281 1032 4330 240
1049 4288 1073 4331 et
1092 4283 1154 4332 iufra
1172 4282 1233 4342 ³29,
1253 4288 1277 4333 ui
1297 4300 1339 4334 suo

145 4366 197 4417 loco
215 4367 360 4416 ostendetur.
