2978 4950
717 215 758 286 45

146 408 181 474 de
211 409 385 475 Bodleiano
415 430 524 474 eorum
556 407 672 474 Codice
697 408 751 491 (0)
784 406 965 473 Dindorfius
988 408 1048 473 hoo
1071 407 1140 472 loco
1163 411 1262 484 tacet,
1292 442 1332 454 -

145 515 195 580 sed
221 518 289 580 iam
309 517 343 579 in
367 516 504 581 editione
527 536 588 579 non
612 515 754 580 multum
779 517 949 580 recentiore
975 514 1208 600 (Argentorati,
1234 512 1333 597 1539)

145 623 176 685 in
218 622 339 701 ε’φαίνει
379 621 598 707 depravatum.
646 621 788 687 Solennis
823 621 900 685 haec
936 621 1077 686 confusio
1113 627 1177 692 est,
1215 622 1333 684 iterum

144 729 311 792 commissa
328 727 365 792 ad
380 751 418 804 α,
441 726 517 803 334,
538 727 578 792 ed
594 748 688 811 quem
703 749 829 792 versum
843 731 876 791 in
888 726 1004 806 quH
1018 733 1201 811 excerptum
1213 725 1334 812 legitur

143 854 179 896 cx
202 832 311 918 ampla
334 831 552 918 Porphyriana
577 834 736 910 doctrino,
761 836 897 918 quaein
922 832 1179 897 antecedentibus
1208 834 1335 917 integra

144 941 283 1024 apposita
316 944 375 1003 est.
421 939 536 1004 Editur
566 946 674 1004 autem
706 940 744 1004 ad
776 965 819 1016 α,
847 937 929 1004 3342
955 939 990 1002 τὸ
1015 938 1045 1002 δὲ
1069 936 1150 1001 ώντα
1178 937 1332 1016 παρειιίων

144 1046 173 1108 ού
204 1043 371 1122 τοίρεργον
394 1046 592 1129 (περίεργον
616 1067 727 1111 verum
752 1067 818 1111 esse
842 1052 950 1130 posteo
974 1044 1255 1129 demonstrabitur)
1280 1046 1332 1108 ού-

144 1152 172 1215 δέ
208 1151 414 1232 ἑτερορρετίς·
451 1153 540 1217 ώλλιὶ
576 1153 630 1232 πρδ
666 1160 724 1217 τῶν
759 1160 887 1231 παρειῶν
922 1157 1157 1232 παρασχοῦσα,
1192 1149 1333 1215 τουτέστι

145 1258 409 1339 τροκαλυφαμίνη
430 1259 471 1338 τῷ
496 1261 685 1337 καλύμματι
708 1264 760 1323 τοῦ
786 1262 955 1342 προσώπου,
975 1261 1069 1340 φησίν
1088 1259 1102 1321 ό
1123 1261 1264 1334 ποιητός,
1281 1258 1333 1321 καί

145 1365 196 1443 πρὸ
221 1371 280 1428 τῶν
300 1365 401 1442 λόγων
421 1365 489 1450 (την
507 1366 577 1430 add.
601 1366 645 1450 H)
668 1365 860 1446 σωφροσύνην
881 1369 978 1440 αὐτῆς
1004 1366 1183 1443 ἒκφαίνων.
1230 1363 1334 1428 Immo

145 1488 234 1536 vero:
272 1472 461 1554 ἐμφαίνων,
492 1479 529 1536 ut
561 1479 608 1537 est
639 1475 672 1536 in
703 1471 750 1556 D,
782 1494 838 1537 nec
871 1472 1009 1536 multum
1044 1471 1137 1536 aliter
1169 1474 1203 1535 in
1227 1470 1260 1534 H
1280 1473 1335 1556 qui

144 1579 250 1641 minus
273 1582 357 1642 recte
381 1577 560 1656 ἐμφανίσας
586 1578 649 1643 dat.
674 1577 741 1643 Nec
765 1580 958 1643 contrarium
983 1576 1128 1657 exemplo
1153 1598 1210 1641 suc
1239 1586 1334 1642 caret.

147 1682 193 1747 Ad
217 1707 257 1756 α,
286 1682 366 1747 186:
392 1683 527 1766 διαφέρει
554 1686 682 1763 Νήριτον
708 1685 759 1748 καί
785 1689 898 1761 Νηϊον,
924 1721 943 1732 -
958 1721 977 1733 -
992 1720 1011 1733 -
1035 1682 1107 1763 ύπερ
1131 1685 1281 1763 κιίύνγρον
1305 1682 1335 1746 ὃν

145 1791 182 1858 είς
215 1789 267 1853 τὸν
301 1791 494 1866 ὑποκείμενον
519 1791 631 1869 λιμένα
657 1800 801 1856 πλεῖστον
826 1794 926 1871 ρἐῦμα
949 1790 1152 1867 ἐνδίδωσι,
1178 1791 1233 1855 sed
1258 1790 1333 1854 Din-

145 1894 278 1960 doriinm
292 1917 463 1980 sequamur
474 1903 653 1961 notantem:
670 1897 891 1980 „scribendum
913 1897 1096 1960 ἐκδίδωσι
1121 1897 1334 1983 (ἑκδίδωσινί)

145 2021 179 2065 cx
208 2001 310 2066 D⁸.D
329 2002 358 2064 .”
390 2002 505 2086 (Praef.
530 2025 562 2088 p.
585 2005 700 2089 xxxij).
727 2002 818 2067 ⁴Hoc
843 2023 953 2067 verum
979 2007 1036 2067 est.
1062 2004 1120 2086 (Τὸ
1146 2004 1252 2088 Ννίιόν)
1278 2004 1333 2068 κώ-

145 2107 246 2186 ύυγρον
270 2107 301 2172 do
325 2110 366 2180 είς
391 2110 442 2172 τόν
466 2110 659 2184 ὑποκείμενον
678 2110 790 2183 λιμένα
811 2117 956 2172 πλεῖστον
976 2111 1075 2186 ῥεῦμα
1101 2109 1330 2188 ἐκδίδωσιν,

145 2209 204 2276 όίεν
239 2215 304 2277 aad
339 2220 391 2278 τοῦ
428 2214 664 2292 συμβεβηκότος
701 2217 825 2292 Ῥεῖίρον
862 2216 1083 2293 προσηγόρευσε
1119 2217 1169 2278 τὸν
1201 2216 1333 2295 λιμίνα,

145 2341 220 2404 qnae
252 2321 337 2384 mihi
367 2323 473 2409 magis
504 2321 692 2407 Porphyrii,
722 2342 819 2405 quam
850 2320 1028 2386 Aristarchi
1052 2322 1177 2388 dicendi
1202 2325 1334 2389 modum

147 2426 260 2491 referre
284 2425 443 2490 videntur.

185 2637 246 2702 Sed
270 2660 388 2724 purum
411 2645 526 2724 putum
546 2639 761 2726 Porphyrium
784 2640 938 2704 habemus
957 2643 991 2704 in
1010 2642 1114 2716 hisce,
1137 2642 1176 2706 ad
1199 2666 1238 2720 α,
1258 2642 1334 2706 255.

144 2745 193 2808 Τὰ
223 2741 282 2816 ἔπη
308 2748 414 2835 ταῦτα
435 2741 534 2808 όντινα
558 2745 627 2826 ἔχει
652 2744 744 2823 λόγον
767 2746 929 2826 ζητοῦμεν,
957 2747 991 2811 τὸ
1019 2749 1064 2824 ,εἰ
1089 2748 1152 2825 γαρ
1176 2753 1224 2811 νῦν
1245 2749 1336 2811 ε’λύών

144 2848 233 2924 δόμου
267 2852 297 2913 ἕν
333 2852 466 2932 πρώτησι
501 2853 600 2931 ύύρησι
623 2854 641 2926 ll
664 2853 755 2924 σταίη
788 2853 869 2933 ἔχων
901 2857 1028 2926 πήληκα
1060 2854 1112 2917 καί
1139 2854 1259 2916 σίσπίδα
1284 2856 1335 2917 καί

143 2957 190 3020 δύο
233 2959 337 3040 δοῦρε,
367 2955 384 3035 ΙΙ
415 2966 491 3029 τοῖος
522 2960 575 3023 ἐών
607 2955 665 3024 οἷόν
696 2985 749 3035 μιν
774 2961 833 3035 ἐγώ
859 2960 901 3022 τόν
925 2965 1018 3036 πρῶτ’
1044 2958 1151 3032 ἐνόησα
1175 2957 1191 3031 ΙΙ
1214 2958 1281 3037 οίκῳ
1306 2962 1337 3022 ἐν

145 3062 278 3143 ἡμετέρῳ
303 3064 429 3127 πίνοντιί
453 3088 487 3128 τε
513 3065 694 3142 τερπόμενόν
718 3065 790 3128 τε”·
817 3060 888 3128 εἶτα
912 3064 985 3141 μετ’
1012 3065 1133 3142 ύλίγον·
1162 3073 1260 3148 ,τοῖος
1285 3067 1337 3130 ἐὼν

144 3179 328 3247 μνηστῆρσιν
364 3172 537 3247 όμιλνίσειεν
571 3172 778 3245 ’οδυσσεύς,”
810 3209 853 3218 -
886 3191 1021 3255 quorum
1057 3174 1184 3235 etiamsi
1222 3193 1337 3237 nomen

146 3295 203 3339 non
234 3278 268 3340 in
298 3280 444 3362 margine
473 3281 651 3362 appositum
683 3279 847 3342 habuisset
870 3276 898 3341 D
923 3298 982 3341 non
1009 3276 1136 3341 difficile
1161 3283 1267 3342 tamen
1292 3299 1338 3342 es·

147 3385 190 3444 set
226 3380 444 3467 Porphyrium
480 3390 640 3448 auctorem
677 3404 852 3470 agnoscere.
902 3381 984 3446 Sunt
1019 3383 1097 3448 haec
1128 3387 1161 3446 in
1193 3383 1339 3467 pluribus

149 3486 307 3552 codicibus
339 3487 521 3574 (HEMQD)
546 3493 644 3554 variis
667 3490 771 3554 modis
795 3495 934 3572 servata,
959 3489 1054 3555 modo
1078 3490 1220 3574 plenius,
1244 3490 1339 3554 modo

152 3590 328 3669 decurtata,
362 3596 408 3658 ita
439 3595 512 3659 inde
543 3596 647 3672 edita,
680 3602 717 3659 ut
748 3616 857 3659 sensus
888 3600 1026 3677 constet,
1052 3596 1105 3660 sed
1129 3595 1341 3681 grammatica

153 3700 225 3762 ratio
248 3701 283 3762 in
307 3699 499 3783 quibusdam
523 3700 656 3778 laboret,
681 3702 719 3765 de
744 3721 806 3784 qus
830 3721 930 3784 pauca
954 3722 1036 3764 nuno
1061 3721 1154 3787 agere
1175 3703 1209 3764 in
1234 3703 1340 3766 arnimo

156 3808 203 3865 est.
235 3813 297 3868 Δεῖ
318 3806 345 3870 δ’
371 3806 453 3880 ἡμᾶς
478 3808 544 3870 οὐδὲ
569 3808 611 3871 τόν
635 3807 731 3885 μικρόν
757 3807 945 3884 παροδεύειν,
972 3808 1059 3870 οὶλλόι
1086 3807 1135 3868 καὶ
1162 3807 1198 3869 δι’
1223 3807 1340 3870 ἐκείνων

158 3907 201 3977 τὴν
231 3913 350 3982 λεπτῗην
383 3911 536 3992 ἐξετάζειν
567 3920 621 3983 τῆς
652 3917 833 3985 Ἑλληνικῆς
857 3913 1000 3986 γλώττης
1026 3913 1193 3995 φροντίδα,
1219 3920 1255 3976 ut
1277 3914 1341 3978 He·

160 4014 251 4078 rscliti
276 4018 333 4099 qui
359 4017 475 4081 dieitur
498 4019 603 4083 verbis
625 4017 757 4102 paulum
782 4020 965 4081 immutatis
990 4023 1070 4081 utar.
1095 4017 1213 4105 (Alleg.
1242 4018 1340 4084 Hom.

163 4135 182 4178 c.
211 4120 345 4185 LXVIII
375 4121 490 4206 Mehl.)
522 4124 590 4186 lam
617 4127 759 4208 primum
783 4122 900 4206 duplex
925 4124 1043 4186 vitium
1070 4131 1117 4186 est
1140 4125 1174 4186 in
1197 4127 1238 4188 iis
1262 4146 1342 4208 quae

164 4225 245 4290 rerba
267 4247 365 4310 supra
389 4226 516 4292 laudata
540 4231 650 4293 statim
676 4229 849 4313 excipiunt.
873 4227 987 4296 ἄτοπος
1007 4229 1023 4300 ἡ
1042 4229 1120 4305 εύχη
1142 4236 1196 4299 τῆς
1210 4232 1340 4302 Ἀθηνᾶς

166 4327 337 4415 εὐχομένης,
362 4333 387 4394 εί
412 4331 506 4416 ἓλύη
529 4335 543 4397 ό
567 4333 735 4404 Ὀδυσσεὺς
761 4336 812 4396 καί
839 4343 909 4417 στῇ
935 4334 965 4397 ἐν
989 4340 1051 4402 τοῖς
1076 4343 1245 4414 μνηστῆρσι
1278 4361 1343 4419 τερ·
