2978 4950
711 221 778 290 212

145 417 207 481 tior
230 413 407 481 Graeculus
430 415 618 499 antiquioris
637 415 892 480 observationem
910 419 1108 500 perverterit
1133 415 1267 484 Dixerat
1282 415 1316 483 ill

146 523 341 600 ῖσειροσινῖνν
384 522 490 586 vocari
525 524 726 608 peregrinam
763 518 854 614 illam
890 542 1007 607 anum,
1043 526 1195 608 qnoniam
1231 528 1248 601 ἡ
1281 529 1316 588 σῖ

146 629 288 695 Φαιάκων
316 630 386 713 (ints
411 627 473 703 val,
497 630 525 692 si
551 631 671 700 mavis,
697 631 756 723 ins.
777 629 833 710 νῆ)
859 636 945 700 νῆσος
971 631 1031 694 sit:
1052 631 1105 695 hic
1125 631 1180 703 rio
1196 630 1316 708 Ἤσειρι

144 735 286 802 insulam
317 735 402 799 facit.
451 733 536 814 Quin
566 736 599 799 in
630 736 698 820 ipso
729 734 772 810 P,
806 735 861 819 qui
883 736 1036 801 sincerius
1060 736 1204 803 scholion
1227 737 1316 803 habet

146 845 230 908 inter
253 841 353 906 lineas
375 846 501 916 tamen,
525 840 579 906 sed
604 841 642 905 ab
666 840 730 906 alia
753 861 869 916 mann,
890 862 986 927 supra
1005 843 1168 923 ἆτεῖρνῖεν
1186 845 1316 929 scriptur

147 954 209 1014 est:
240 947 303 1013 ἆτδ
335 953 391 1018 τῆς
425 946 566 1024 'Arelate
598 948 695 1023 νήσου.
744 945 804 1011 Sed
828 968 923 1031 super
945 949 1090 1028 ιδπειονιίν
1116 952 1239 1015 iterum
1262 948 1316 1015 elia

147 1056 181 1119 ni
205 1052 317 1128 fallor,
342 1074 457 1124 manu,
483 1052 698 1133 τολύπειρος.”
734 1051 892 1138 Equidem
917 1055 1054 1120 scribam
1080 1056 1134 1121 hic
1155 1054 1316 1121 insimulo

148 1159 235 1225 malo
265 1179 362 1244 quam
393 1159 651 1244 epitomatorem,
680 1159 837 1244 siquidem
869 1167 952 1226 recte
976 1164 1046 1247 cepi
1069 1162 1155 1227 hunc
1181 1162 1316 1249 designo

147 1287 205 1353 per
239 1265 429 1331 Buttmanni
466 1263 710 1344 „Graeculnm’',
739 1268 886 1350 qnoniam
919 1268 950 1331 in
983 1270 1024 1332 iis
1056 1289 1138 1353 quae
1163 1274 1316 1354 sequuntt

150 1372 233 1439 nihil
263 1379 311 1437 est
341 1372 425 1437 unde
447 1371 580 1448 efficias,
607 1372 862 1461 epitomatoreml
873 1372 969 1438 illum
993 1374 1176 1440 Phaeacum
1202 1373 1316 1441 insutu

143 1478 289 1558 Ἤπειρον
312 1479 376 1544 diei
398 1478 589 1544 arbitratum
612 1499 689 1545 esse.
713 1478 774 1544 Sed
799 1485 907 1547 utrum
930 1479 1030 1547 lector
1048 1482 1192 1561 iudicet,
1212 1503 1264 1548 res
1282 1501 1316 1549 no

151 1591 200 1652 est
221 1586 357 1651 maximi
381 1586 547 1650 momenti.

196 1825 231 1877 ν,
257 1798 310 1864 32.
346 1797 491 1864 Minerva
514 1797 644 1865 Ulixem
668 1804 792 1864 monet:
816 1800 849 1863 οὐ
873 1799 937 1878 γὰρ
960 1798 1075 1875 ξείνους
1098 1798 1164 1867 οἵδε
1187 1800 1316 1879 μαλίἐ

96 1950 98 1954 -
150 1907 280 1988 tantaeve
314 1904 491 1985 ἀνέχονται.
539 1905 702 1970 Dederunt
736 1906 813 1971 haee
849 1927 974 1993 quoquo
1004 1929 1113 1974 ansam
1146 1910 1316 1994 quaestion

150 2014 274 2096 ζητοῦσέ
304 2038 382 2084 τινες
415 2018 476 2085 τοῖς
502 2013 533 2076 ἕν
556 2019 618 2081 τοῖς
643 2009 713 2087 ἑξῆς
736 2011 999 2091 Φιλοξενωτιὶτους
1023 2014 1112 2091 λέγει
1136 2014 1209 2089 τοὺς
1234 2015 1316 2095 ἄνδρα

150 2145 234 2192 τους.
266 2121 321 2186 κατ’
351 2125 460 2196 Φαμεν
492 2119 509 2192 ἢ
541 2118 593 2182 τὸν
623 2119 679 2194 μὲν
710 2118 851 2183 ναυτικὸν
875 2117 969 2201 ὄχλον
993 2116 1136 2202 εἶναιτῷ
1161 2119 1224 2186 έντι
1248 2120 1316 2195 (ἐνδυ

147 2231 217 2301 τοὺς
241 2228 272 2293 tt
295 2226 441 2304 βασιλεῖς
466 2223 662 2304 Φιλοξένονς·
686 2225 702 2298 ἢ
728 2224 810 2303 (ἴσως
835 2225 906 2290 add.
927 2226 968 2310 V)
988 2222 1038 2290 ἵνα
1057 2227 1248 2306 Φυλαξνταέ
1267 2250 1316 2292 τιν

150 2334 296 2400 πυθέσθαι
329 2332 410 2416 [καὶ]
441 2331 514 2412 πρὸς
546 2327 643 2409 ἕτερον
666 2333 876 2410 καταχθῆναι.
911 2331 1003 2418 (ΕΝ)
1029 2333 1121 2414 Quod
1145 2335 1266 2401 inclusi
1287 2359 1316 2400 νε

149 2441 341 2505 Buttmanni
376 2441 557 2512 coniectura
590 2444 655 2509 est,
689 2437 812 2502 codices
849 2437 865 2511 ἢ
895 2438 1011 2504 habere
1034 2440 1205 2506 ¹ridentur.
1254 2440 1316 2507 Mn

149 2547 270 2629 delere,
305 2550 343 2611 ut
376 2546 532 2608 sententia
562 2547 622 2607 sit:
657 2543 716 2607 hac
747 2543 962 2609 admonitione
993 2553 1084 2612 cavet
1109 2546 1277 2630 Minerva,
1307 2569 1316 2609 ι

147 2654 258 2719 Ulixes
293 2653 344 2716 τὸν
376 2650 515 2732 τυχόντα
547 2655 638 2736 roget
668 2648 707 2714 ad
738 2636 839 2714 alium
870 2670 966 2735 quam
998 2652 1037 2717 ad
1072 2674 1185 2741 regem
1210 2653 1316 2719 deduc

147 2761 231 2846 quod
255 2760 456 2825 oeconomiae
480 2757 629 2821 carminis
653 2758 848 2821 contrarium
871 2757 960 2823 foret.
1292 2779 1296 2783 ·

191 2974 223 3047 d,
250 2967 302 3035 75.
340 2965 434 3033 Oanit
456 2966 654 3032 Demodocus
678 2976 771 3036 νεῖκος
795 2967 962 3040 Ὀδυσσῆος
987 2968 1039 3032 κω)
1066 2970 1224 3041 Πηλεΐδεω
1249 2973 1316 3046 'Axi

147 3086 228 3150 λῖις.
253 3075 300 3140 De
322 3095 359 3141 ca
377 3096 428 3148 rc,
448 3073 487 3138 de
500 3094 561 3157 qna
571 3111 609 3120 —
626 3078 779 3158 quantum
793 3074 939 3157 equidem
953 3077 1053 3139 sciam
1066 3113 1106 3124 —
1118 3078 1154 3139 in
1167 3077 1316 3161 antiquior

146 3185 232 3268 poesi
262 3179 343 3245 nihil
374 3181 503 3244 omnino
533 3178 686 3242 traditum
719 3186 780 3245 est.
815 3181 973 3262 sequiores
997 3202 1036 3245 ex
1062 3182 1197 3248 arbitrio
1222 3180 1316 3266 aliquit

145 3289 312 3353 finxerunt.
350 3286 430 3348 Φασὶ
455 3287 496 3364 τῷ
519 3283 732 3361 Ἀγαμέμνονι
757 3284 903 3365 χρωμένῳ
928 3286 995 3365 περὶ
1021 3294 1074 3351 τοῦ
1102 3291 1189 3352 κατὰ
1213 3288 1262 3352 τὸν
1283 3282 1316 3348 σι’

142 3388 239 3473 ’λεμον
271 3393 378 3461 τέλους
408 3395 528 3455 ἀνελεῖν
560 3390 609 3454 τδν
642 3392 671 3454 έν
696 3397 834 3471 Δελφοῖς
860 3392 1064 3477 Ἀπόλλωνα,
1089 3394 1163 3459 τότε
1190 3394 1316 3475 replicet:

144 3505 179 3568 τὸ
199 3507 294 3565 Ἴλιον
318 3494 391 3562 ὅταν
416 3500 440 3561 οἱ
465 3495 579 3576 ἄριστοι
604 3503 662 3560 τῶν
687 3499 840 3571 Ἑλλήνων
865 3500 1067 3563 στασιοὶσωσι.
1095 3501 1145 3566 Ita
1171 3501 1206 3579 V,
1236 3499 1316 3567 omni!

145 3614 240 3673 recte.
265 3605 325 3670 Sed
346 3604 423 3689 quid
444 3601 527 3682 HQ?
547 3602 667 3667 Eadem
685 3605 820 3687 habent,
843 3626 954 3669 verum
975 3608 1020 3669 ita
1033 3607 1245 3673 conformata:
1259 3599 1316 3684 <tar

148 3713 174 3799 (l
194 3714 317 3781 omittit
352 3717 435 3775 certe
467 3708 507 3793 Q)
530 3713 571 3788 τῷ
598 3709 808 3786 Ἀγαμέμνονι
832 3713 979 3791 χρωμένῳ
1004 3713 1070 3790 περὶ
1096 3720 1151 3777 τοῦ
1177 3739 1204 3778 κ.
1218 3739 1244 3778 τ.
1268 3723 1313 3776 τιλ

145 3820 251 3888 τέλους
273 3819 353 3903 [ἤτοι
377 3814 621 3899 μαντευο,ιοένςο],
647 3816 660 3878 ὅ
686 3817 716 3878 ἐν
743 3823 879 3897 Δελφοῖς
904 3817 1069 3883 Ἀπόλλων
1091 3817 1181 3906 εἴτε,
1205 3819 1249 3886 ὅτι
1268 3817 1316 3882 stu

148 3928 182 3990 τὸ
198 3930 293 3990 Ἴλιον
313 3923 515 4000 τορένὶσεταν,
536 3918 586 3985 ὅτε
600 3923 625 3984 οῖ
647 3920 760 3997 ἄριστοι
773 3923 976 3988 στασιάσουσι
990 3933 1048 3988 τῶν
1062 3931 1229 3998 Ἑλλήνων.
1251 3925 1316 3992 Satis

148 4040 271 4096 certum
294 4030 453 4117 glossema
476 4033 620 4091 tenemus
640 4028 677 4091 ad
698 4027 862 4108 χρομένῳῖ
887 4029 998 4117 Pergit
1022 4040 1188 4099 enarrator
1214 4028 1307 4120 (inl)

149 4140 201 4202 uei
233 4138 268 4208 tt
301 4135 386 4213 παραὶ
419 4132 509 4196 τέτον
539 4133 760 4213 διαλεχθέντων
790 4134 962 4206 Ὀδυσσέως
987 4138 1040 4200 καὶ
1065 4135 1260 4223 Ἀχιλλέως,
1278 4134 1316 4200 τοί

147 4246 204 4320 μὲν
240 4241 414 4321 Ἀχιλλέως
445 4239 584 4318 ἀνδρείαν
616 4241 825 4317 ἐπαινοῦντος,
858 4246 910 4305 τοῦ
942 4241 973 4306 δὲ
1007 4242 1185 4317 Ὀδυσσέως
1208 4246 1307 4312 σύνεσιν

145 4350 230 4427 μετὰ
264 4350 320 4423 τῖιν
351 4347 496 4425 Ἕκτορος
529 4345 681 4423 ἀναίρεσιν
716 4347 730 4410 ὁ
761 4347 817 4422 μὲν
847 4345 1012 4427 βιάζεσθαι
1045 4353 1195 4434 παρῄνει·
1220 4352 1260 4418 διδ
1278 4344 1316 4413 ια
