2978 4950
723 176 789 249 358

157 367 413 436 adnotationibus
449 374 524 458 quin
562 370 695 459 Didymi
731 375 795 437 sint
829 394 882 438 me
913 372 1019 439 iudice
1048 372 1191 437 dubitari
1219 370 1316 455 nequit.

158 478 367 543 Dubitantius
393 479 519 544 locutus
542 499 612 543 sum
639 479 678 544 de
700 488 775 545 nota
798 501 836 545 ex
861 479 915 561 Qv
939 481 979 545 ad
1003 501 1048 546 vs.
1064 478 1126 555 22,
1148 499 1226 564 quaa
1243 481 1317 541 etim

159 588 329 650 Aristonici
361 606 428 649 esse
460 594 564 670 potest
594 589 628 650 in
652 585 733 651 libro
756 586 822 665 περὶ
848 588 979 665 σημείων
1004 586 1155 669 Ἰλιάδος,
1180 621 1221 633 -
1243 604 1276 647 ne
1293 583 1318 647 de

159 696 228 756 eins
251 693 289 756 ad
310 691 485 777 Odysseam
504 692 647 777 reliquiis
665 713 759 780 agam
781 695 1018 777 incertioribus,
1042 730 1082 742 -
1105 691 1251 776 quatern
1266 687 1318 770 roi,

160 809 180 864 Ξ
207 798 265 874 31,
294 808 323 863 Ψ
350 797 433 881 679,
461 807 494 862 Ω
520 796 600 882 282)
624 796 760 864 Cratetis
782 803 971 865 sententiam
997 799 1157 864 afferentis
1178 807 1210 862 et
1227 800 1319 880 impro

159 905 272 969 bantis.
320 904 431 969 Potest
455 913 561 970 tamen
586 905 695 970 eadem
717 909 815 971 etiam
835 905 1014 992 Didymum
1037 904 1155 969 babere
1167 909 1318 976 κηρίοισιν,

159 1013 213 1096 qui
242 1017 339 1084 certe,
369 1013 420 1075 ubi
447 1008 612 1076 admonuit
636 1012 761 1083 οίέίιιους
786 1010 906 1078 Crateti
930 1033 996 1076 esse
1021 1012 1092 1082 τοὺς
1117 1010 1204 1075 κατὰ
1227 1009 1319 1081 ’lirim

158 1116 283 1194 πίνους,
321 1120 468 1182 omittere
500 1139 561 1183 non
591 1121 697 1202 potuit
728 1140 765 1183 ex
796 1119 938 1183 eiusdem
965 1125 1034 1182 tum
1061 1114 1202 1183 Cratetis
1223 1122 1319 1181 senta·

159 1227 205 1288 tia
229 1245 355 1290 versum
376 1244 500 1308 quoque
524 1222 567 1289 23
591 1244 657 1288 csse
671 1224 893 1289 damnandnm.
921 1218 984 1304 Qui
1005 1227 1092 1289 anim
1114 1223 1321 1296 σίέίλσυςίιιίοι

159 1331 341 1415 pretabatur
371 1330 441 1400 τοὺς
473 1331 557 1394 sarri
588 1331 708 1404 Ὶίοίκκν
731 1329 857 1406 πόνους,
885 1369 926 1380 -
951 1333 1127 1396 certamina
1151 1351 1224 1395 cum
1244 1330 1321 1414 proti!

158 1443 253 1520 puto,
286 1457 348 1520 qua
378 1457 440 1501 non
464 1444 511 1501 est
535 1436 598 1502 alia
620 1439 839 1521 interpretatio
864 1439 1035 1503 contortior
1059 1443 1091 1502 et
1115 1438 1157 1502 ab
1179 1434 1322 1502 Homerica

157 1545 384 1627 perspicuitate
414 1545 580 1626 remotior,
607 1580 647 1590 -
671 1543 757 1607 idem
781 1546 843 1608 nisi
867 1543 960 1629 plane
982 1542 1138 1625 dormivit
1159 1563 1220 1608 non
1241 1542 1321 1627 potuit

158 1651 293 1713 retinere
329 1649 512 1733 sequentia:
550 1649 705 1726 πολλούς,
741 1648 832 1721 τοὺς
869 1651 1046 1723 Φοίνικες
1082 1645 1320 1730 ἐπειρήσαντ’

159 1752 366 1827 Ὀδυσῆος.
414 1756 458 1819 At
489 1754 527 1818 de
559 1754 618 1819 hac
649 1753 787 1820 Cratetis
818 1756 952 1820 athetesi
976 1758 1010 1820 in
1034 1758 1153 1820 nostris
1176 1777 1233 1821 nec
1253 1753 1320 1829 vob,

157 1868 195 1926 ut
226 1865 334 1937 aiunt,
366 1881 423 1925 nec
453 1862 640 1946 vestigium.
688 1860 759 1926 Hoc
790 1882 915 1947 qnoque
945 1882 1002 1926 nos
1031 1862 1072 1926 ad
1096 1861 1269 1949 Didymum
1286 1880 1320 1925 re·

159 1970 282 2041 mittit,
308 1970 399 2031 cuius
424 1966 657 2030 observationes
680 1966 783 2031 multo
806 1970 897 2053 peine
919 1988 1016 2052 quam
1040 1967 1240 2033 Aristonioea
1260 1964 1319 2031 nui

157 2074 243 2138 cavit
272 2076 481 2158 epitomator,
506 2071 583 2136 adeo
606 2077 643 2136 ut
667 2092 774 2137 earum
799 2074 1088 2158 componendarum
1113 2094 1151 2140 ac
1173 2074 1320 2140 diiudican-

155 2180 269 2244 darum
293 2180 475 2263 saepissime
498 2179 601 2243 omnis
624 2178 713 2243 labor
735 2181 778 2243 sit
800 2182 919 2244 irritus.

202 2393 236 2475 ί,
260 2391 314 2455 24.
362 2391 411 2456 ad
436 2390 536 2467 οιῦπίορ
560 2391 629 2454 ἐπεί
652 2390 674 2468 ῥ’
696 2391 819 2470 ἤγερθεν
842 2390 1007 2471 ὁμηγερέες
1027 2395 1058 2456 π’
1079 2392 1218 2471 ἐγένοντο
1232 2393 1319 2479 (Pher

158 2501 241 2581 aces)
265 2498 309 2561 E:
336 2499 352 2571 ν’
385 2497 476 2575 Φήμη
509 2499 541 2559 ἑκ
575 2498 744 2576 Φροννίσεως
780 2498 831 2560 rexi
868 2500 1038 2574 οἰκονομίας
1074 2505 1129 2563 τοῦ
1164 2499 1318 2566 Ὀδυσσέος.

156 2604 221 2668 ἔστι
248 2605 279 2667 δὲ
304 2605 355 2666 uxi
381 2609 433 2666 ποῦ
459 2604 610 2680 Ὀμήρου,
637 2602 684 2665 iux
710 2607 854 2684 γνωρισίῇ
876 2607 928 2668 xxi
950 2608 991 2684 τῷ
1014 2610 1098 2684 κοινῷ
1119 2609 1187 2684 λαῷ
1205 2609 1217 2670 d
1235 2606 1318 2670 'Oiar-

155 2713 243 2786 σεύς,
269 2712 378 2785 μήπως
400 2714 467 2773 κοί
489 2711 551 2773 ίδὸν
573 2710 767 2788 κομιζόμενος
786 2712 968 2786 caradrio
991 2713 1154 2792 ἕμποοιχίῇ
1168 2738 1208 2777 τι.
1232 2712 1317 2776 Obiter

154 2821 216 2881 iam
242 2820 274 2879 iu
300 2816 478 2880 Observatt.
505 2818 548 2899 (p.
572 2815 631 2891 36,
655 2816 711 2897 37)
731 2817 930 2880 verissimam
947 2817 1142 2882 Buttmauni
1159 2820 1316 2884 sententian

154 2926 419 2997 commemoravi,
446 2923 578 2985 verbum
604 2924 771 2994 οίκονομίωι
796 2923 834 2986 ad
858 2944 990 3007 sequens
1013 2931 1068 2988 τοῦ
1092 2929 1228 3005 Ὀμήρου
1246 2934 1318 2989 retra·

155 3030 294 3093 bendum
327 3050 392 3092 esse
424 3032 588 3092 censearis.
637 3030 696 3092 Sed
726 3052 808 3093 nuuc
832 3031 912 3093 mibi
937 3052 999 3095 non
1023 3036 1102 3096 satis
1126 3034 1185 3098 boc
1208 3033 1315 3098 videtur.

153 3135 235 3198 Nam
272 3135 440 3218 adsumpta
476 3134 664 3197 Buttmanni
696 3138 874 3198 coniectura
906 3137 1128 3203 scribendum:
1161 3151 1206 3219 τῇ
1229 3141 1318 3218 piar

155 3243 188 3303 ἐκ
220 3244 390 3320 ,opaciores
423 3246 475 3302 τοῦ
510 3241 687 3310 Ὀδυσσέως.
722 3241 841 3304 ἔστιδὲ
867 3243 919 3304 xxi
945 3248 1316 3323 πῆςῸμήρουοίκοιο-

153 3348 271 3424 μίσος,
296 3346 344 3409 bx
369 3348 514 3426 γνωρισθῇ
540 3372 569 3408 κ.
596 3372 625 3410 τ.
651 3350 732 3425 κοινῷ
758 3349 822 3426 aaa
848 3347 861 3408 ὃ
886 3350 1066 3422 Ὀδυσσεύς.

195 3564 225 3634 ί,
252 3561 304 3622 31.
354 3559 504 3622 Alcinous
528 3558 565 3621 ad
591 3560 748 3623 Phaeaces
772 3578 861 3621 suris:
890 3563 977 3632 ἡμεῖς
1004 3560 1030 3622 δ’
1055 3563 1095 3623 ὥς
1116 3562 1151 3625 τὸ
1172 3562 1263 3640 ποίρος
1278 3581 1317 3633 περ

150 3667 378 3744 exasperante
412 3667 547 3737 πομπήν.
595 3664 802 3728 Observatur:
830 3663 924 3738 δεξιὸν
949 3667 978 3728 δὲ
1004 3667 1039 3729 πὸ
1063 3670 1258 3733 οίνκνειῦπίιι
1277 3667 1316 3733 riv

148 3781 205 3836 τῶν
238 3771 380 3834 Φοινίκων
412 3770 606 3848 diaria-rixa.
638 3771 684 3832 ῖνοι
719 3773 793 3841 μηδὲ
831 3776 1017 3835 τοιοῦτον
1054 3776 1192 3839 πέμπειν
1225 3779 1316 3839 iavet.

149 3886 237 3942 τοῦτο
274 3880 335 3955 γὰρ
373 3879 402 3938 ἐν
439 3880 479 3953 τῷ
517 3877 631 3951 ,ποίοις
664 3878 735 3953 περ’
764 3878 924 3947 ἐδήλωσεν.
957 3878 1045 3962 (HQ)
1079 3880 1266 3946 Perversum
1284 3887 1318 3941 et

146 3992 293 4048 σοιοῡτινε
331 4006 368 4046 ne
402 3986 489 4045 ίσίσνιι
526 4004 648 4066 quoque
685 3987 787 4047 virum
823 3988 949 4048 mittere
980 3994 1165 4071 graventur.
1215 3992 1247 4051 ni
1274 3988 1317 4048 hor

145 4092 247 4153 voluit
271 4104 447 4165 enarrator,
475 4089 689 4171 praecedentia
713 4110 772 4153 non
799 4102 881 4154 recte
906 4092 1102 4156 dictasunt.
1138 4094 1229 4159 Nihil
1248 4095 1316 4158 enim

143 4203 187 4259 si·-
212 4220 289 4278 opus
314 4206 409 4263 esset,
437 4199 623 4258 rnerrnrriam
649 4200 761 4258 reseris
788 4196 968 4260 Phaeacum
994 4197 1225 4282 hospitalitatis
1250 4215 1320 4262 reno·

149 4325 229 4367 varo.
282 4307 315 4363 ri!
345 4303 467 4383 scripsit
493 4305 558 4362 sine
583 4303 693 4363 dnbio:
720 4301 768 4362 ίνκ
796 4305 867 4371 2:132<
895 4309 1035 4366 τοῦτον
1059 4303 1195 4383 πέμπειν
1220 4309 1315 4368 inaniri.
