2978 4950
712 226 779 304 220

148 422 267 514 (Bou.)
294 426 383 494 Unus
407 426 504 492 codex
531 426 584 510 (Q)
609 434 693 494 recte
716 429 838 492 omittit
862 428 931 503 τὴν,
956 427 1040 511 quod
1064 427 1117 492 vel
1138 429 1256 513 absque
1275 424 1358 494 hon

144 535 264 603 auxilio
289 535 448 598 abiectum
472 534 645 617 oportebat.
693 533 731 597 In
752 534 889 598 dictione
908 536 992 596 καπὲι
1013 533 1159 613 διαίρεσιν
1183 532 1358 599 articulus

145 664 208 708 non
232 644 337 728 magis
361 640 562 716 adsciscitur,
587 660 679 724 quam
705 643 738 703 in
763 637 836 703 κατ’
864 640 1117 724 οίνπιδιασσολνίν,
1137 640 1222 726 quod
1256 641 1358 707 idea·

148 747 306 836 significat
330 749 542 830 usitatiusque
565 745 744 810 adhibetur.
801 796 805 802 .

191 975 230 1036 λ,
256 957 309 1025 30.
345 958 477 1024 Umbris
511 965 606 1025 vovet
638 957 764 1034 Ulixes,
801 979 833 1023 se
864 961 905 1023 iis
936 962 969 1023 in
1002 958 1146 1024 ithacam
1177 978 1358 1029 revomui-

147 1063 397 1131 saerificaturum
429 1086 558 1132 vaccam
588 1064 739 1130 sterilem.
788 1065 974 1150 Exquiritur
1007 1085 1120 1143 causa,
1152 1066 1210 1130 ναί
1234 1072 1358 1145 Φαμε-

147 1169 190 1238 dri
227 1174 253 1237 οί
286 1174 377 1252 νεκροί
411 1172 516 1237 ι’ίσοιιοί
546 1173 619 1248 εἰσι,
655 1172 722 1257 [καί
756 1174 787 1236 ού
819 1173 989 1257 πίιισουσι,]
1013 1173 1065 1237 διὰ
1089 1176 1181 1236 σοῶσο
1206 1170 1358 1248 ἐσοίξαπ-

147 1282 251 1348 αύποῒο
280 1278 355 1357 βοῦν
386 1281 430 1356 μὴ
453 1284 618 1355 γεννῶσαν.
647 1277 713 1364 (Q).
748 1277 807 1344 Vel
830 1281 898 1344 sine
920 1277 1133 1343 insulsissima
1155 1281 1358 1364 iuterprstn

148 1389 233 1451 tione
258 1388 354 1475 verba
377 1385 483 1450 ῶτοιιοί
507 1387 580 1463 είσι,
605 1384 711 1462 credo,
738 1387 816 1450 satis
840 1388 1003 1471 perspicua
1027 1392 1130 1450 errant.

194 1612 232 1681 λ,
257 1593 333 1661 315.
358 1594 438 1661 Otus
463 1603 494 1661 et
517 1595 683 1681 Ephialtes

490 1701 684 1767 ἀθανάτοισιν
707 1704 877 1778 ιίπειλοίσιρν
901 1705 931 1766 ἕν
958 1701 1115 1781 Ὀλύμπῳ

237 1808 398 1890 Φυλίπιδα
421 1811 545 1885 σσιίσειν
568 1808 734 1882 πολυοίϊιοος
760 1811 914 1885 πολέμοιο.

233 1919 360 1981 Ὄσσαν
383 1915 433 1980 ἐπ’
458 1916 621 1997 Οὐλύμπῳ
644 1915 793 1994 μίμασαν
818 1917 923 1994 ίέμεν,
948 1917 1050 1996 αύποὶρ
1074 1915 1124 1979 ἐπ’
1146 1919 1254 1996 Ὄσσῃ

238 2024 351 2096 Πύλιον
375 2023 605 2101 εἰνοσίφυλλον,
630 2020 667 2086 ἵν’
690 2025 810 2104 ούρανὸο
835 2021 984 2100 ύμβασίε
1010 2021 1067 2096 ein.

149 2129 202 2195 sd
237 2129 314 2194 haec
350 2127 381 2193 V
413 2129 509 2194 habet
541 2129 758 2217 fragmentum
790 2129 918 2195 scholii:
950 2126 988 2192 ἵν’
1014 2126 1049 2204 ἐξ
1073 2127 1138 2193 icoo
1161 2126 1358 2214 [μεγέθους

148 2242 317 2313 πολεμῶσι.
343 2235 523 2299 οὶίεσοῶνπαι
547 2235 578 2298 δὲ
602 2238 639 2306 ῶς
664 2235 818 2300 ιίδύνασοι.
843 2236 931 2299 ύλλοὶ
954 2234 1122 2312 μέμασαν,
1148 2236 1262 2316 φησίν,
1283 2233 1358 2299 αὖε

148 2340 299 2420 ἔπρασσον
323 2340 365 2405 δέ.
413 2341 460 2406 De
484 2342 638 2425 athetesi‚
663 2342 701 2407 de
726 2362 787 2427 qua
811 2348 843 2407 et
867 2341 921 2406 alii
945 2351 977 2407 et
1001 2341 1152 2407 Lehrsius
1172 2345 1352 2407 dixerunt

147 2469 231 2512 nunc
265 2469 327 2513 non
363 2467 433 2535 ago.
482 2447 519 2512 In
554 2450 728 2533 prioribus,
763 2449 821 2513 etsi
858 2455 925 2512 tem
957 2449 1179 2532 compendiose
1210 2457 1358 2532 tanqu«

147 2556 277 2619 obscure
313 2554 398 2618 dicta
429 2563 520 2630 sunt,
547 2561 583 2618 ut
605 2558 667 2618 nisi
692 2555 836 2619 uberiora
859 2554 937 2619 alibi
960 2563 1176 2639 superessent.
1201 2554 1358 2618 divinar

147 2664 253 2746 potius
289 2682 383 2746 qnam
420 2660 565 2749 intellegi
601 2669 745 2746 possent,
778 2662 836 2726 boc
869 2669 974 2724 tamen
1007 2663 1084 2724 satis
1117 2661 1201 2725 clare
1233 2656 1358 2745 quivis

146 2770 332 2853 perspiciat,
358 2767 440 2831 male
464 2773 495 2832 et
519 2773 716 2852 praepostere
739 2767 867 2833 illatum
894 2789 960 2833 esse
985 2767 1145 2845 μεγέθους.
1194 2765 1358 2832 Debebat

147 2882 254 2938 autem
286 2871 322 2938 ἵν’
355 2871 388 2948 ἐξ
418 2872 482 2942 ίσου
515 2872 637 2952 ύψουο
662 2881 837 2952 πολεμῶσι,
864 2885 975 2938 aut—
997 2874 1094 2958 nihil,
1118 2875 1201 2959 quod
1228 2873 1276 2939 vel
1302 2888 1358 2934 ex

147 2980 344 3044 uberioribus
367 2979 433 3044 illis
454 2982 620 3065 probetur,
642 3002 721 3066 quae
742 2980 932 3045 Harleienus
951 2983 1098 3065 praebet,
1111 2981 1187 3046 licet
1207 2992 1239 3046 et
1258 2981 1348 3044 haec

148 3087 216 3170 ipsa
235 3088 280 3149 ita
300 3093 479 3170 comparata
497 3090 580 3160 sint,
602 3094 638 3151 ut
657 3109 730 3172 prae
750 3087 894 3151 exilitate
914 3093 1041 3151 tanturn
1063 3107 1190 3161 eorum,
1207 3106 1284 3171 quse
1296 3101 1337 3147 ex

148 3189 174 3254 V
198 3192 396 3276 prodierunt,
425 3193 567 3258 uberiora
592 3192 743 3278 appellari
769 3201 958 3258 mereantur.
1003 3192 1084 3257 Sunt
1107 3200 1216 3258 autem
1239 3193 1325 3256 haec:

147 3299 177 3360 ἓν
207 3298 265 3372 μὲν
298 3298 453 3377 Ὀλύμπῳ
487 3300 629 3372 ἠπείλουν
660 3303 715 3374 τὴν
747 3299 858 3378 μοίχνν
883 3307 1027 3382 ποιεῖν,
1054 3304 1139 3375 μετα
1165 3300 1196 3363 δὲ
1219 3297 1322 3366 ταύτην

146 3402 206 3483 ίρος
232 3402 288 3482 ὄρει
311 3405 514 3482 περιβαλεῖν
538 3407 595 3480 καὶ,
617 3414 738 3484 κρατεῖν
762 3411 815 3469 τοῦ
839 3404 1065 3483 Ὀλύμπου.
1087 3407 1157 3470 οίνπί
1177 3411 1230 3470 σοῦ
1247 3400 1316 3482 παριί

148 3508 316 3591 Ὀλύμπῳ,
352 3508 418 3574 ἵνα
450 3510 492 3587 ἐξ
525 3511 609 3577 ίσου
634 3515 885 3589 πολεμῶσιν,
911 3514 936 3577 oi
959 3514 1016 3586 μὲν
1040 3511 1073 3588 ἐξ
1099 3506 1313 3590 Ὀλύμπου,οί

146 3617 177 3681 δὲ
204 3616 238 3692 ἐξ
258 3617 389 3690 Ὀσσνς.
420 3617 517 3704 [μεποὶ
542 3618 573 3682 δὲ
597 3624 714 3691 ταύτην
738 3618 799 3698 ὅρος
824 3618 880 3698 ίρει
906 3620 1110 3699 περιβαλεῖν
1135 3622 1188 3683 καὶ
1213 3619 1311 3697 κρατεῖν

146 3729 199 3788 ποῶ
224 3725 419 3808 οὐρανού]
456 3723 684 3790 Turbatissime
709 3726 785 3789 baec
810 3726 872 3790 dici
896 3725 999 3811 palam
1024 3737 1082 3790 est.
1113 3727 1184 3791 Non
1204 3734 1309 3810 tangam

146 3851 225 3915 quae
249 3833 349 3914 ipsius
373 3833 533 3916 scriptoris
558 3833 661 3896 dicam
687 3853 726 3897 an
750 3834 940 3916 excerptoris
965 3832 1058 3916 culpa
1077 3852 1223 3916 perversa
1241 3832 1309 3906 sunt,

145 3936 321 4021 praesentia
349 3943 443 4020 puto,
477 3939 532 4001 nbi
551 3938 680 4002 -futuris
703 3958 781 4023 opus
805 3945 869 4012 est,
895 3940 1036 4012 ἠπείλουν
1061 3946 1168 4013 ποιεῖν,
1196 3941 1307 4018 κρατεῖν,

146 4042 199 4107 sed
231 4043 405 4107 scribarum
438 4046 518 4108 vitia
552 4047 661 4109 insunt
695 4066 752 4109 neo
786 4065 886 4129 peuce
918 4066 973 4109 nec
1005 4044 1100 4111 levia.
1149 4048 1248 4129 Atque
1266 4041 1308 4104 hcc

146 4148 276 4232 quidem
301 4170 394 4214 nemo
417 4171 479 4214 non
503 4151 609 4227 videt,
636 4153 685 4217 bis
709 4152 818 4216 eadem
843 4151 926 4234 dici,
952 4159 1045 4235 atque
1064 4154 1109 4216 sic
1127 4157 1164 4216 ut
1183 4153 1229 4216 bis
1246 4147 1309 4213 iden

146 4256 263 4319 vitium
296 4264 436 4320 recurrat
468 4256 648 4336 περιβαλεῖν
680 4278 736 4342 pro
760 4256 980 4337 ὑπερβαλεῖν,
1006 4260 1068 4322 nisi
1093 4262 1165 4342 quis
1187 4256 1256 4342 quid
1274 4248 1309 4329 ίολ

146 4359 222 4445 ίρεπι
260 4363 463 4443 περιβάλλειν
494 4367 536 4427 sit
564 4366 729 4428 commode
754 4365 909 4448 explicare
934 4365 1047 4430 valeat.
1095 4364 1201 4429 Unum
1225 4364 1308 4429 autem
