2978 4950
715 198 780 271 806

152 381 203 452 καί
237 386 358 469 ἔλαφοι.
392 392 489 478 (ΕΝ.)
523 394 667 481 Vulgata
698 393 847 459 desinunt
878 397 911 459 in
945 396 1078 473 γίνεται.
1131 393 1317 461 Scribendta
1338 427 1389 479 ῃ

152 496 263 582 utique
295 499 324 560 όν
357 500 472 584 τούτῳ,
505 539 546 550 -
580 493 642 565 nisi
673 503 745 585 quis
775 512 807 565 et
837 503 871 564 in
902 501 1033 567 flumina
1064 521 1157 588 apros
1179 507 1212 567 et
1235 522 1389 586 σαντα

150 605 244 690 gigni
267 604 348 670 velit
372 644 431 683 -‚
466 607 735 692 quemadmodum
767 604 852 682 BPQ
883 609 922 673 ad
946 607 1187 693 praecedentem
1209 628 1377 689 versun,

151 709 287 774 habent:
312 711 497 790 Ἐρύμανθος
519 714 549 778 δὲ
574 712 634 792 όρος
661 712 849 791 Ἀρκαδίας,
876 709 910 778 οὖ
933 714 1041 778 πολλοί
1063 715 1135 785 συές
1156 713 1209 779 καί
1229 713 1372 799 ἔλαφοι

152 817 293 892 γενέσόαι
330 819 563 897 παραδέδονται.
612 819 722 885 Potest
758 825 864 884 lamen
900 822 971 904 quis
1002 827 1110 885 nostra
1141 819 1363 908 neglegenter

152 921 324 987 admodum
349 936 496 1010 excerpta
520 932 659 991 statuere
683 947 721 989 er
744 929 803 1009 iis,
829 946 909 1010 qnae
933 927 1029 990 iidem
1053 926 1177 992 codices
1200 924 1280 1011 (ΡΩ)
1306 934 1351 1000 ad

152 1032 391 1115 praecedentem
411 1054 537 1098 versum
560 1033 808 1118 adscripserunt,
833 1032 889 1097 ubi
910 1053 985 1098 oum
1006 1033 1045 1098 da
1066 1038 1342 1118 utroquemonte‚

151 1144 183 1202 et
214 1137 359 1225 Taygeto
392 1147 424 1203 et
455 1138 665 1226 Erymantho,
704 1145 818 1227 agatur
840 1143 925 1204 recta
947 1138 1060 1204 habet:
1085 1139 1111 1204 σί
1134 1140 1199 1220 γὰρ
1223 1138 1337 1207 τόποι

150 1239 259 1309 οὗτοι
285 1244 484 1325 πλεοναζουσι
509 1244 633 1324 κοίπρσις
660 1245 711 1308 καί
738 1244 865 1325 ε’λόφοις
892 1260 963 1310 κτλ.

196 1455 231 1540 ζ,
259 1455 332 1521 117.
382 1459 539 1522 Nausicaa
562 1457 628 1543 pila
651 1457 764 1522 ludens
787 1457 970 1538 ἀμφιπόλου
991 1460 1047 1536 μὲν
1067 1458 1211 1538 ι’ίρεαρσε,
1229 1458 1328 1538 dalila

152 1560 308 1638 δ’ἔμβοιλε
333 1563 411 1644 δίνη,
436 1564 454 1648 ΙΙ
480 1565 513 1627 αί
536 1563 614 1627 δ’ἕπί
639 1557 753 1642 μακρὸν
775 1563 887 1628 ἄυσαν.
909 1602 949 1613 -
972 1566 985 1629 ό
1005 1564 1140 1645 δ’ἔγρετο
1157 1566 1216 1638 δῖος
1227 1564 1326 1632 Ὀδυσ-

151 1671 232 1741 σεός.
268 1669 473 1736 Praedicatur
495 1672 527 1734 in
551 1670 602 1734 his
625 1673 728 1734 virtus
759 1668 889 1734 Homeri
914 1675 1053 1756 poetica,
1080 1676 1178 1739 etiam
1202 1675 1233 1737 in
1255 1678 1327 1738 bn·

150 1799 224 1864 pore
236 1780 350 1862 cuique
362 1778 407 1841 rei
420 1777 531 1842 idoneo
544 1776 738 1841 observando
748 1776 1000 1862 explendescens.
1015 1781 1050 1844 'E
1061 1803 1085 1843 π
1094 1803 1103 1841 ι
1113 1802 1133 1843 τ
1143 1805 1160 1854 η
1170 1779 1208 1844 δε
1218 1780 1272 1848 tac
1283 1812 1318 1825 -·

149 1884 253 1970 inquit
283 1885 388 1948 nescio
421 1885 492 1968 quis
526 1919 567 1930 —
598 1883 756 1955 ἀνίστησιν
780 1882 956 1968 Ὀδυσσέα,
980 1885 1073 1950 όπότε
1098 1886 1169 1952 ου’τε
1193 1884 1326 1958 λυπήσειν

149 1991 282 2068 ἔμελλεν
306 1991 552 2063 ἐπιτηδείοις
578 1989 776 2068 ἐχούσαις
802 1990 954 2073 insane,
981 1991 1050 2057 οὔτε
1072 1993 1247 2074 ἐνοχλήσειν
1264 1991 1326 2056 διν·

149 2097 249 2175 κόψας
282 2098 336 2170 την
369 2095 505 2160 παιδιιίν.
530 2095 661 2160 λε’λυται
686 2096 749 2174 γὰρ
773 2099 789 2171 ἡ
815 2097 925 2161 παιδιαὶ
949 2105 1100 2180 τυχηρῶς.
1127 2099 1219 2183 (PQ.)
1260 2097 1330 2163 dine

150 2205 363 2269 controversia
387 2202 562 2275 ἐπιτηδείως
587 2203 733 2281 ἐχούσαις
757 2209 940 2288 corruptum
964 2210 1020 2269 est.
1059 2203 1104 2270 Ut
1123 2213 1241 2272 taceam
1263 2223 1331 2270 rer-

151 2314 225 2375 bum
249 2317 357 2374 λυπεῖν
377 2330 473 2395 prave
495 2329 567 2373 cum
582 2310 690 2374 dativo
701 2310 866 2386 iunctum,
880 2311 971 2375 cuius
983 2310 1168 2397 exemplum
1179 2312 1330 2381 desidero,

147 2416 241 2502 quid,
274 2436 408 2501 quaes0,
440 2416 474 2479 αι’
506 2414 643 2493 παρθένοι
676 2414 850 2490 ἐπιτηδείως
881 2411 966 2497 είχον
998 2418 1134 2501 ἐπιφορεῖ
1160 2416 1331 2506 significare

146 2526 198 2588 bic
220 2521 368 2588 debebit?
391 2522 589 2596 Ἐπιτηδείυς
615 2519 678 2602 ἔχει
701 2528 748 2586 est
773 2523 940 2597 ε’πιτηδειός
965 2523 1040 2599 stac,
1062 2546 1164 2610 neque
1183 2525 1265 2591 aliud
1280 2522 1334 2588 est

146 2640 202 2696 aut
235 2651 301 2694 esse
333 2636 446 2713 potest.
496 2629 605 2713 Itaque
637 2649 697 2692 non
731 2628 865 2693 dubium
900 2631 1043 2706 videtur,
1069 2635 1146 2716 quin
1171 2640 1226 2697 aut
1248 2650 1337 2718 prae·

147 2745 271 2821 postera
301 2736 441 2800 eiusdem
475 2735 623 2811 vocabuli
647 2737 832 2820 repetitione
857 2743 913 2801 aut
936 2738 1057 2801 scribae
1078 2742 1243 2804 oscitantia
1263 2755 1341 2823 par⁶

148 2865 220 2909 vam
259 2842 484 2907 nonnullarum
516 2842 682 2906 literarum
714 2841 861 2906 lacunam
893 2863 1054 2928 perperam
1088 2845 1242 2931 explentis
1271 2854 1343 2910 τοι

148 2951 339 3025 ἐπιτηδείως,
373 2969 452 3033 quae
484 2951 518 3012 in
549 2947 669 3032 periodi
700 2947 793 3012 initio
825 2947 903 3013 bane
927 2949 1041 3034 habet,
1066 2954 1098 3014 in
1124 2951 1231 3017 locum
1254 2944 1347 3017 alind

147 3056 294 3121 vocabuli
325 3063 380 3120 aut
412 3075 487 3120 sono
518 3060 573 3119 aut
598 3052 700 3141 figura
725 3053 901 3119 consimilis
926 3076 999 3145 snm
1025 3059 1201 3122 sententiae
1224 3058 1350 3123 damno

147 3166 318 3248 irrepserit.
344 3161 427 3226 Nam
448 3161 649 3225 scribendum
672 3180 738 3224 esse
759 3163 885 3245 opinor:
900 3160 990 3226 ὁπότε
1005 3161 1075 3227 οὔτε
1089 3167 1236 3239 λυπησειν
1247 3162 1355 3240 ἔμελ’

149 3287 201 3334 λεν
222 3270 475 3352 ίπιτ(εταμό)
486 3290 552 3336 νιος
574 3265 714 3347 ε’χσόσΑς
736 3268 796 3351 (τῇ
810 3267 898 3351 add.)
919 3269 1063 3353 ἐπιφορρῐ,
1078 3272 1148 3335 οὔτε
1163 3271 1354 3353 ε’νοχλνίσειν

148 3378 302 3456 διακόψας
335 3378 389 3450 την
414 3374 540 3439 παιδιάν
569 3389 640 3437 κτλ.
687 3373 843 3458 Perquam
870 3384 1044 3459 opportuno
1070 3382 1228 3463 tempore,
1250 3392 1357 3442 asar*

148 3492 233 3549 rator
255 3484 380 3566 inquit,
403 3486 496 3565 poeta
515 3478 643 3544 Ulixem
664 3479 702 3544 de
720 3500 829 3544 somno
851 3485 1123 3569 expergiscentem
1147 3484 1239 3561 facit,
1261 3492 1357 3548 curn

146 3589 328 3677 virginibus
364 3608 466 3672 neque
501 3586 608 3673 gravis
644 3607 710 3650 esse
746 3592 850 3669 posset
886 3590 972 3651 omni
1004 3591 1112 3654 animo
1144 3590 1269 3656 intentis
1294 3589 1355 3652 in

148 3699 305 3781 impetum
326 3694 410 3779 pilae
430 3696 463 3756 in
484 3714 598 3776 aquam
619 3693 751 3766 ruentis,
774 3713 876 3776 neque
897 3693 1050 3758 molestus
1070 3694 1146 3761 lusu
1166 3694 1354 3779 eiusculpa

147 3801 343 3877 intermiss03
378 3799 466 3863 lusus
499 3800 583 3862 enim
616 3797 745 3862 fortuito
776 3796 884 3863 finitus
908 3806 965 3864 est.
1012 3800 1214 3867 adverbium
1237 3803 1351 3866 ἐπιτε-

148 3906 288 3984 ταμένως
322 3920 353 3970 et
384 3904 461 3970 alibi
493 3903 612 3991 legitur
636 3910 667 3968 et
691 3903 774 3987 apud
798 3903 999 3970 Athenaeum
1025 3909 1059 3969 in
1083 3912 1238 3993 excerptis
1259 3896 1341 3972 libri

146 4013 273 4078 secundi
310 4033 335 4076 c.
361 4010 423 4088 24,
448 4032 478 4095 p.
507 4009 600 4074 45d:
625 4007 670 4074 ότι
695 4018 757 4080 τοῖς
782 4011 973 4089 προπίνουσιν
999 4015 1052 4096 (sc.
1081 4010 1167 4102 ὕδωρ)
1194 4015 1336 4079 ἐπιτετι·

147 4118 242 4196 μόνοις
264 4120 317 4182 οὐκ
342 4117 453 4189 οίκείως
478 4116 645 4181 διατίίεται
672 4117 685 4180 ό
710 4117 890 4197 στόμαχος,
915 4118 1004 4183 α’λλίο
1025 4125 1150 4195 μᾶλλον
1171 4124 1324 4185 κακοῦται,

144 4231 177 4290 eb
211 4226 243 4288 in
280 4222 407 4290 Villois.
440 4222 502 4287 An.
535 4219 592 4288 Gr.
626 4221 656 4287 Π
688 4244 718 4308 p.
754 4222 836 4289 105:
869 4224 920 4289 καὶ
955 4225 998 4289 τόν
1032 4227 1201 4303 πνεύματα
1224 4224 1266 4294 δό.
1288 4220 1321 4285 τί

143 4332 200 4409 μὲν
224 4331 257 4396 ἐκ
281 4334 334 4394 τοῦ
355 4331 483 4409 όόιρακος
504 4328 633 4408 πρόεισιν
654 4329 881 4409 ἐπιτεταμένως
905 4346 973 4395 κτλ.
1011 4330 1103 4411 Quod
1113 4333 1312 4399 neeessariam
