2978 4950
720 217 786 285 435

143 433 243 489 πετο,
264 412 303 482 ὥς
323 410 376 475 καὶ
397 407 488 475 ἄλλοι
510 403 580 474 θεῶν
592 408 714 482 παῖδες.
740 407 833 473 Nunc
854 408 984 493 quidem
1004 427 1065 473 non
1077 412 1200 492 poterat
1212 402 1340 469 melius.

192 646 231 699 κ,
257 617 333 685 296.
380 617 559 682 Mercurius
582 619 621 683 de
644 616 734 683 Circe
758 619 798 683 ad
821 617 969 684 Ulixem:
995 617 1064 694 ἠδέ
1084 619 1113 680 σ’
1133 614 1340 680 ῦποθθεθσασα

144 728 318 801 κελήσεται
351 726 516 798 εὐνηθῆναι.
565 723 699 789 Factum
731 726 764 789 id
796 726 828 788 οὐ
861 723 899 790 δι’
925 725 1117 797 οὶκολασθαν,
1143 719 1219 786 ἀλλ’
1246 719 1281 798 έξ
1305 718 1343 785 ὦν

143 841 294 914 προεῖπεν
323 835 337 896 o'
370 834 483 908 Ἐριοῆς
517 831 613 916 (infra
642 853 688 895 vs.
723 830 801 914 331)
827 831 1018 909 λογισαμένη
1043 833 1081 901 ὡς
1105 828 1261 909 θεοφιλής.
1287 827 1343 912 (Q)

144 939 257 1004 lmmo
280 941 318 1008 ὥς
342 940 525 1017 θεοφιλῆ.
570 935 780 1024 'significatur
802 959 864 1002 non
888 935 997 1014 Circe,
1023 936 1077 1002 sed
1101 934 1223 1000 Ulixes.

196 1177 233 1226 κ,
260 1150 337 1216 301.
384 1150 590 1236 Parephrasis
614 1151 653 1215 ad
677 1153 721 1226 μή
746 1150 774 1214 σ’
796 1151 1060 1228 ἀπογυμνωθέντα
1086 1151 1179 1215 κακὸν
1199 1151 1251 1216 καὶ
1273 1151 1347 1223 ciari-

147 1281 223 1338 νορα
248 1259 327 1335 θείης
351 1256 506 1334 μηδεμίαν
525 1251 664 1357 ἀνδρείαν
684 1256 812 1338 ἔχοντα,
833 1258 849 1332 θη
870 1259 981 1332 μηκέτι
1002 1257 1107 1339 ἄνδρα,
1129 1259 1216 1322 οὶλλά
1237 1260 1345 1336 θηροόι.

147 1365 209 1454 (Τ)
233 1364 446 1451 Reponendus
469 1363 641 1453 singularis
665 1364 753 1430 ἄλλα
776 1365 920 1445 θηρίον.

197 1602 233 1654 κ,
248 1577 324 1655 314,
339 1576 416 1642 315.
464 1570 539 1640 Εἶσε
564 1574 596 1639 δέ
618 1577 653 1652 μ’
679 1578 900 1654 εἰσαγαγοῦσα
926 1576 976 1640 ἐπὶ
1002 1576 1100 1657 θρθνου
1123 1577 1310 1657 ἀργυροήλου

468 1688 581 1760 καλοῦ,
606 1682 787 1747 δαιδαλέου·
815 1682 871 1746 ὑπὸ
897 1683 927 1747 δέ
951 1687 1053 1762 θρῆνυς
1083 1684 1171 1748 ποσὶν
1195 1679 1255 1756 ἦεν.

147 1790 205 1857 Ad
237 1791 295 1855 hos
325 1811 436 1856 versus
466 1797 650 1874 excerptum
682 1792 829 1854 criticum
853 1789 988 1876 ipraebet
1020 1788 1064 1869 Q,
1098 1796 1136 1854 nt
1158 1811 1217 1877 ego
1239 1791 1346 1856 iudico

148 1896 296 1984 Didymo
327 1895 525 1972 subiectum,
558 1905 595 1960 ut
625 1894 838 1973 Schmidtius,
875 1898 1072 1972 Aristonico,
1097 1895 1211 1962 leviter
1235 1899 1347 1981 utique

150 2009 358 2088 corruptum:
390 2002 419 2065 έν
451 2001 567 2074 τούτοις
596 2002 787 2066 ἐπετέτακτο
811 2002 845 2066 τὸ
874 2007 1007 2085 ῃκαλοῦ,
1031 2002 1210 2087 δαιδαλέου,
1236 2003 1293 2067 ῦπὸ
1316 2003 1348 2067 δέ

149 2223 227 2303 post
260 2236 333 2281 eum
364 2214 537 2279 Larochius
570 2216 665 2279 verba
697 2217 764 2279 sine
790 2214 857 2280 ulla
882 2213 1078 2300 corruptelae
1101 2216 1277 2300 suspicione
1300 2235 1348 2280 re-

150 2325 358 2409 petiverunt3
395 2320 576 2386 Diudorfius
611 2321 726 2386 merito
760 2320 889 2385 offendit
919 2325 952 2385 in
984 2321 1013 2384 ἕν
1043 2322 1177 2399 τούτοις,
1208 2343 1348 2406 proquo

152 2434 340 2513 „exspectes
375 2429 454 2492 τισὶν
489 2426 542 2493 vel
578 2428 674 2497 ἐνίοις.
723 2427 857 2513 Legitur
892 2428 944 2493 hic
975 2449 1084 2493 versus
1118 2431 1225 2513 (quem
1257 2427 1284 2493 Τ
1313 2431 1347 2493 in

150 2538 303 2621 margine
327 2534 423 2599 habet
446 2554 464 2598 a
487 2555 531 2597 m.
556 2535 632 2616 rec.)
657 2533 738 2598 infra
763 2532 827 2597 367
853 2543 886 2597 et
909 2559 930 2597 α
957 2533 1051 2598 131.”
1086 2533 1174 2599 Haec
1197 2534 1263 2600 ille.
1304 2538 1347 2601 At

149 2644 271 2706 vitium
307 2644 374 2726 ipse
406 2641 609 2725 potissimum
635 2644 667 2704 in
691 2643 923 2724 praepositione
947 2640 1177 2724 quaesiverim,
1199 2647 1237 2706 ut
1260 2641 1347 2729 lega·

147 2756 224 2814 tur:
249 2747 315 2810 ε’πὶ
339 2747 467 2826 τούτῳ
491 2746 680 2810 ἐπετέτακτο
701 2750 735 2810 τὸ
759 2746 899 2822 ,,καλοῦ”
913 2763 997 2822 κτλ,
1012 2748 1046 2811 id
1066 2753 1114 2811 est
1133 2746 1218 2823 μετὰ
1230 2752 1346 2826 τοῦτον,

149 2855 238 2941 qnod
274 2876 313 2919 ex
347 2857 503 2919 sexcentis
538 2853 616 2917 locis
657 2853 710 2917 hic
746 2874 828 2917 unus
862 2853 1084 2939 Xenophontis
1118 2855 1348 2921 demonstrabit

151 2958 285 3048 (Oyrop.
312 2959 357 3036 II,
380 2958 449 3044 1Ιῇ
472 2959 523 3043 6);
549 2964 668 3032 στήσας
694 2960 745 3024 τὸν
769 2960 912 3040 λοχαγὸν
936 2967 1049 3040 πρῶτον
1073 2961 1126 3024 καὶ
1150 2959 1280 3037 τάξας
1304 2961 1346 3035 θη

150 3067 215 3132 ἐπ’
249 3068 355 3145 αὐτῷ
387 3065 482 3144 ἄνδρα
511 3066 641 3129 νεανίαν.
691 3065 803 3150 Itaque
827 3065 1046 3141 Aristarchus,
1072 3076 1230 3152 expuncto
1253 3089 1346 3134 versu

151 3176 236 3239 satis
256 3172 373 3256 debili,
396 3172 627 3260 coniungebat:
653 3168 715 3235 εἷσε
742 3171 773 3235 δέ
797 3172 831 3248 μ’
856 3174 1075 3249 εἰσαγαγοῦσα
1102 3173 1151 3236 ert
1177 3175 1272 3253 θρθνον
1296 3176 1348 3254 cip-
1394 3169 1397 3178 '

152 3279 308 3369 γυροηλου
316 3326 324 3355 ,
339 3290 356 3361 ΙΙ
368 3279 457 3355 τεῦξε
480 3278 512 3342 δέ
534 3302 585 3346 αοι
605 3285 699 3342 κυκεῶ
720 3279 839 3358 χρυσέῳ
852 3277 931 3360 δέπᾳ
942 3328 949 3350 ,
962 3278 1044 3356 ὄφρα
1057 3279 1168 3355 πίοιμι.
1192 3279 1349 3345 Enostris

151 3385 250 3452 libris
280 3394 404 3471 praeter
435 3384 461 3449 Τ
493 3384 577 3448 hunc
606 3404 733 3448 versum
759 3386 882 3449 omittit
906 3383 1059 3451 barochio
1083 3392 1164 3451 teste
1186 3385 1349 3475 Stuttgar·

152 3495 257 3559 tensis
280 3500 424 3568 tantum,
448 3494 601 3577 pessimae
625 3498 717 3555 notae
741 3492 847 3556 codex.

200 3735 240 3794 κ,
267 3707 342 3772 324.
392 3710 454 3771 Καθ
478 3709 512 3785 μ’
538 3707 742 3787 ὀλοφυρομένη
768 3705 849 3771 ἔπεα
874 3706 1041 3784 πτερθεντα
1064 3709 1229 3786 προσηύδα.
1268 3710 1347 3776 Par-

151 3819 307 3902 ticipium
341 3815 489 3878 mutabat
522 3813 760 3898 Aristophaneo.
807 3813 1032 3892 ’ΛριστοΦοένης
1069 3817 1143 3895 „xci
1177 3841 1218 3892 με
1243 3831 1346 3881 λισσο-

150 3922 266 4006 μένη.”
301 3924 353 3986 καὶ
391 3920 474 3983 έστιν
504 3923 557 3984 οὐκ
589 3917 704 3999 ἄχαρις
739 3923 755 3994 ἦ
789 3920 911 4000 γραφη.
947 3920 1029 3984 οὐδέν
1059 3921 1123 4000 γοὶρ
1148 3925 1347 4003 ὀλοφυρτικὸν
1432 3913 1437 3925 ’

151 4032 246 4109 λέγει
278 4028 345 4093 καὶ
379 4026 512 4103 έποθγει,
544 4047 624 4111 quae
655 4024 796 4112 Didymo
820 4033 947 4110 accepta
972 4026 1147 4092 referimus.
1172 4028 1233 4114 (H)
1256 4029 1349 4096 Prae

151 4141 277 4207 feram:
313 4125 396 4199 οὐδέν
431 4133 494 4210 γαρ
534 4131 731 4211 θλοφυρτικθν
768 4131 855 4208 λέγει
884 4131 927 4196 ’Ἡ
958 4134 1081 4211 ἐπάγει.
1130 4136 1351 4221 Aristophanis

153 4245 350 4327 scripturam
383 4262 400 4304 e
432 4241 661 4305 recentioribus
685 4244 888 4304 tentaverunt
911 4237 1077 4305 Nauckius
1101 4244 1213 4317 (Arist.
1236 4265 1268 4328 p.
1294 4244 1350 4328 45)

157 4359 192 4420 et
228 4347 432 4423 Nissenius,
468 4347 521 4411 hic
553 4345 606 4410 καὶ
636 4344 853 4422 μειλισσομένη
885 4348 1061 4432 proposito,
1094 4347 1150 4414 illc
1181 4350 1233 4414 καὶ
1258 4351 1290 4415 δέ
1313 4376 1354 4429 με
