2978 4950
697 187 763 254 403

181 400 217 453 ι,
233 375 288 442 84.
334 377 425 442 Dixit
459 376 498 440 de
531 376 727 464 Lotophagis
762 377 942 444 Homerus:
973 377 1003 445 οἵ
1028 382 1059 442 τ’
1088 379 1202 446 ἀνθινον
1234 380 1322 464 εἶδαρ

130 481 595 548 oovacv.adnorau1r:taov
619 479 762 561 είπεν,
743 509 780 557 ως
805 485 939 551 τοιούτου
963 484 1045 560 ὄντος
1071 492 1125 553 τοῦ
1146 494 1244 553 λωτοῦ
1264 485 1323 556 οίον

130 588 239 663 ἀνθους
262 589 351 660 τινός.
377 589 540 676 (ut)
468 589 575 656 Usitat
561 596 632 654 tum
656 595 704 655 est
690 589 783 655 ἀί
791 617 838 665 ως
861 588 957 657 εἷπεν.

179 823 206 877 ι,
232 799 285 865 92.
323 800 443 866 Δίκαιον
467 799 550 874 ὄντες
575 797 678 878 ἀνδρες
699 800 904 889 (Lotophagi)
924 802 983 885 βία
1002 803 1082 867 τινὶ
1104 805 1136 867 οὐ
1158 811 1320 884 κατεῖχον,

130 906 221 971 ἀλλά
266 910 372 972 πειθοῖ.
416 907 450 972 τὸ
486 909 517 972 δὲ
554 907 721 984 „uitam”
758 907 845 982 δηλοῖ
876 906 922 973 ὅτι
956 911 1033 990 οὐχ
1070 910 1250 983 ἑκούσιος
1288 905 1321 984 ἦν

128 1013 251 1107 ε’κείνων
282 1016 295 1078 θ
326 1013 488 1092 γενόμενος
519 1013 644 1092 ὄλεθρος.
677 1016 728 1077 καί
753 1016 817 1094 γάρ
842 1018 866 1080 οἱ
892 1017 1081 1096 Λωτοφάγοι
1106 1016 1213 1082 δίκαιοι
1238 1018 1320 1090 ὄντες

129 1119 191 1202 βίᾳ
226 1121 330 1186 οὐδένα
367 1130 533 1217 κατεῖχον,
565 1122 651 1186 ἀλλά
680 1125 722 1202 τῷ
754 1123 839 1202 λόγῳ
870 1124 950 1204 μόνῳ
980 1121 1115 1202 ἔθελγον.
1139 1125 1192 1209 (Q)
1217 1124 1322 1210 Stipes

130 1227 182 1291 bis
215 1228 303 1292 idem
339 1230 502 1313 apposuit,
540 1230 628 1313 prius
664 1229 873 1306 commotius,
904 1237 974 1294 tum
1007 1230 1131 1314 plenius
1163 1237 1194 1295 et
1217 1232 1322 1296 verbis

131 1334 325 1417 quibusdam
361 1334 457 1420 paulo
492 1334 684 1398 immutatis.
731 1332 793 1398 Sed
826 1336 887 1400 nisi
918 1339 1061 1421 scripsit,
1092 1340 1216 1402 invenit
1238 1346 1322 1403 uerte

130 1443 289 1525 scriptum
325 1441 383 1524 βίᾳ
415 1442 505 1506 τινά
538 1444 570 1506 οὐ
602 1448 765 1520 κατεῖχον,
793 1442 876 1526 quod
906 1463 982 1508 mox
1009 1442 1126 1508 melius
1150 1443 1240 1508 audit
1262 1443 1322 1527 βίᾳ

129 1546 277 1612 οὐδένα
301 1558 460 1629 κατεῖχον.
508 1547 550 1611 ut
574 1550 601 1610 si
626 1546 804 1632 Lotophagi
831 1549 952 1612 nemini
974 1552 1042 1614 vim
1068 1550 1261 1628 inferebant,
1284 1557 1322 1615 ut

131 1652 200 1718 loto
234 1663 430 1737 vesceretur,
463 1653 530 1719 fieri
562 1656 672 1736 nequit
705 1659 740 1717 ut
770 1675 883 1718 verum
913 1659 955 1718 sit
978 1652 1023 1720 ίτι
1048 1656 1108 1734 οὐχ
1132 1656 1263 1728 ἑκούσιος
1288 1652 1321 1730 ἦν

128 1759 249 1823 ἐκείνων
285 1761 297 1824 ί
330 1760 491 1838 γενόμενος
521 1759 647 1838 ὄλεθρος.
697 1759 802 1824 Immo
833 1767 889 1824 aut
918 1762 1134 1826 inducendum
1157 1766 1219 1827 erit
1241 1765 1320 1848 οὐχ,

128 1870 205 1950 aut,
229 1867 313 1950 quod
336 1868 400 1932 fere
425 1865 555 1943 malim,
580 1866 800 1930 scribendum:
826 1868 894 1929 οὐκ
919 1867 1120 1940 ἀκούσιος.

175 2103 201 2156 ι,
229 2079 304 2144 106.
351 2085 523 2143 Κυκλώπων
554 2079 581 2142 δ’
614 2080 643 2150 ἐς
674 2086 772 2156 γαῖαν
803 2080 1018 2160 ὑπερφιάλων,
1043 2081 1233 2159 ἀθεμίστων,
1258 2084 1319 2149 ίκθ·

126 2187 209 2263 μεθ’.
256 2185 446 2260 Quaesitum
471 2193 518 2251 est
541 2187 580 2252 de
603 2186 836 2273 significatione
857 2177 1088 2252 edieetivorum
1110 2189 1317 2270 ὑπερφιάλων,

126 2293 317 2370 ἀθεμίστων,
331 2314 411 2376 quae
423 2294 475 2357 hie
489 2331 531 2341 -
544 2296 693 2378 inquiunt
708 2330 748 2339 -
763 2297 823 2358 etsi
841 2308 889 2358 est
901 2295 961 2359 hoc
974 2297 1142 2371 usitatius,
1155 2299 1188 2360 in
1200 2297 1319 2362 malam

126 2407 253 2484 partem
278 2402 377 2484 aooipi
400 2409 569 2484 nequeunt.
617 2401 654 2462 Ei
678 2399 740 2477 γάρ
767 2396 800 2471 ἦν
825 2402 998 2476 ἀθεμίστων
1023 2401 1091 2464 ἀντὶ
1117 2407 1169 2465 τοῦ
1193 2404 1316 2480 ἀδίκων,

126 2511 190 2578 πῶς
224 2505 311 2582 λέγει
344 2503 395 2583 ,οἵ
414 2509 451 2584 ῥα
477 2510 565 2569 θεοῖσι
591 2507 767 2577 πεποιθότες
779 2505 806 2590 ;”
839 2506 946 2593 Igitur
971 2507 1194 2592 (ὑπερφιάλων)
1218 2513 1236 2586 ἢ
1259 2513 1317 2574 τῶν

126 2618 340 2690 μεγαλοφνῶν
373 2614 415 2691 τῷ
451 2614 591 2688 σώματι,
624 2617 682 2675 τῶν
714 2613 848 2687 δισιίμων
879 2613 942 2691 γάρ
976 2616 992 2687 ἡ
1017 2612 1118 2698 λέξις,
1143 2618 1316 2692 ἀθεμίστων

125 2718 177 2801 δέ,
214 2724 272 2781 τῶν
303 2719 401 2794 νόμοις
433 2743 477 2793 μη
511 2718 683 2797 χρωμένων
719 2718 779 2804 (Η)
816 2717 888 2782 Non
918 2722 1003 2802 optio
960 2720 1122 2785 tdatur
1145 2722 1270 2787 sed't
1222 2732 1270 2787 int
1271 2745 1318 2789 er·

126 2827 278 2910 pretat10;
313 2825 563 2890 scribendum't
537 2831 645 2911 itaque
671 2832 705 2888 ut
729 2824 867 2889 adsolet:
893 2824 998 2911 ἥίτοι)
1024 2832 1082 2889 τῶν
1105 2835 1317 2909 μεγαλοφοῶν

126 2932 168 3012 τῷ
205 2933 327 3006 σώματι
354 2929 390 3015 ¹.)
437 2931 585 2996 Pleniora
619 2932 697 2996 haee
732 2932 842 2996 eadem
879 2935 1021 2995 suntin
1055 2931 1082 2997 Τ
1116 2954 1152 2998 ao
1188 2935 1262 3000 solit
1249 2942 1316 3001 tam

126 3040 350 3123 quaestionum
384 3038 521 3102 formam
556 3038 661 3125 magis
700 3040 867 3103 servantia.
916 3044 983 3108 Πῶς
1019 3039 1176 3119 οπερφιαλ
1178 3065 1226 3113 ους
1262 3041 1315 3107 καί

126 3143 311 3218 ἀθεμίστους
347 3168 399 3208 και
419 3143 674 3328 ρπαρανθμους
665 3146 754 3208 εἰπὼν
785 3145 855 3215 τοὺς
885 3143 1060 3214 Κύκλωπας
1084 3144 1205 3271 ἀφθονα
1229 3148 1316 3228 πωροι

126 3359 184 3423 μὲν
217 3358 266 3421 διά
289 3364 342 3430 τὴν
367 3275 518 3437 ὑπερροχνν
544 3363 595 3421 τοῦ
620 3361 784 3434 σώματος,
809 3300 992 3432 ἀθεμίστους
1018 3357 1050 3421 δὲ
1073 3359 1143 3429 τους
1167 3384 1211 3436 μιν
1236 3359 1315 3442 νόμῳ

126 3464 299 3547 χρωμένους
333 3465 487 3545 ἐγγράφῳ
518 3464 569 3526 teat
599 3466 633 3526 τὸ
667 3460 796 3527 ἕκαστον
819 3463 920 3526 ίδιον
942 3462 1165 3542 ἄρχεσθαι·
1191 3468 1316 3542 ,θεμισ-

126 3572 207 3637 τειίει
232 3573 263 3636 δὲ
285 3562 415 3640 ἕκαστος
441 3571 556 3633 παίδων
582 3571 624 3644 ἠδ’
648 3569 803 3649 ἀλίχου,”
821 3569 893 3647 ὅπερ
914 3570 1044 3644 ἀνομίας
1063 3581 1197 3647 σημεῖον.
1221 3573 1316 3638 Prae·

126 3680 201 3747 :ulit
232 3676 413 3743 Dindorfius
437 3678 537 3754 νάμοις
561 3678 736 3756 ἐγγράφοις
760 3680 855 3761 (App.
880 3698 910 3760 p.
938 3676 1034 3758 777),
1058 3678 1141 3761 quod
1165 3680 1314 3764 praeferri

126 3866 300 3877 ...μ’-..-

154 3978 185 4040 1)
209 3977 278 4040 Apud
301 3975 467 4038 grammatieos
485 3975 594 4039 inprimis
612 3973 730 4036 sequiores
748 3967 803 4026 ’ν’τοι
822 3989 868 4021 uon
886 3975 965 4022 miuus
981 3990 1052 4039 quum
1070 3971 1145 4034 tiyovs
1162 3977 1240 4025 valere
1257 3994 1313 4024 που·

126 4066 214 4123 -έσπι,
239 4066 274 4114 vol
296 4066 340 4113 hoc
367 4082 439 4114 uuum
456 4082 482 4114 ox
502 4056 601 4114 intuitis
619 4063 731 4127 exemptis
748 4060 868 4126 probabit:
889 4081 897 4109 ι
916 4065 971 4114 156.
991 4061 1112 4124 Αίγωνέας
1134 4062 1311 4129 δολιχαίλονς’

126 4158 226 4207 ὐιόντια
262 4151 384 4215 ἐπιμήκεις
414 4158 470 4210 τοὺς
499 4153 587 4209 αὐλοὺς
617 4150 725 4216 ἐ’χοντα,
754 4148 825 4206 ’νίτοι
855 4151 895 4199 τα
924 4151 1064 4216 σιδήρια.
1103 4156 1211 4207 sicui.
1230 4163 1263 4209 At
1281 4163 1310 4212 P:

126 4252 225 4297 οιόντιοι
243 4247 324 4306 μακρὰ
342 4244 491 4307 ὀλοσιδιὶρους
512 4245 600 4301 αὐλοὺς
621 4242 728 4307 ἔχοντα,
746 4240 912 4292 τουτέστι
931 4246 966 4293 τα
984 4262 1001 4292 σ
1022 4243 1122 4308 διίρια.
1141 4249 1313 4315 Corrigendum

126 4340 194 4394 imul
213 4340 354 4399 μακροὺς
376 4364 406 4371 --
430 4336 518 4391 αὐλοὺς
536 4333 577 4399 ίχ.
1240 4324 1243 4329 ’
