<?xml version="1.0" encoding="UTF-8"?>
<!DOCTYPE html PUBLIC "-//W3C//DTD XHTML 1.0 Transitional//EN"
    "http://www.w3.org/TR/xhtml1/DTD/xhtml1-transitional.dtd">
<html xmlns="http://www.w3.org/1999/xhtml" xml:lang="en" lang="en">
 <head>
  <title>
</title>
<meta http-equiv="Content-Type" content="text/html;charset=utf-8" />
  <meta name='ocr-system' content='tesseract 3.04.00' />
  <meta name='ocr-capabilities' content='ocr_page ocr_carea ocr_par ocr_line ocrx_word'/>
</head>
<body>
  <div class='ocr_page' id='page_1' title='image "./adodysseameiusq00polagoog_0075.png"; bbox 0 0 2978 4950; ppageno 0'>
   <div class='ocr_carea' id='block_1_1' title="bbox 722 193 767 267">
    <p class='ocr_par' dir='ltr' id='par_1_1' title="bbox 722 193 767 267">
     <span class='ocr_line' id='line_1_1' title="bbox 722 193 767 267; baseline 0 0"><span class='ocrx_word' id='word_1_1' title='bbox 722 193 767 267; x_wconf 88' lang='grc'>60</span> 
     </span>
    </p>
   </div>
   <div class='ocr_carea' id='block_1_2' title="bbox 144 383 1347 4195">
    <p class='ocr_par' dir='ltr' id='par_1_2' title="bbox 144 383 1347 4195">
     <span class='ocr_line' id='line_1_2' title="bbox 152 383 1343 478; baseline 0.005 -26"><span class='ocrx_word' id='word_1_2' title='bbox 152 383 274 474; x_wconf 81' lang='lat' dir='ltr'><strong>aliquot</strong></span> <span class='ocrx_word' id='word_1_3' title='bbox 294 389 438 453; x_wconf 89' lang='lat' dir='ltr'>versibus</span> <span class='ocrx_word' id='word_1_4' title='bbox 456 389 539 453; x_wconf 84' lang='lat' dir='ltr'>intra</span> <span class='ocrx_word' id='word_1_5' title='bbox 550 387 681 454; x_wconf 90' lang='lat' dir='ltr'>demum</span> <span class='ocrx_word' id='word_1_6' title='bbox 694 389 786 476; x_wconf 85' lang='lat' dir='ltr'>plene</span> <span class='ocrx_word' id='word_1_7' title='bbox 799 395 949 476; x_wconf 89' lang='lat' dir='ltr'>sequatur</span> <span class='ocrx_word' id='word_1_8' title='bbox 960 391 1060 477; x_wconf 90' lang='lat' dir='ltr'>patris</span> <span class='ocrx_word' id='word_1_9' title='bbox 1073 386 1268 478; x_wconf 75' lang='lat' dir='ltr'>appellatio?</span> <span class='ocrx_word' id='word_1_10' title='bbox 1280 386 1343 458; x_wconf 78' lang='lat' dir='ltr'>Sed</span> 
     </span>
     <span class='ocr_line' id='line_1_3' title="bbox 151 495 1345 583; baseline 0 -22"><span class='ocrx_word' id='word_1_11' title='bbox 151 495 205 562; x_wconf 83' lang='lat' dir='ltr'>vel</span> <span class='ocrx_word' id='word_1_12' title='bbox 216 498 312 560; x_wconf 92' lang='lat' dir='ltr'>nimis</span> <span class='ocrx_word' id='word_1_13' title='bbox 324 496 384 561; x_wconf 89' lang='lat' dir='ltr'>hoo</span> <span class='ocrx_word' id='word_1_14' title='bbox 396 502 444 560; x_wconf 88' lang='lat' dir='ltr'>est</span> <span class='ocrx_word' id='word_1_15' title='bbox 456 502 729 583; x_wconf 83' lang='lat' dir='ltr'>argumentorum.</span> <span class='ocrx_word' id='word_1_16' title='bbox 754 497 863 563; x_wconf 84' lang='lat' dir='ltr'>Eiecto</span> <span class='ocrx_word' id='word_1_17' title='bbox 876 498 1066 564; x_wconf 76' lang='lat' dir='ltr'>emblemate</span> <span class='ocrx_word' id='word_1_18' title='bbox 1088 499 1184 564; x_wconf 88' lang='lat' dir='ltr'>verba</span> <span class='ocrx_word' id='word_1_19' title='bbox 1204 501 1281 562; x_wconf 88' lang='lat' dir='ltr'>aunt</span> <span class='ocrx_word' id='word_1_20' title='bbox 1300 500 1345 562; x_wconf 90' lang='lat' dir='ltr'>ita</span> 
     </span>
     <span class='ocr_line' id='line_1_4' title="bbox 153 599 1344 690; baseline 0.001 -24"><span class='ocrx_word' id='word_1_21' title='bbox 153 603 317 667; x_wconf 88' lang='lat' dir='ltr'>struenda:</span> <span class='ocrx_word' id='word_1_22' title='bbox 339 599 431 674; x_wconf 82' lang='grc' dir='ltr'><em>οὕτως</em></span> <span class='ocrx_word' id='word_1_23' title='bbox 462 604 558 666; x_wconf 77' lang='grc' dir='ltr'><strong><em>τοίνυν</em></strong></span> <span class='ocrx_word' id='word_1_24' title='bbox 589 605 605 678; x_wconf 74' lang='lat' dir='ltr'>si</span> <span class='ocrx_word' id='word_1_25' title='bbox 640 603 776 674; x_wconf 79' lang='grc' dir='ltr'><em>ὑπόθεσις</em></span> <span class='ocrx_word' id='word_1_26' title='bbox 801 607 856 688; x_wconf 88' lang='lat' dir='ltr'>(sc.</span> <span class='ocrx_word' id='word_1_27' title='bbox 881 611 939 670; x_wconf 81' lang='grc' dir='ltr'><em>τῶν</em></span> <span class='ocrx_word' id='word_1_28' title='bbox 963 607 1152 690; x_wconf 71' lang='grc' dir='ltr'>μνηστήρων)</span> <span class='ocrx_word' id='word_1_29' title='bbox 1177 607 1344 669; x_wconf 80' lang='grc' dir='ltr'><em>πεπεῖσθαι</em></span> 
     </span>
     <span class='ocr_line' id='line_1_5' title="bbox 153 709 1344 789; baseline 0 -17"><span class='ocrx_word' id='word_1_30' title='bbox 153 709 314 774; x_wconf 76' lang='grc' dir='ltr'><em>δοκούντων</em></span> <span class='ocrx_word' id='word_1_31' title='bbox 338 711 377 780; x_wconf 80' lang='grc' dir='ltr'><em>ιθς</em></span> <span class='ocrx_word' id='word_1_32' title='bbox 405 709 456 772; x_wconf 81' lang='grc' dir='ltr'>καί</span> <span class='ocrx_word' id='word_1_33' title='bbox 487 710 587 773; x_wconf 80' lang='grc' dir='ltr'><em>αὐτῶν</em></span> <span class='ocrx_word' id='word_1_34' title='bbox 608 709 658 773; x_wconf 66' lang='lat' dir='ltr'>tert</span> <span class='ocrx_word' id='word_1_35' title='bbox 679 709 865 789; x_wconf 78' lang='grc' dir='ltr'><em>συμφέροντι</em></span> <span class='ocrx_word' id='word_1_36' title='bbox 885 712 1048 789; x_wconf 73' lang='grc' dir='ltr'><em>γενομένης</em></span> <span class='ocrx_word' id='word_1_37' title='bbox 1069 717 1124 784; x_wconf 75' lang='grc' dir='ltr'>τῆς</span> <span class='ocrx_word' id='word_1_38' title='bbox 1145 709 1344 787; x_wconf 70' lang='grc' dir='ltr'><em>ἀποδημίας.</em></span> 
     </span>
     <span class='ocr_line' id='line_1_6' title="bbox 152 813 1345 897; baseline -0.001 -17"><span class='ocrx_word' id='word_1_39' title='bbox 152 817 205 880; x_wconf 77' lang='grc' dir='ltr'>καί</span> <span class='ocrx_word' id='word_1_40' title='bbox 231 855 249 868; x_wconf 94' lang='grc'>-</span> <span class='ocrx_word' id='word_1_41' title='bbox 265 852 284 865; x_wconf 94' lang='grc'>-</span> <span class='ocrx_word' id='word_1_42' title='bbox 308 813 490 895; x_wconf 75' lang='grc' dir='ltr'><em>ἐλπιζόντων</em></span> <span class='ocrx_word' id='word_1_43' title='bbox 514 852 534 865; x_wconf 94' lang='grc'>-</span> <span class='ocrx_word' id='word_1_44' title='bbox 548 851 567 864; x_wconf 91' lang='grc'><em>·</em></span> <span class='ocrx_word' id='word_1_45' title='bbox 581 852 603 863; x_wconf 87' lang='grc'>-</span> <span class='ocrx_word' id='word_1_46' title='bbox 643 816 737 890; x_wconf 74' lang='grc' dir='ltr'><em>μηδὲν</em></span> <span class='ocrx_word' id='word_1_47' title='bbox 758 817 910 897; x_wconf 72' lang='grc' dir='ltr'>ἐγχειρεῖν</span> <span class='ocrx_word' id='word_1_48' title='bbox 930 818 1022 883; x_wconf 85' lang='grc' dir='ltr'><em>έποίει</em></span> <span class='ocrx_word' id='word_1_49' title='bbox 1050 855 1090 868; x_wconf 88' lang='grc'>--</span> <span class='ocrx_word' id='word_1_50' title='bbox 1116 819 1159 889; x_wconf 83' lang='grc' dir='ltr'>είς</span> <span class='ocrx_word' id='word_1_51' title='bbox 1184 818 1237 882; x_wconf 81' lang='grc' dir='ltr'><em>τόν</em></span> <span class='ocrx_word' id='word_1_52' title='bbox 1257 813 1345 881; x_wconf 81' lang='grc' dir='ltr'><em>τέκον.</em></span> 
     </span>
     <span class='ocr_line' id='line_1_7' title="bbox 152 921 1343 1010; baseline -0.002 -22"><span class='ocrx_word' id='word_1_53' title='bbox 152 922 262 1008; x_wconf 90' lang='lat' dir='ltr'>Neque</span> <span class='ocrx_word' id='word_1_54' title='bbox 282 925 389 987; x_wconf 90' lang='lat' dir='ltr'>minus</span> <span class='ocrx_word' id='word_1_55' title='bbox 412 921 535 1007; x_wconf 90' lang='lat' dir='ltr'>reliqua</span> <span class='ocrx_word' id='word_1_56' title='bbox 557 921 711 988; x_wconf 90' lang='lat' dir='ltr'>laborant.</span> <span class='ocrx_word' id='word_1_57' title='bbox 747 921 881 1009; x_wconf 83' lang='lat' dir='ltr'>Sperant</span> <span class='ocrx_word' id='word_1_58' title='bbox 905 926 1008 1010; x_wconf 83' lang='lat' dir='ltr'>proci,</span> <span class='ocrx_word' id='word_1_59' title='bbox 1033 946 1092 987; x_wconf 81' lang='grc' dir='ltr'><em>αοιι</em></span> <span class='ocrx_word' id='word_1_60' title='bbox 1114 921 1343 990; x_wconf 75' lang='lat' dir='ltr'>Telemachum</span> 
     </span>
     <span class='ocr_line' id='line_1_8' title="bbox 151 1030 1346 1116; baseline -0.001 -22"><span class='ocrx_word' id='word_1_61' title='bbox 151 1049 213 1094; x_wconf 92' lang='lat' dir='ltr'>non</span> <span class='ocrx_word' id='word_1_62' title='bbox 248 1051 314 1094; x_wconf 90' lang='lat' dir='ltr'>esse</span> <span class='ocrx_word' id='word_1_63' title='bbox 345 1030 577 1115; x_wconf 86' lang='lat' dir='ltr'>profecturum,</span> <span class='ocrx_word' id='word_1_64' title='bbox 605 1067 644 1077; x_wconf 90' lang='lat'><em>-</em></span> <span class='ocrx_word' id='word_1_65' title='bbox 672 1051 746 1112; x_wconf 85' lang='lat' dir='ltr'>cur,</span> <span class='ocrx_word' id='word_1_66' title='bbox 780 1051 852 1094; x_wconf 89' lang='lat' dir='ltr'>oum</span> <span class='ocrx_word' id='word_1_67' title='bbox 884 1032 953 1096; x_wconf 92' lang='lat' dir='ltr'>eius</span> <span class='ocrx_word' id='word_1_68' title='bbox 977 1031 1128 1116; x_wconf 86' lang='lat' dir='ltr'>profectio</span> <span class='ocrx_word' id='word_1_69' title='bbox 1153 1031 1195 1094; x_wconf 89' lang='lat' dir='ltr'>iis</span> <span class='ocrx_word' id='word_1_70' title='bbox 1219 1048 1346 1114; x_wconf 84' lang='lat' dir='ltr'>quoque</span> 
     </span>
     <span class='ocr_line' id='line_1_9' title="bbox 151 1133 1347 1224; baseline 0.001 -25"><span class='ocrx_word' id='word_1_71' title='bbox 151 1136 297 1221; x_wconf 80' lang='lat' dir='ltr'>prodesse</span> <span class='ocrx_word' id='word_1_72' title='bbox 329 1136 414 1200; x_wconf 92' lang='lat' dir='ltr'>dicta</span> <span class='ocrx_word' id='word_1_73' title='bbox 443 1133 503 1199; x_wconf 82' lang='lat' dir='ltr'>sit?</span> <span class='ocrx_word' id='word_1_74' title='bbox 527 1173 569 1184; x_wconf 90' lang='lat'><em>-</em></span> <span class='ocrx_word' id='word_1_75' title='bbox 594 1135 648 1200; x_wconf 88' lang='lat' dir='ltr'>sed</span> <span class='ocrx_word' id='word_1_76' title='bbox 679 1157 751 1200; x_wconf 92' lang='lat' dir='ltr'>eum</span> <span class='ocrx_word' id='word_1_77' title='bbox 778 1159 817 1201; x_wconf 85' lang='lat' dir='ltr'>ex</span> <span class='ocrx_word' id='word_1_78' title='bbox 840 1140 1091 1224; x_wconf 76' lang='lat' dir='ltr'>peregrinatione</span> <span class='ocrx_word' id='word_1_79' title='bbox 1113 1137 1291 1224; x_wconf 78' lang='lat' dir='ltr'>longinqua</span> <span class='ocrx_word' id='word_1_80' title='bbox 1314 1140 1347 1201; x_wconf 88' lang='lat' dir='ltr'>at</span> 
     </span>
     <span class='ocr_line' id='line_1_10' title="bbox 151 1239 1344 1327; baseline -0.001 -21"><span class='ocrx_word' id='word_1_81' title='bbox 151 1241 328 1327; x_wconf 90' lang='lat' dir='ltr'>periculosa</span> <span class='ocrx_word' id='word_1_82' title='bbox 358 1240 489 1306; x_wconf 85' lang='lat' dir='ltr'>fortasse</span> <span class='ocrx_word' id='word_1_83' title='bbox 520 1262 581 1307; x_wconf 93' lang='lat' dir='ltr'>non</span> <span class='ocrx_word' id='word_1_84' title='bbox 612 1262 678 1307; x_wconf 89' lang='lat' dir='ltr'>esse</span> <span class='ocrx_word' id='word_1_85' title='bbox 707 1265 908 1307; x_wconf 80' lang='lat' dir='ltr'>reversuram:</span> <span class='ocrx_word' id='word_1_86' title='bbox 934 1239 980 1307; x_wconf 87' lang='grc' dir='ltr'><em>θπι</em></span> <span class='ocrx_word' id='word_1_87' title='bbox 1004 1244 1057 1308; x_wconf 80' lang='grc' dir='ltr'>οὐκ</span> <span class='ocrx_word' id='word_1_88' title='bbox 1083 1243 1344 1321; x_wconf 71' lang='grc' dir='ltr'><em>ἐπιθυμήσει.</em></span> 
     </span>
     <span class='ocr_line' id='line_1_11' title="bbox 152 1347 1347 1426; baseline 0.001 -13"><span class='ocrx_word' id='word_1_89' title='bbox 152 1347 281 1413; x_wconf 77' lang='lat' dir='ltr'>Etenim</span> <span class='ocrx_word' id='word_1_90' title='bbox 324 1351 369 1413; x_wconf 89' lang='lat' dir='ltr'>sic</span> <span class='ocrx_word' id='word_1_91' title='bbox 403 1350 648 1413; x_wconf 77' lang='lat' dir='ltr'>ratiocinantur:</span> <span class='ocrx_word' id='word_1_92' title='bbox 683 1356 740 1414; x_wconf 92' lang='lat' dir='ltr'>aut</span> <span class='ocrx_word' id='word_1_93' title='bbox 774 1369 835 1414; x_wconf 91' lang='lat' dir='ltr'>non</span> <span class='ocrx_word' id='word_1_94' title='bbox 870 1349 988 1414; x_wconf 89' lang='lat' dir='ltr'>redibit</span> <span class='ocrx_word' id='word_1_95' title='bbox 1022 1348 1255 1426; x_wconf 77' lang='lat' dir='ltr'>Telemachus,</span> <span class='ocrx_word' id='word_1_96' title='bbox 1289 1355 1347 1414; x_wconf 87' lang='lat' dir='ltr'>aut</span> 
     </span>
     <span class='ocr_line' id='line_1_12' title="bbox 151 1454 1347 1541; baseline 0.002 -23"><span class='ocrx_word' id='word_1_97' title='bbox 151 1454 252 1518; x_wconf 83' lang='lat' dir='ltr'>redux</span> <span class='ocrx_word' id='word_1_98' title='bbox 275 1455 314 1519; x_wconf 90' lang='lat' dir='ltr'>de</span> <span class='ocrx_word' id='word_1_99' title='bbox 337 1457 436 1541; x_wconf 90' lang='lat' dir='ltr'>patris</span> <span class='ocrx_word' id='word_1_100' title='bbox 459 1456 591 1519; x_wconf 90' lang='lat' dir='ltr'>interitu</span> <span class='ocrx_word' id='word_1_101' title='bbox 615 1475 676 1520; x_wconf 94' lang='lat' dir='ltr'>non</span> <span class='ocrx_word' id='word_1_102' title='bbox 701 1455 839 1541; x_wconf 89' lang='lat' dir='ltr'>amplius</span> <span class='ocrx_word' id='word_1_103' title='bbox 863 1456 1032 1521; x_wconf 90' lang='lat' dir='ltr'>dubitabit.</span> <span class='ocrx_word' id='word_1_104' title='bbox 1050 1457 1073 1536; x_wconf 87' lang='lat'>¹)</span> <span class='ocrx_word' id='word_1_105' title='bbox 1121 1455 1163 1520; x_wconf 79' lang='lat' dir='ltr'>Et</span> <span class='ocrx_word' id='word_1_106' title='bbox 1184 1455 1239 1521; x_wconf 88' lang='lat' dir='ltr'>hie</span> <span class='ocrx_word' id='word_1_107' title='bbox 1261 1454 1347 1521; x_wconf 85' lang='lat' dir='ltr'>nude</span> 
     </span>
     <span class='ocr_line' id='line_1_13' title="bbox 153 1560 1345 1646; baseline -0.001 -20"><span class='ocrx_word' id='word_1_108' title='bbox 153 1564 271 1626; x_wconf 87' lang='lat' dir='ltr'>vitium</span> <span class='ocrx_word' id='word_1_109' title='bbox 301 1565 413 1625; x_wconf 90' lang='lat' dir='ltr'>natum</span> <span class='ocrx_word' id='word_1_110' title='bbox 438 1563 482 1624; x_wconf 89' lang='lat' dir='ltr'>sit</span> <span class='ocrx_word' id='word_1_111' title='bbox 504 1567 602 1646; x_wconf 86' lang='lat' dir='ltr'>patet.</span> <span class='ocrx_word' id='word_1_112' title='bbox 648 1560 746 1626; x_wconf 92' lang='lat' dir='ltr'>Porro</span> <span class='ocrx_word' id='word_1_113' title='bbox 770 1561 845 1645; x_wconf 92' lang='lat' dir='ltr'>quid</span> <span class='ocrx_word' id='word_1_114' title='bbox 870 1569 935 1626; x_wconf 87' lang='lat' dir='ltr'>est:</span> <span class='ocrx_word' id='word_1_115' title='bbox 960 1563 1048 1626; x_wconf 80' lang='grc' dir='ltr'><em>αλλ’</em></span> <span class='ocrx_word' id='word_1_116' title='bbox 1074 1562 1345 1639; x_wconf 70' lang='grc' dir='ltr'><em>ἀποκριθῆναι</em></span> 
     </span>
     <span class='ocr_line' id='line_1_14' title="bbox 153 1663 1346 1754; baseline 0.003 -24"><span class='ocrx_word' id='word_1_117' title='bbox 153 1669 210 1731; x_wconf 85' lang='grc' dir='ltr'><em>ὑπό</em></span> <span class='ocrx_word' id='word_1_118' title='bbox 234 1676 288 1742; x_wconf 73' lang='grc' dir='ltr'>τῆς</span> <span class='ocrx_word' id='word_1_119' title='bbox 312 1667 556 1743; x_wconf 74' lang='grc' dir='ltr'><em>μνηστευομένιις</em></span> <span class='ocrx_word' id='word_1_120' title='bbox 582 1668 675 1738; x_wconf 78' lang='grc' dir='ltr'><em>αὐτὸς</em></span> <span class='ocrx_word' id='word_1_121' title='bbox 699 1663 827 1738; x_wconf 80' lang='grc' dir='ltr'><em>ἕκαστος</em></span> <span class='ocrx_word' id='word_1_122' title='bbox 854 1665 958 1743; x_wconf 78' lang='grc' dir='ltr'><em>ἦξίουί</em></span> <span class='ocrx_word' id='word_1_123' title='bbox 984 1667 1211 1753; x_wconf 79' lang='lat' dir='ltr'>Unusquisque</span> <span class='ocrx_word' id='word_1_124' title='bbox 1236 1687 1346 1754; x_wconf 85' lang='lat' dir='ltr'>proco-</span> 
     </span>
     <span class='ocr_line' id='line_1_15' title="bbox 151 1773 1346 1860; baseline 0.001 -22"><span class='ocrx_word' id='word_1_125' title='bbox 151 1795 221 1838; x_wconf 89' lang='lat' dir='ltr'>mm</span> <span class='ocrx_word' id='word_1_126' title='bbox 256 1773 419 1858; x_wconf 83' lang='lat' dir='ltr'>cupiebat,</span> <span class='ocrx_word' id='word_1_127' title='bbox 452 1793 513 1838; x_wconf 91' lang='lat' dir='ltr'>non</span> <span class='ocrx_word' id='word_1_128' title='bbox 541 1774 732 1856; x_wconf 73' lang='lat' dir='ltr'>respondere,</span> <span class='ocrx_word' id='word_1_129' title='bbox 767 1775 894 1859; x_wconf 88' lang='lat' dir='ltr'>opinor,</span> <span class='ocrx_word' id='word_1_130' title='bbox 920 1813 960 1821; x_wconf 93' lang='lat'>—</span> <span class='ocrx_word' id='word_1_131' title='bbox 986 1795 1060 1839; x_wconf 90' lang='lat' dir='ltr'>narn</span> <span class='ocrx_word' id='word_1_132' title='bbox 1091 1774 1150 1839; x_wconf 91' lang='lat' dir='ltr'>hoc</span> <span class='ocrx_word' id='word_1_133' title='bbox 1181 1783 1230 1839; x_wconf 92' lang='lat' dir='ltr'>est</span> <span class='ocrx_word' id='word_1_134' title='bbox 1260 1773 1346 1860; x_wconf 91' lang='lat' dir='ltr'>apud</span> 
     </span>
     <span class='ocr_line' id='line_1_16' title="bbox 150 1879 1345 1966; baseline 0 -21"><span class='ocrx_word' id='word_1_135' title='bbox 150 1883 309 1966; x_wconf 77' lang='lat' dir='ltr'>aequiores</span> <span class='ocrx_word' id='word_1_136' title='bbox 339 1881 535 1958; x_wconf 79' lang='grc' dir='ltr'><em>οίποιιριθῆναι</em></span> <span class='ocrx_word' id='word_1_137' title='bbox 566 1898 621 1964; x_wconf 85' lang='lat' dir='ltr'>pro</span> <span class='ocrx_word' id='word_1_138' title='bbox 645 1882 824 1944; x_wconf 83' lang='lat' dir='ltr'>Atticorum</span> <span class='ocrx_word' id='word_1_139' title='bbox 849 1880 951 1944; x_wconf 84' lang='lat' dir='ltr'>forma</span> <span class='ocrx_word' id='word_1_140' title='bbox 975 1881 1195 1958; x_wconf 83' lang='grc' dir='ltr'><em>ιίποιιρίνασθαι</em></span> <span class='ocrx_word' id='word_1_141' title='bbox 1222 1917 1266 1929; x_wconf 94' lang='grc'><strong>-</strong></span> <span class='ocrx_word' id='word_1_142' title='bbox 1291 1879 1345 1945; x_wconf 85' lang='lat' dir='ltr'>sed</span> 
     </span>
     <span class='ocr_line' id='line_1_17' title="bbox 150 1983 1345 2072; baseline 0.001 -22"><span class='ocrx_word' id='word_1_143' title='bbox 150 1988 283 2051; x_wconf 86' lang='lat' dir='ltr'>caeteris</span> <span class='ocrx_word' id='word_1_144' title='bbox 305 2007 323 2050; x_wconf 90' lang='lat' dir='ltr'>a</span> <span class='ocrx_word' id='word_1_145' title='bbox 343 1984 499 2071; x_wconf 89' lang='lat' dir='ltr'>Penelope</span> <span class='ocrx_word' id='word_1_146' title='bbox 511 1985 679 2069; x_wconf 74' lang='lat' dir='ltr'>praeferri,</span> <span class='ocrx_word' id='word_1_147' title='bbox 710 1983 844 2070; x_wconf 81' lang='lat' dir='ltr'>Scripsit</span> <span class='ocrx_word' id='word_1_148' title='bbox 864 1989 971 2070; x_wconf 86' lang='lat' dir='ltr'>itaque</span> <span class='ocrx_word' id='word_1_149' title='bbox 990 1985 1204 2072; x_wconf 89' lang='lat' dir='ltr'>Porphyrius:</span> <span class='ocrx_word' id='word_1_150' title='bbox 1231 1988 1345 2051; x_wconf 69' lang='grc' dir='ltr'><em>ἀλλὰ</em></span> 
     </span>
     <span class='ocr_line' id='line_1_18' title="bbox 151 2092 1346 2177; baseline 0.002 -22"><span class='ocrx_word' id='word_1_151' title='bbox 151 2095 409 2170; x_wconf 75' lang='grc' dir='ltr'><em>προκριθῆναι</em></span> <span class='ocrx_word' id='word_1_152' title='bbox 428 2092 487 2155; x_wconf 80' lang='grc' dir='ltr'><em>ὑπὸ</em></span> <span class='ocrx_word' id='word_1_153' title='bbox 507 2099 561 2164; x_wconf 78' lang='grc' dir='ltr'>τῆς</span> <span class='ocrx_word' id='word_1_154' title='bbox 582 2095 844 2176; x_wconf 60' lang='grc' dir='ltr'><em>μνηστευομένου,</em></span> <span class='ocrx_word' id='word_1_155' title='bbox 865 2093 947 2177; x_wconf 85' lang='lat' dir='ltr'>quod</span> <span class='ocrx_word' id='word_1_156' title='bbox 965 2093 1130 2176; x_wconf 82' lang='lat' dir='ltr'>probabit,</span> <span class='ocrx_word' id='word_1_157' title='bbox 1145 2132 1183 2141; x_wconf 90' lang='lat'>-</span> <span class='ocrx_word' id='word_1_158' title='bbox 1200 2094 1226 2174; x_wconf 75' lang='lat' dir='ltr'>sl</span> <span class='ocrx_word' id='word_1_159' title='bbox 1253 2093 1288 2158; x_wconf 88' lang='lat' dir='ltr'>in</span> <span class='ocrx_word' id='word_1_160' title='bbox 1311 2114 1346 2158; x_wconf 87' lang='lat' dir='ltr'>re</span> 
     </span>
     <span class='ocr_line' id='line_1_19' title="bbox 151 2197 1345 2286; baseline 0.002 -24"><span class='ocrx_word' id='word_1_161' title='bbox 151 2206 217 2264; x_wconf 92' lang='lat' dir='ltr'>tam</span> <span class='ocrx_word' id='word_1_162' title='bbox 250 2198 420 2262; x_wconf 88' lang='lat' dir='ltr'>manifesta</span> <span class='ocrx_word' id='word_1_163' title='bbox 443 2200 541 2262; x_wconf 90' lang='lat' dir='ltr'>etiam</span> <span class='ocrx_word' id='word_1_164' title='bbox 566 2197 749 2280; x_wconf 81' lang='lat' dir='ltr'>probatione</span> <span class='ocrx_word' id='word_1_165' title='bbox 773 2218 852 2282; x_wconf 89' lang='lat' dir='ltr'>opus</span> <span class='ocrx_word' id='word_1_166' title='bbox 876 2205 941 2274; x_wconf 82' lang='lat' dir='ltr'>est,</span> <span class='ocrx_word' id='word_1_167' title='bbox 968 2237 1008 2248; x_wconf 85' lang='lat'>-</span> <span class='ocrx_word' id='word_1_168' title='bbox 1033 2198 1233 2286; x_wconf 77' lang='lat' dir='ltr'>Porphyrius</span> <span class='ocrx_word' id='word_1_169' title='bbox 1257 2200 1345 2284; x_wconf 83' lang='lat' dir='ltr'>ipse,</span> 
     </span>
     <span class='ocr_line' id='line_1_20' title="bbox 150 2299 1344 2387; baseline -0.001 -17"><span class='ocrx_word' id='word_1_170' title='bbox 150 2305 190 2370; x_wconf 84' lang='lat' dir='ltr'>ad</span> <span class='ocrx_word' id='word_1_171' title='bbox 213 2329 244 2387; x_wconf 84' lang='grc' dir='ltr'>ιι,</span> <span class='ocrx_word' id='word_1_172' title='bbox 266 2303 331 2367; x_wconf 82' lang='grc'>332</span> <span class='ocrx_word' id='word_1_173' title='bbox 351 2304 507 2368; x_wconf 83' lang='lat' dir='ltr'>scribens:</span> <span class='ocrx_word' id='word_1_174' title='bbox 529 2299 658 2373; x_wconf 72' lang='grc' dir='ltr'><em>’ἕκαστος</em></span> <span class='ocrx_word' id='word_1_175' title='bbox 671 2305 917 2381; x_wconf 77' lang='grc' dir='ltr'><em>τῶνμννστιίρων</em></span> <span class='ocrx_word' id='word_1_176' title='bbox 938 2304 1057 2376; x_wconf 82' lang='grc' dir='ltr'><em>αὐτός</em></span> <span class='ocrx_word' id='word_1_177' title='bbox 1079 2305 1344 2383; x_wconf 71' lang='grc' dir='ltr'><em>κριθήσεσθαι</em></span> 
     </span>
     <span class='ocr_line' id='line_1_21' title="bbox 151 2408 1344 2497; baseline 0 -22"><span class='ocrx_word' id='word_1_178' title='bbox 151 2414 324 2490; x_wconf 77' lang='grc' dir='ltr'><em>νυμφίος</em></span> <span class='ocrx_word' id='word_1_179' title='bbox 351 2408 581 2486; x_wconf 75' lang='grc' dir='ltr'><em>ὑπολαμβάνων</em></span> <span class='ocrx_word' id='word_1_180' title='bbox 606 2408 718 2472; x_wconf 82' lang='grc' dir='ltr'><em>ἐκώλυε</em></span> <span class='ocrx_word' id='word_1_181' title='bbox 740 2412 789 2473; x_wconf 83' lang='grc' dir='ltr'><em>τὸν</em></span> <span class='ocrx_word' id='word_1_182' title='bbox 815 2412 914 2480; x_wconf 78' lang='grc' dir='ltr'><em>πέλοις</em></span> <span class='ocrx_word' id='word_1_183' title='bbox 939 2410 1042 2486; x_wconf 84' lang='grc' dir='ltr'><em>βίαιόν</em></span> <span class='ocrx_word' id='word_1_184' title='bbox 1065 2435 1095 2475; x_wconf 91' lang='grc' dir='ltr'><em>τι</em></span> <span class='ocrx_word' id='word_1_185' title='bbox 1120 2409 1192 2490; x_wconf 73' lang='grc' dir='ltr'><em>δρᾶν</em></span> <span class='ocrx_word' id='word_1_186' title='bbox 1219 2420 1266 2497; x_wconf 75' lang='lat' dir='ltr'>tp.</span> <span class='ocrx_word' id='word_1_187' title='bbox 1291 2409 1344 2485; x_wconf 75' lang='grc'>59,</span> 
     </span>
     <span class='ocr_line' id='line_1_22' title="bbox 151 2515 1343 2600; baseline 0.003 -20"><span class='ocrx_word' id='word_1_188' title='bbox 151 2515 219 2600; x_wconf 83' lang='grc'><strong>32),</strong></span> <span class='ocrx_word' id='word_1_189' title='bbox 254 2524 286 2580; x_wconf 84' lang='lat' dir='ltr'>et</span> <span class='ocrx_word' id='word_1_190' title='bbox 310 2517 425 2590; x_wconf 72' lang='grc' dir='ltr'><em>έπιεικῆ</em></span> <span class='ocrx_word' id='word_1_191' title='bbox 451 2515 482 2578; x_wconf 76' lang='grc' dir='ltr'>δέ</span> <span class='ocrx_word' id='word_1_192' title='bbox 507 2520 578 2595; x_wconf 82' lang='grc' dir='ltr'><em>πρὸς</em></span> <span class='ocrx_word' id='word_1_193' title='bbox 603 2517 717 2589; x_wconf 69' lang='grc' dir='ltr'><em>ἐκείνου</em></span> <span class='ocrx_word' id='word_1_194' title='bbox 741 2517 897 2600; x_wconf 78' lang='grc' dir='ltr'><em>(ἑαυτὸν</em></span> <span class='ocrx_word' id='word_1_195' title='bbox 921 2516 1007 2594; x_wconf 87' lang='lat' dir='ltr'>add.)</span> <span class='ocrx_word' id='word_1_196' title='bbox 1031 2518 1254 2593; x_wconf 78' lang='grc' dir='ltr'><em>ἐπιδείκνυσιν,</em></span> <span class='ocrx_word' id='word_1_197' title='bbox 1282 2515 1343 2583; x_wconf 80' lang='grc' dir='ltr'>ἵνα</span> 
     </span>
     <span class='ocr_line' id='line_1_23' title="bbox 150 2620 1344 2708; baseline 0 -20"><span class='ocrx_word' id='word_1_198' title='bbox 150 2625 348 2704; x_wconf 68' lang='grc' dir='ltr'><em>προκριθῇ.</em></span> <span class='ocrx_word' id='word_1_199' title='bbox 376 2624 419 2707; x_wconf 87' lang='lat' dir='ltr'>(p.</span> <span class='ocrx_word' id='word_1_200' title='bbox 445 2620 496 2696; x_wconf 83' lang='lat'>60,</span> <span class='ocrx_word' id='word_1_201' title='bbox 527 2626 571 2698; x_wconf 90' lang='grc'>1.)</span> <span class='ocrx_word' id='word_1_202' title='bbox 601 2621 705 2686; x_wconf 81' lang='lat' dir='ltr'>Simul</span> <span class='ocrx_word' id='word_1_203' title='bbox 738 2622 814 2686; x_wconf 87' lang='lat' dir='ltr'>haee</span> <span class='ocrx_word' id='word_1_204' title='bbox 845 2623 979 2708; x_wconf 86' lang='lat' dir='ltr'>probant</span> <span class='ocrx_word' id='word_1_205' title='bbox 1010 2630 1115 2688; x_wconf 91' lang='lat' dir='ltr'>nostro</span> <span class='ocrx_word' id='word_1_206' title='bbox 1146 2622 1217 2688; x_wconf 91' lang='lat' dir='ltr'>loco</span> <span class='ocrx_word' id='word_1_207' title='bbox 1243 2624 1344 2689; x_wconf 89' lang='lat' dir='ltr'>etiam</span> 
     </span>
     <span class='ocr_line' id='line_1_24' title="bbox 149 2726 1342 2814; baseline 0.002 -20"><span class='ocrx_word' id='word_1_208' title='bbox 149 2739 207 2794; x_wconf 79' lang='grc' dir='ltr'><em>τῶν</em></span> <span class='ocrx_word' id='word_1_209' title='bbox 232 2731 340 2807; x_wconf 85' lang='grc' dir='ltr'><em>γονέων</em></span> <span class='ocrx_word' id='word_1_210' title='bbox 365 2727 450 2793; x_wconf 86' lang='lat' dir='ltr'>male</span> <span class='ocrx_word' id='word_1_211' title='bbox 474 2748 540 2792; x_wconf 90' lang='lat' dir='ltr'>esse</span> <span class='ocrx_word' id='word_1_212' title='bbox 563 2727 789 2813; x_wconf 89' lang='lat' dir='ltr'>interpolatum</span> <span class='ocrx_word' id='word_1_213' title='bbox 815 2727 883 2814; x_wconf 87' lang='lat' dir='ltr'>(cfr.</span> <span class='ocrx_word' id='word_1_214' title='bbox 905 2736 976 2813; x_wconf 91' lang='lat' dir='ltr'>etp</span> <span class='ocrx_word' id='word_1_215' title='bbox 1012 2726 1065 2804; x_wconf 71' lang='grc'>58,</span> <span class='ocrx_word' id='word_1_216' title='bbox 1080 2727 1156 2813; x_wconf 81' lang='grc'>24),</span> <span class='ocrx_word' id='word_1_217' title='bbox 1178 2730 1342 2796; x_wconf 87' lang='lat' dir='ltr'>adiectum</span> 
     </span>
     <span class='ocr_line' id='line_1_25' title="bbox 148 2833 1340 2920; baseline -0.003 -18"><span class='ocrx_word' id='word_1_218' title='bbox 148 2840 278 2903; x_wconf 88' lang='lat' dir='ltr'>fortasse</span> <span class='ocrx_word' id='word_1_219' title='bbox 314 2836 353 2900; x_wconf 88' lang='lat' dir='ltr'>ab</span> <span class='ocrx_word' id='word_1_220' title='bbox 389 2834 495 2920; x_wconf 83' lang='lat' dir='ltr'>aliquo</span> <span class='ocrx_word' id='word_1_221' title='bbox 529 2834 568 2899; x_wconf 93' lang='lat' dir='ltr'>ob</span> <span class='ocrx_word' id='word_1_222' title='bbox 603 2833 812 2900; x_wconf 87' lang='lat' dir='ltr'>Homericum</span> <span class='ocrx_word' id='word_1_223' title='bbox 845 2835 870 2898; x_wconf 83' lang='lat' dir='ltr'>oi</span> <span class='ocrx_word' id='word_1_224' title='bbox 901 2835 933 2898; x_wconf 76' lang='grc' dir='ltr'>δὲ</span> <span class='ocrx_word' id='word_1_225' title='bbox 965 2835 1069 2912; x_wconf 77' lang='grc' dir='ltr'><em>γόμον</em></span> <span class='ocrx_word' id='word_1_226' title='bbox 1108 2835 1248 2913; x_wconf 78' lang='grc' dir='ltr'><em>τεύξουσι</em></span> <span class='ocrx_word' id='word_1_227' title='bbox 1288 2835 1340 2900; x_wconf 79' lang='grc' dir='ltr'>καί</span> 
     </span>
     <span class='ocr_line' id='line_1_26' title="bbox 150 2939 1341 3030; baseline -0.002 -21"><span class='ocrx_word' id='word_1_228' title='bbox 150 2943 338 3023; x_wconf 70' lang='grc' dir='ltr'><em>ἀρτυνέουσιν</em></span> <span class='ocrx_word' id='word_1_229' title='bbox 371 2941 475 3016; x_wconf 78' lang='grc' dir='ltr'><em>ἔεδνα,</em></span> <span class='ocrx_word' id='word_1_230' title='bbox 511 2940 563 3025; x_wconf 84' lang='grc' dir='ltr'>(α,</span> <span class='ocrx_word' id='word_1_231' title='bbox 590 2939 668 3024; x_wconf 86' lang='grc'>277)</span> <span class='ocrx_word' id='word_1_232' title='bbox 692 2940 746 3005; x_wconf 91' lang='lat' dir='ltr'>sed</span> <span class='ocrx_word' id='word_1_233' title='bbox 770 2949 854 3005; x_wconf 87' lang='lat' dir='ltr'>certe</span> <span class='ocrx_word' id='word_1_234' title='bbox 877 2961 938 3006; x_wconf 92' lang='lat' dir='ltr'>non</span> <span class='ocrx_word' id='word_1_235' title='bbox 963 2963 1002 3005; x_wconf 83' lang='lat' dir='ltr'>er</span> <span class='ocrx_word' id='word_1_236' title='bbox 1024 2948 1130 3006; x_wconf 91' lang='lat' dir='ltr'>mente</span> <span class='ocrx_word' id='word_1_237' title='bbox 1155 2941 1341 3030; x_wconf 91' lang='lat' dir='ltr'>Porphyrii.</span> 
     </span>
     <span class='ocr_line' id='line_1_27' title="bbox 148 3046 1344 3132; baseline 0 -19"><span class='ocrx_word' id='word_1_238' title='bbox 148 3048 252 3115; x_wconf 91' lang='lat' dir='ltr'>Unam</span> <span class='ocrx_word' id='word_1_239' title='bbox 289 3047 392 3112; x_wconf 89' lang='lat' dir='ltr'>adhuc</span> <span class='ocrx_word' id='word_1_240' title='bbox 426 3049 458 3110; x_wconf 89' lang='lat' dir='ltr'>in</span> <span class='ocrx_word' id='word_1_241' title='bbox 495 3048 699 3131; x_wconf 90' lang='lat' dir='ltr'>sequentibus</span> <span class='ocrx_word' id='word_1_242' title='bbox 731 3046 876 3110; x_wconf 90' lang='lat' dir='ltr'>indicabo</span> <span class='ocrx_word' id='word_1_243' title='bbox 906 3046 1201 3132; x_wconf 89' lang='lat' dir='ltr'>interpolationem,</span> <span class='ocrx_word' id='word_1_244' title='bbox 1232 3053 1344 3115; x_wconf 88' lang='lat' dir='ltr'>minus</span> 
     </span>
     <span class='ocr_line' id='line_1_28' title="bbox 147 3152 1342 3238; baseline 0.001 -19"><span class='ocrx_word' id='word_1_245' title='bbox 147 3154 315 3220; x_wconf 88' lang='lat' dir='ltr'>molestam</span> <span class='ocrx_word' id='word_1_246' title='bbox 346 3154 521 3238; x_wconf 89' lang='lat' dir='ltr'>prioribus,</span> <span class='ocrx_word' id='word_1_247' title='bbox 552 3153 606 3217; x_wconf 88' lang='lat' dir='ltr'>sed</span> <span class='ocrx_word' id='word_1_248' title='bbox 636 3173 697 3216; x_wconf 92' lang='lat' dir='ltr'>non</span> <span class='ocrx_word' id='word_1_249' title='bbox 728 3155 835 3217; x_wconf 90' lang='lat' dir='ltr'>minus</span> <span class='ocrx_word' id='word_1_250' title='bbox 860 3152 1041 3216; x_wconf 87' lang='lat' dir='ltr'>ridiculam:</span> <span class='ocrx_word' id='word_1_251' title='bbox 1068 3154 1106 3224; x_wconf 78' lang='grc' dir='ltr'><em>ως</em></span> <span class='ocrx_word' id='word_1_252' title='bbox 1131 3154 1195 3232; x_wconf 70' lang='grc' dir='ltr'>γὰρ</span> <span class='ocrx_word' id='word_1_253' title='bbox 1220 3155 1265 3219; x_wconf 75' lang='grc' dir='ltr'><em>τὰ</em></span> <span class='ocrx_word' id='word_1_254' title='bbox 1289 3179 1342 3220; x_wconf 84' lang='grc' dir='ltr'>τε·</span> 
     </span>
     <span class='ocr_line' id='line_1_29' title="bbox 148 3256 1344 3345; baseline 0.003 -21"><span class='ocrx_word' id='word_1_255' title='bbox 148 3269 299 3334; x_wconf 80' lang='grc' dir='ltr'><em>λευπαῖα,</em></span> <span class='ocrx_word' id='word_1_256' title='bbox 324 3256 374 3324; x_wconf 76' lang='grc' dir='ltr'>ὅτε</span> <span class='ocrx_word' id='word_1_257' title='bbox 400 3261 525 3341; x_wconf 63' lang='grc' dir='ltr'><em>ἐπανίει</em></span> <span class='ocrx_word' id='word_1_258' title='bbox 550 3262 603 3342; x_wconf 90' lang='grc' dir='ltr'>[τε</span> <span class='ocrx_word' id='word_1_259' title='bbox 628 3260 693 3322; x_wconf 79' lang='grc' dir='ltr'>καί</span> <span class='ocrx_word' id='word_1_260' title='bbox 720 3259 981 3345; x_wconf 76' lang='grc' dir='ltr'><em>έπανῆλόεν],</em></span> <span class='ocrx_word' id='word_1_261' title='bbox 1006 3259 1261 3335; x_wconf 76' lang='grc' dir='ltr'><em>ἐπιβουλεύοντες</em></span> <span class='ocrx_word' id='word_1_262' title='bbox 1286 3263 1344 3327; x_wconf 75' lang='grc' dir='ltr'><em>διε·</em></span> 
     </span>
     <span class='ocr_line' id='line_1_30' title="bbox 147 3364 1341 3458; baseline 0.001 -26"><span class='ocrx_word' id='word_1_263' title='bbox 147 3369 264 3451; x_wconf 81' lang='grc' dir='ltr'><em>τέλουν,</em></span> <span class='ocrx_word' id='word_1_264' title='bbox 289 3365 380 3438; x_wconf 80' lang='grc' dir='ltr'><em>οὕτως</em></span> <span class='ocrx_word' id='word_1_265' title='bbox 406 3367 444 3430; x_wconf 85' lang='grc' dir='ltr'>όιν</span> <span class='ocrx_word' id='word_1_266' title='bbox 467 3367 639 3444; x_wconf 87' lang='grc' dir='ltr'><em>παρόντι</em></span> <span class='ocrx_word' id='word_1_267' title='bbox 664 3364 747 3428; x_wconf 86' lang='grc' dir='ltr'><em>καθ’</em></span> <span class='ocrx_word' id='word_1_268' title='bbox 767 3365 882 3444; x_wconf 70' lang='grc' dir='ltr'><em>ἡμέραν</em></span> <span class='ocrx_word' id='word_1_269' title='bbox 903 3367 957 3439; x_wconf 66' lang='lat' dir='ltr'>rba</span> <span class='ocrx_word' id='word_1_270' title='bbox 978 3374 1085 3444; x_wconf 81' lang='grc' dir='ltr'><em>πεῖραν</em></span> <span class='ocrx_word' id='word_1_271' title='bbox 1105 3367 1341 3458; x_wconf 67' lang='grc' dir='ltr'><em>προσλαβόντες</em></span> 
     </span>
     <span class='ocr_line' id='line_1_31' title="bbox 148 3470 1342 3562; baseline 0.001 -24"><span class='ocrx_word' id='word_1_272' title='bbox 148 3473 265 3562; x_wconf 87' lang='lat' dir='ltr'>(multo</span> <span class='ocrx_word' id='word_1_273' title='bbox 287 3479 443 3558; x_wconf 80' lang='lat' dir='ltr'>praestat:</span> <span class='ocrx_word' id='word_1_274' title='bbox 477 3470 623 3551; x_wconf 88' lang='grc' dir='ltr'><em>παρόντα</em></span> <span class='ocrx_word' id='word_1_275' title='bbox 649 3471 715 3535; x_wconf 82' lang='grc' dir='ltr'>καί</span> <span class='ocrx_word' id='word_1_276' title='bbox 743 3470 827 3533; x_wconf 86' lang='grc' dir='ltr'><em>καθ’</em></span> <span class='ocrx_word' id='word_1_277' title='bbox 853 3471 967 3548; x_wconf 75' lang='grc' dir='ltr'><em>ἡμέραν</em></span> <span class='ocrx_word' id='word_1_278' title='bbox 992 3494 1020 3533; x_wconf 86' lang='grc' dir='ltr'><em>τ.</em></span> <span class='ocrx_word' id='word_1_279' title='bbox 1046 3496 1081 3534; x_wconf 89' lang='grc' dir='ltr'><em>π.</em></span> <span class='ocrx_word' id='word_1_280' title='bbox 1105 3473 1342 3551; x_wconf 73' lang='grc' dir='ltr'><em>προσλαβόντες</em></span> 
     </span>
     <span class='ocr_line' id='line_1_32' title="bbox 144 3576 1341 3666; baseline 0.001 -21"><span class='ocrx_word' id='word_1_281' title='bbox 144 3584 206 3645; x_wconf 84' lang='lat' dir='ltr'>nisi</span> <span class='ocrx_word' id='word_1_282' title='bbox 243 3583 314 3666; x_wconf 89' lang='lat' dir='ltr'>quis</span> <span class='ocrx_word' id='word_1_283' title='bbox 349 3578 511 3658; x_wconf 86' lang='grc' dir='ltr'><em>παρόντος</em></span> <span class='ocrx_word' id='word_1_284' title='bbox 547 3577 615 3642; x_wconf 86' lang='grc' dir='ltr'><em>καθ’</em></span> <span class='ocrx_word' id='word_1_285' title='bbox 650 3581 703 3652; x_wconf 74' lang='grc' dir='ltr'><em>ἦρι.</em></span> <span class='ocrx_word' id='word_1_286' title='bbox 741 3579 795 3650; x_wconf 69' lang='grc' dir='ltr'><em>τὴν</em></span> <span class='ocrx_word' id='word_1_287' title='bbox 830 3584 939 3655; x_wconf 79' lang='grc' dir='ltr'><em>πεῖραν</em></span> <span class='ocrx_word' id='word_1_288' title='bbox 974 3576 1204 3655; x_wconf 82' lang='grc' dir='ltr'><em>προσλαβόντες</em></span> <span class='ocrx_word' id='word_1_289' title='bbox 1231 3581 1341 3666; x_wconf 86' lang='lat' dir='ltr'>malit)</span> 
     </span>
     <span class='ocr_line' id='line_1_33' title="bbox 146 3681 1338 3768; baseline 0 -16"><span class='ocrx_word' id='word_1_290' title='bbox 146 3688 277 3768; x_wconf 77' lang='grc' dir='ltr'><em>ἔδρασαν</em></span> <span class='ocrx_word' id='word_1_291' title='bbox 301 3684 338 3749; x_wconf 79' lang='grc' dir='ltr'>σίν</span> <span class='ocrx_word' id='word_1_292' title='bbox 363 3710 393 3750; x_wconf 94' lang='grc' dir='ltr'><em>τι</em></span> <span class='ocrx_word' id='word_1_293' title='bbox 418 3689 476 3749; x_wconf 77' lang='grc' dir='ltr'><em>τῶν</em></span> <span class='ocrx_word' id='word_1_294' title='bbox 500 3684 682 3759; x_wconf 72' lang='grc' dir='ltr'><em>ἀνηκέστων.</em></span> <span class='ocrx_word' id='word_1_295' title='bbox 706 3681 886 3747; x_wconf 87' lang='lat' dir='ltr'>OmittitD</span> <span class='ocrx_word' id='word_1_296' title='bbox 908 3683 1021 3748; x_wconf 86' lang='lat' dir='ltr'>verba:</span> <span class='ocrx_word' id='word_1_297' title='bbox 1042 3708 1076 3746; x_wconf 86' lang='grc' dir='ltr'>τε</span> <span class='ocrx_word' id='word_1_298' title='bbox 1089 3683 1142 3749; x_wconf 78' lang='grc' dir='ltr'>καί</span> <span class='ocrx_word' id='word_1_299' title='bbox 1155 3686 1338 3763; x_wconf 74' lang='grc' dir='ltr'><em>ἐπανῆλθεν,</em></span> 
     </span>
     <span class='ocr_line' id='line_1_34' title="bbox 144 3789 1340 3876; baseline 0 -17"><span class='ocrx_word' id='word_1_300' title='bbox 144 3801 177 3859; x_wconf 91' lang='lat' dir='ltr'>et</span> <span class='ocrx_word' id='word_1_301' title='bbox 200 3799 274 3859; x_wconf 90' lang='lat' dir='ltr'>sunt</span> <span class='ocrx_word' id='word_1_302' title='bbox 296 3791 401 3857; x_wconf 88' lang='lat' dir='ltr'>hercle</span> <span class='ocrx_word' id='word_1_303' title='bbox 425 3790 568 3856; x_wconf 91' lang='lat' dir='ltr'>absurda.</span> <span class='ocrx_word' id='word_1_304' title='bbox 594 3789 711 3854; x_wconf 86' lang='lat' dir='ltr'>Verum</span> <span class='ocrx_word' id='word_1_305' title='bbox 733 3789 890 3854; x_wconf 90' lang='lat' dir='ltr'>undenam</span> <span class='ocrx_word' id='word_1_306' title='bbox 912 3789 1039 3853; x_wconf 88' lang='lat' dir='ltr'>taudem</span> <span class='ocrx_word' id='word_1_307' title='bbox 1059 3795 1171 3855; x_wconf 90' lang='lat' dir='ltr'>natum</span> <span class='ocrx_word' id='word_1_308' title='bbox 1184 3800 1340 3876; x_wconf 89' lang='lat' dir='ltr'>putemus</span> 
     </span>
     <span class='ocr_line' id='line_1_35' title="bbox 144 3893 1339 3985; baseline 0.002 -22"><span class='ocrx_word' id='word_1_309' title='bbox 144 3901 289 3985; x_wconf 90' lang='lat' dir='ltr'>ineptum</span> <span class='ocrx_word' id='word_1_310' title='bbox 314 3897 495 3963; x_wconf 81' lang='lat' dir='ltr'>emblemal</span> <span class='ocrx_word' id='word_1_311' title='bbox 528 3897 653 3981; x_wconf 90' lang='lat' dir='ltr'>Nempe</span> <span class='ocrx_word' id='word_1_312' title='bbox 675 3896 778 3960; x_wconf 90' lang='lat' dir='ltr'>scriba</span> <span class='ocrx_word' id='word_1_313' title='bbox 803 3895 920 3959; x_wconf 85' lang='lat' dir='ltr'>codicis</span> <span class='ocrx_word' id='word_1_314' title='bbox 942 3893 1107 3961; x_wconf 88' lang='lat' dir='ltr'>Harleiani</span> <span class='ocrx_word' id='word_1_315' title='bbox 1134 3935 1175 3947; x_wconf 92' lang='lat'><strong>—</strong></span> <span class='ocrx_word' id='word_1_316' title='bbox 1201 3898 1254 3964; x_wconf 83' lang='lat' dir='ltr'>vel</span> <span class='ocrx_word' id='word_1_317' title='bbox 1278 3901 1339 3965; x_wconf 80' lang='lat' dir='ltr'>for-</span> 
     </span>
     <span class='ocr_line' id='line_1_36' title="bbox 144 3999 1339 4094; baseline 0.001 -24"><span class='ocrx_word' id='word_1_318' title='bbox 144 4011 226 4070; x_wconf 90' lang='lat' dir='ltr'>tasse</span> <span class='ocrx_word' id='word_1_319' title='bbox 260 4008 325 4069; x_wconf 90' lang='lat' dir='ltr'>iam</span> <span class='ocrx_word' id='word_1_320' title='bbox 357 4005 425 4069; x_wconf 91' lang='lat' dir='ltr'>eius</span> <span class='ocrx_word' id='word_1_321' title='bbox 448 4003 614 4089; x_wconf 84' lang='lat' dir='ltr'>archetypi</span> <span class='ocrx_word' id='word_1_322' title='bbox 635 4040 673 4049; x_wconf 95' lang='lat'>-</span> <span class='ocrx_word' id='word_1_323' title='bbox 693 3999 877 4086; x_wconf 86' lang='lat' dir='ltr'>exemplum</span> <span class='ocrx_word' id='word_1_324' title='bbox 904 4022 998 4064; x_wconf 90' lang='lat' dir='ltr'>suum</span> <span class='ocrx_word' id='word_1_325' title='bbox 1022 4001 1125 4066; x_wconf 89' lang='lat' dir='ltr'>literis</span> <span class='ocrx_word' id='word_1_326' title='bbox 1147 4006 1339 4094; x_wconf 88' lang='lat' dir='ltr'>maiusculis</span> 
     </span>
     <span class='ocr_line' id='line_1_37' title="bbox 144 4106 1338 4195; baseline 0.003 -21"><span class='ocrx_word' id='word_1_327' title='bbox 144 4109 488 4195; x_wconf 89' lang='lat' dir='ltr'>sinedubioscripturn</span> <span class='ocrx_word' id='word_1_328' title='bbox 506 4108 591 4174; x_wconf 88' lang='lat' dir='ltr'>male</span> <span class='ocrx_word' id='word_1_329' title='bbox 602 4109 684 4195; x_wconf 83' lang='lat' dir='ltr'>legit</span> <span class='ocrx_word' id='word_1_330' title='bbox 692 4128 700 4185; x_wconf 78' lang='lat'><em>3</em></span> <span class='ocrx_word' id='word_1_331' title='bbox 721 4109 925 4184; x_wconf 75' lang='grc' dir='ltr'><em>ἑπανιίγει</em></span> <span class='ocrx_word' id='word_1_332' title='bbox 946 4106 1049 4185; x_wconf 82' lang='lat' dir='ltr'>dedit,</span> <span class='ocrx_word' id='word_1_333' title='bbox 1070 4130 1146 4173; x_wconf 90' lang='lat' dir='ltr'>oum</span> <span class='ocrx_word' id='word_1_334' title='bbox 1166 4111 1181 4175; x_wconf 83' lang='grc' dir='ltr'><em>ε’</em></span> <span class='ocrx_word' id='word_1_335' title='bbox 1189 4116 1338 4194; x_wconf 70' lang='grc' dir='ltr'><em>πανθει</em></span> 
     </span>
    </p>
   </div>
   <div class='ocr_carea' id='block_1_3' title="bbox 180 4349 1166 4415">
    <p class='ocr_par' dir='ltr' id='par_1_3' title="bbox 180 4349 1166 4415">
     <span class='ocr_line' id='line_1_38' title="bbox 180 4349 1166 4415; baseline 0.003 -16"><span class='ocrx_word' id='word_1_336' title='bbox 180 4353 203 4412; x_wconf 91' lang='lat' dir='ltr'>l)</span> <span class='ocrx_word' id='word_1_337' title='bbox 221 4351 348 4400; x_wconf 83' lang='lat' dir='ltr'>Contraria</span> <span class='ocrx_word' id='word_1_338' title='bbox 365 4367 446 4399; x_wconf 82' lang='lat' dir='ltr'>errore</span> <span class='ocrx_word' id='word_1_339' title='bbox 464 4353 584 4415; x_wconf 79' lang='lat' dir='ltr'>peecatum</span> <span class='ocrx_word' id='word_1_340' title='bbox 602 4355 636 4398; x_wconf 77' lang='lat' dir='ltr'>cat</span> <span class='ocrx_word' id='word_1_341' title='bbox 654 4349 683 4396; x_wconf 89' lang='lat' dir='ltr'>ad</span> <span class='ocrx_word' id='word_1_342' title='bbox 701 4361 729 4407; x_wconf 73' lang='lat' dir='ltr'>a,</span> <span class='ocrx_word' id='word_1_343' title='bbox 750 4349 812 4408; x_wconf 77' lang='lat'>328,</span> <span class='ocrx_word' id='word_1_344' title='bbox 831 4365 844 4396; x_wconf 85' lang='lat' dir='ltr'>a</span> <span class='ocrx_word' id='word_1_345' title='bbox 863 4349 1008 4397; x_wconf 85' lang='lat' dir='ltr'>Buttmanno</span> <span class='ocrx_word' id='word_1_346' title='bbox 1026 4358 1166 4402; x_wconf 76' lang='lat' dir='ltr'>correctum.</span> 
     </span>
    </p>
   </div>
   <div class='ocr_carea' id='block_1_4' title="bbox 0 0 1494 4950">
    <p class='ocr_par' dir='ltr' id='par_1_4' title="bbox 0 0 1494 4950">
     <span class='ocr_line' id='line_1_39' title="bbox 0 0 1494 4950; baseline 0 1"><span class='ocrx_word' id='word_1_347' title='bbox 0 0 1494 4950; x_wconf 95' lang='lat' dir='ltr'> </span> 
     </span>
    </p>
   </div>
  </div>
 </body>
</html>
