2978 4950
716 132 781 198 510

194 347 231 399 σ,
257 320 311 388 27.
359 323 415 389 Ad‘
433 322 502 403 γρηὶ
527 327 653 400 καμινοῖ
669 318 731 394 ἶσος
753 320 859 401 BHQ:
881 321 1104 404 καμινεντρῖᾳ,
1118 321 1331 402 παραπλησίας

148 429 234 493 aar&
265 428 300 493 τδ
331 424 411 500 εἶδος
442 430 495 495 καῖ
528 431 583 505 τῆν
619 429 743 506 ἐσθῆτα.
792 428 1021 505 Βοτὶὶνοοᾶωιλ,;
1049 428 1255 511 ααμινεντρῖα
1276 450 1334 491 το

149 536 372 614 ρατλῆσιος
398 535 481 600 sard
506 536 541 601 τδ
565 531 642 608 εἶδος
669 537 721 600 καῖ
746 537 802 602 τῆν
825 536 951 606 ἐσθῆτα.
999 533 1150 600 Glossam
1175 555 1270 620 super
1286 533 1334 599 hoo

150 641 304 707 vocabulo
327 645 603 728 corruptissimam
627 643 711 728 apud
734 641 939 729 Apollonium
964 639 1150 726 Sophistam
1175 643 1276 706 satius
1295 644 1335 706 est

149 769 221 813 cum
246 747 390 814 Beklrero
414 770 476 814 non
501 755 650 837 tangere,
676 769 770 834 quam
795 770 869 815 cum
894 747 1072 813 Villoisono
1096 768 1213 834 parum
1237 747 1333 832 probo

152 853 209 918 bili
244 853 424 920 coniectura
452 875 577 921 vexare.
623 853 776 940 Sequitur
804 857 838 918 in
860 854 911 919 H:
924 855 966 939 ,ἐν
991 862 1120 926 πολλοῖς
1148 854 1240 932 ,γρηὶ
1264 853 1333 938 (cod.

150 962 251 1043 ypnor')
277 960 429 1038 καμινῶ.”
477 960 530 1027 Sic
555 961 671 1028 diserte
693 963 789 1027 scribi
812 963 845 1026 in
871 961 977 1028 codice
1000 963 1130 1027 monuit
1153 959 1333 1027 Dindorfius.

150 1068 194 1130 At
225 1066 303 1151 quid
334 1067 393 1133 hoe
425 1068 545 1134 formae
578 1065 681 1134 esset?
714 1065 930 1135 correxerim:
960 1071 991 1133 ἐν
1015 1076 1145 1140 πολλοῖς
1171 1067 1261 1151 ,γρηὶ
1284 1091 1333 1132 κο-

150 1173 280 1254 μινῷ.”
327 1174 452 1260 Nempe
487 1178 519 1240 in
555 1196 632 1241 voce
662 1173 762 1240 semel
785 1176 869 1260 apud
892 1173 1072 1241 Homerum
1095 1174 1183 1241 lecta
1205 1168 1333 1261 quaestio

150 1287 198 1345 est
230 1281 268 1346 de
298 1282 488 1348 nominativi
519 1282 631 1348 torma.
679 1278 715 1346 Si
745 1284 861 1346 statuis
892 1284 909 1356 ῆ
942 1284 1079 1360 καμινοῖ,
1101 1314 1151 1329 ’-
1176 1287 1214 1346 nt
1237 1278 1334 1366 procul

149 1386 245 1452 dubio
277 1393 457 1452 statuerunt
480 1389 595 1472 optimi
619 1392 742 1453 veteres
765 1389 986 1475 grammatici.
1015 1425 1054 1436 -
1080 1387 1214 1454 dativus
1237 1394 1282 1453 est
1302 1395 1332 1468 τῆ

149 1501 289 1578 καμινοῖ,
314 1496 341 1558 si
365 1496 381 1568 ῆ
408 1493 554 1579 saprade,
580 1500 629 1560 est
652 1504 690 1575 τῆ
716 1496 845 1575 ααμινῷ.

194 1729 230 1776 o,
255 1703 309 1770 76.
361 1704 451 1771 Irum
482 1728 649 1792 procorum
682 1705 841 1788 δρηστῆρες
874 1703 952 1784 οἶνον
983 1706 1138 1787 ζώσαντες
1171 1706 1292 1787 ἀνάγκη
1310 1713 1325 1786 Η

151 1811 294 1877 δειδιότα.
342 1812 523 1880 Adnotatur
553 1817 587 1878 in
619 1812 663 1894 Q:
701 1814 820 1884 οὶτλῶς.
853 1815 886 1877 οὐ
917 1814 979 1893 γὰρ
1010 1811 1060 1877 ε’τῖ
1086 1819 1148 1877 τῶν
1177 1814 1332 1893 μαγείρων.

152 1917 251 2004 ,οὗτοι
287 1920 375 1995 δῶμα
411 1922 495 1986 κατα
529 1924 689 2001 δρηστῆρες
723 1919 838 1986 ἔασιν.”
885 1919 1027 2005 Utroque
1059 1918 1225 2007 Odysseae
1258 1919 1332 1991 loto,

149 2049 243 2114 quem
277 2033 385 2094 tamen
416 2026 598 2093 Dindorfius
628 2027 783 2093 indicavit
806 2026 837 2112 (κ
863 2024 940 2111 349,
963 2050 983 2090 τ
1007 2025 1108 2111 345),
1133 2047 1197 2092 non
1221 2027 1279 2092 hoo
1298 2025 1333 2090 le·

149 2136 256 2221 gitur,
289 2132 362 2199 sed:
395 2131 441 2198 ai
468 2134 500 2198 oi
533 2139 565 2199 et
598 2130 720 2197 αἵτοι
745 2133 771 2197 δ.
795 2157 824 2196 κ.
848 2132 1087 2212 δρήστειραι
1110 2129 1209 2196 ἔασιν.
1258 2131 1331 2198 Hinc

150 2247 262 2306 natum
294 2235 383 2303 οὗτοι.
432 2239 543 2305 Fuisse
573 2242 657 2305 inter
687 2245 824 2322 veteres,
856 2232 910 2324 qui
934 2237 1012 2305 loeis
1035 2238 1142 2324 qualis
1168 2245 1275 2304 noster
1296 2248 1334 2302 est

149 2347 200 2410 τὸν
225 2345 376 2424 δρηστῆρα
401 2367 457 2432 ρον
479 2345 628 2426 μάγειρον
652 2345 833 2422 redderent,
859 2351 948 2430 patet
970 2347 1069 2411 etiarn
1094 2367 1136 2410 ex
1161 2344 1333 2433 Hesychio,

150 2455 222 2538 qui:
258 2459 458 2531 Δραστῆρας·
492 2454 561 2524 τοὺς
593 2453 769 2530 ὀψοποιούς,
803 2454 992 2531 μαγείρους,
1024 2473 1163 2536 quocum
1190 2453 1335 2517 consentit

149 2558 260 2645 Etym.
296 2558 343 2622 M.
377 2558 528 2645 glossula.
576 2559 711 2623 Uberior
746 2557 841 2641 paulo
878 2559 916 2622 ad
953 2564 1094 2622 nostrum
1136 2581 1267 2623 versum
1297 2567 1334 2620 est

149 2664 358 2729 Harleianus:
391 2666 571 2744 δρηστῆρες·
606 2668 636 2728 οὐ
671 2664 786 2734 σαντες
812 2665 929 2744 δοῦλοι,
954 2666 1028 2728 αλλ’
1049 2665 1120 2735 ἴσως
1147 2667 1332 2743 θεράποντες,

149 2771 163 2836 δ
189 2772 241 2835 καῖ
267 2769 399 2847 οῖμεινον.
441 2770 564 2849 Quibus
590 2774 621 2833 in
647 2773 749 2834 verbis
773 2792 874 2855 neque
899 2771 1014 2837 τοὶντεο
1039 2791 1143 2856 neque
1167 2772 1240 2842 ἴσως
1264 2779 1333 2834 recte

150 2879 254 2943 habet.
303 2877 409 2941 lrnmo
433 2899 490 2941 neo
512 2883 616 2941 nostro
642 2877 709 2941 loco
733 2898 789 2941 nec
814 2901 837 2938 τ
861 2877 938 2960 248,
964 2878 1019 2941 ubi
1041 2878 1155 2941 itidem
1178 2897 1333 2962 procorum

150 2983 311 3062 δρηστῆρες
344 2990 655 3054 commemorantur,
681 3006 778 3044 servor
802 3004 853 3048 eos
879 2984 975 3047 fnisse
999 2986 1163 3060 innuitur,
1190 2990 1266 3070 quin
1288 2992 1334 3047 τῶν

146 3092 334 3171 θεραπόντων
360 3091 621 3155 commemoratio
647 3097 678 3151 et
702 3093 896 3174 comparatio
921 3094 1116 3154 contrarium
1141 3095 1274 3158 suadere
1295 3095 1333 3155 ri-

146 3200 247 3264 detur.
296 3199 343 3262 De
369 3198 418 3260 his
442 3201 526 3260 enirn
555 3199 764 3271 Aristonicus,
792 3204 828 3261 ut
852 3206 992 3270 constat,
1020 3198 1059 3262 de
1079 3200 1258 3264 Aristarchi
1277 3221 1332 3263 sen·

147 3308 247 3370 tentia
266 3306 382 3369 diserte
403 3304 568 3368 adnotavit
592 3304 616 3384 (o
639 3302 694 3373 95,
710 3302 784 3380 96);
808 3306 859 3367 οὐκ
879 3305 1051 3379 αναγκαῖον
1073 3306 1207 3370 ἀθετεῖν.
1229 3309 1332 3383 οὐγὰρ

146 3413 243 3475 δοῦλοι
272 3410 294 3489 ¹)
326 3411 350 3473 oi
383 3408 562 3487 θεροὲτοντες
587 3405 665 3472 ὥστε
689 3411 718 3472 ἐν
743 3420 780 3488 τῆ
807 3411 886 3488 αὐτῆ
911 3412 989 3491 siste
1014 3412 1116 3474 oiseis.
1167 3411 1330 3477 Consimilc

146 3517 220 3601 quid
248 3524 354 3580 nostro
375 3515 493 3579 scholio
515 3515 636 3579 dictum
658 3518 790 3579 coniicio
812 3523 843 3579 et
863 3518 930 3599 ipso
951 3518 1142 3581 Aristonici:
1163 3519 1332 3597 δρηστῆρες·

145 3621 217 3707 (ὅτι)
250 3627 282 3687 οὐ
309 3625 468 3693 πάντως
494 3623 609 3697 δοῦλοι,
636 3620 712 3684 αλλ’
740 3624 823 3685 ι’σον
848 3624 921 3703 (τῷ)
948 3623 1139 3700 θεράποντες.
1190 3625 1334 3691 Similiter

147 3730 352 3815 Apollonius:
388 3737 639 3807 Δρηστῆρες·
673 3730 698 3792 οἱ
736 3731 954 3808 ὑπουργοῦντες
987 3728 1040 3791 καῖ
1065 3730 1274 3802 διακονοῦντες
1296 3734 1333 3794 δε-

144 3838 302 3916 ροὶποντες.
353 3836 413 3900 Sed
443 3839 476 3899 in
501 3835 605 3899 verbis
627 3834 688 3898 ἴσον
713 3838 754 3911 τῷ
781 3834 959 3913 θεράποντες
986 3844 1060 3900 nota
1085 3837 1232 3904 desinere
1255 3840 1334 3904 debe·

145 3947 207 4009 bat.
257 3946 326 4022 Quo
365 3945 450 4007 enim
483 3945 642 4026 pertinent
667 3944 849 4024 sequentia:
876 3933 888 4003 δ
915 3942 965 4004 καὶ
992 3941 1138 4018 sparsos?
1163 3945 1238 4011 Non
1261 3964 1333 4010 certe

144 4052 183 4115 ad
217 4050 529 4135 interpretationem,
563 4050 594 4111 in
620 4068 682 4130 qua
706 4048 865 4131 optionem
891 4048 998 4112 datam
1024 4069 1086 4113 non
1113 4052 1254 4117 invenio.
1298 4056 1331 4116 At

159 4200 321 4210 .—---.-.--—

182 4282 202 4337 l)
224 4280 259 4325 lta
279 4280 404 4327 barochiua
423 4280 449 4324 :al
471 4279 493 4326 h.
513 4295 543 4324 rs.
563 4282 585 4325 ct
605 4277 715 4335 Cerberus,
740 4280 828 4326 Aineia.
851 4281 877 4325 A.
898 4283 918 4325 S.
942 4280 949 4325 Ι
975 4279 1072 4338 risis.)
1092 4298 1116 4344 p.
1138 4284 1177 4330 24.
