2978 4950
644 200 648 207 .
680 136 745 216 att

118 336 127 403 t
156 362 201 407 v.
233 362 260 408 c.
284 329 324 406 ad
350 341 367 406 δ
392 338 457 405 406
481 339 520 405 de
544 361 621 405 voce
644 339 722 415 ὀδμή
752 341 951 406 observetur:
980 342 996 417 ἡ
1024 326 1106 411 λέἔις
1125 330 1228 416 μέσιι,
1251 324 1304 400 καί

118 450 259 524 ιμαίνει
291 449 364 513 τοτέ
396 449 453 526 μέν
482 447 626 530 εὐωδίαν,
660 448 734 511 τοτὲ
767 447 798 511 δέ
823 447 981 513 δυσωδίαν.
1028 445 1081 512 sio
1104 451 1210 510 nostro
1236 444 1306 508 loco

118 551 325 622 tmonemur
348 555 434 628 δόλος
458 561 490 620 et
513 553 624 625 δολίεις
650 536 682 617 et
707 556 738 617 in
763 554 1021 643 bonamfpartem
1042 549 1304 636 usurpari,quod

118 677 199 728 uno
223 663 369 739 obtinet,
392 668 424 727 et
446 664 480 725 in
507 659 637 725 matam.

147 896 201 950 n,
224 873 298 940 333.
346 873 444 940 Recte
470 873 616 938 adhunc
641 894 768 938 versum
794 879 826 938 et
849 874 888 939 ad
913 873 1010 938 verba
1034 871 1095 949 aa
1121 869 1153 935 δέ
1176 894 1211 934 κε
1245 892 1305 932 οτα-

118 976 197 1043 ³13⁸
224 982 344 1056 ίκοίμκν
373 980 570 1058 referuntur,
603 1000 682 1064 quae
708 978 798 1044 nullo
820 979 973 1045 lemmate
997 979 1119 1044 adiecto
1141 977 1238 1042 habet
1260 975 1305 1040 P:

118 1089 277 1161 naevios
302 1089 331 1152 ἐν
349 1095 419 1159 ταῖς
440 1088 616 1166 οὶτοκρίσεσι
633 1090 686 1149 τοῦ
700 1086 806 1163 νοίμου
819 1089 905 1171 (cum
919 1086 1088 1170 Nausicaa)
1101 1086 1161 1150 οὐδ’
1175 1085 1305 1148 οίκοῡσοιι

118 1195 380 1269 λοσετοινίσατο,
414 1192 501 1256 οίλλοὶ
533 1191 623 1269 μίνου
649 1197 702 1256 τοῦ
727 1192 842 1256 νόστου.
890 1191 1015 1257 Ultima
1037 1191 1127 1257 nullo
1150 1196 1242 1275 pacto
1265 1190 1304 1254 ab

118 1303 250 1364 zoam
280 1298 414 1384 pendere
442 1305 590 1382 possunt;
621 1297 754 1362 debebat
784 1301 867 1363 enim
900 1315 981 1363 esse:
1015 1298 1102 1362 οίλλδο
1134 1298 1224 1373 μόνου
1251 1300 1304 1361 τοῦ

118 1413 230 1486 Ικεῖν
258 1409 312 1469 τοῦ
344 1404 459 1469 νίστου.
507 1404 577 1470 Νοιι
610 1408 717 1468 tamen
740 1403 807 1471 boo
831 1403 1000 1468 desiderari
1024 1404 1226 1479 crediderim,
1251 1401 1304 1467 sed

161 1509 233 1577 fine
256 1509 484 1597 supplendum:
509 1510 596 1573 οὶλλοδ
622 1509 712 1585 μίνου
737 1515 790 1573 τοῦ
815 1508 920 1574 νίστου
944 1511 1157 1595 (ἐμνήσίκ).

145 1723 201 1800 6,
225 1721 278 1787 23.
326 1720 474 1786 Minerva
496 1718 626 1785 Ulixem
651 1720 753 1786 forma
776 1726 808 1785 et
831 1721 954 1785 viribus
978 1727 1074 1808 auget
1098 1725 1249 1806 ornetque

300 1825 338 1900 ὥς
362 1851 415 1892 κεν
440 1865 480 1874 --
496 1865 512 1874 -
539 1824 728 1891 ἐκτελέσειεν
751 1827 877 1898 οίέίλους

299 1935 451 2016 πολλούς,
477 1932 546 2004 τοὺς
573 1934 704 2008 Φαίηκες
731 1932 925 2013 ἐπειρήσαντ’
952 1933 1111 2009 Ὀδυσῆος.

118 2043 280 2106 ‚timum
312 2060 440 2106 versum
471 2038 650 2104 Zenodotus
679 2039 853 2104 insiticium
884 2039 1064 2105 iudicabat:
1088 2040 1195 2105 οίίετεῒ
1216 2039 1307 2112 Ζηνί·

118 2163 212 2217 ι-ος.
238 2149 271 2212 οὐ
296 2145 359 2223 γὰρ
384 2146 517 2216 πολλοὺς
542 2145 682 2209 ἐτέλεσεν
706 2147 736 2207 ἐν
760 2147 915 2230 Φαιακίςι,
936 2147 1010 2210 ἀλλ’
1031 2147 1186 2212 ἐδίσκευσε
1206 2144 1307 2222 μόνον.

118 2245 211 2334 [Qt
242 2251 354 2317 Sintne
384 2251 461 2316 haec
490 2253 669 2317 Aristonico
700 2272 739 2316 an
771 2251 913 2337 Didymo
943 2255 1050 2337 potius
1085 2251 1305 2326 adscribenda,

118 2368 197 2422 »st
226 2358 427 2440 videbimus,
460 2357 517 2421 ubi
547 2358 585 2421 de
617 2359 866 2442 corruptissimis
897 2357 964 2422 illis
993 2359 1032 2424 de
1055 2358 1212 2423 industria
1234 2377 1308 2446 age-

118 2477 212 2546 us,
234 2484 314 2549 quae
338 2485 377 2529 ex
400 2462 573 2528 Harleiano
598 2463 720 2548 prolata
743 2461 925 2528 Dindorfius
949 2464 1031 2530 infra
1050 2469 1176 2530 textum
1196 2463 1305 2529 detru-

118 2586 155 2629 '-
219 2571 312 2636 Nunc
336 2576 462 2635 tantum
486 2568 607 2634 bellum
628 2568 711 2634 iliud
735 2569 868 2640 πολλοὺς
889 2569 1030 2634 ἐτέλεσεν
1048 2569 1305 2636 animadversum

118 2666 234 2754 lim,
266 2679 351 2763 quod
380 2677 463 2742 mibi
486 2680 519 2741 in
542 2678 729 2741 memoriam
753 2682 879 2741 revocat
902 2697 964 2742 non
987 2678 1096 2741 minus
1119 2675 1197 2742 belli
1218 2674 1307 2741 illius

118 2781 206 2847 ud
224 2783 447 2850 Theocritum:
469 2783 485 2857 ἤ
508 2785 544 2863 ῥα
558 2782 653 2846 πολύν
666 2782 721 2845 τιν’
736 2779 834 2853 ἐπινες
845 2804 854 2866 3
867 2782 950 2866 quod
963 2803 1035 2847 cum
1050 2781 1233 2848 Meinelrius
1244 2783 1306 2868 ipsi

121 2885 230 2955 iius
249 2891 483 2975 exprobrasset,
502 2889 579 2954 olim
600 2910 619 2953 a
637 2885 756 2954 Gobeto
775 2890 896 2973 optime
915 2896 1060 2955 sanatum
1073 2895 1121 2953 est
1132 2891 1166 2953 in
1179 2888 1197 2964 a
1210 2890 1307 2955 τολὺν

118 3008 197 3058 ὀν
216 2994 332 3073 ἐτινες;
358 2995 443 3061 Nam
467 2994 554 3060 eiad
576 2994 671 3059 τολὺν
692 2994 860 3060 subaudire
880 2995 989 3061 licebit
1008 2991 1100 3071 οίνον,
1121 2995 1160 3060 ad
1174 2998 1305 3069 πολλοὺς

118 3107 247 3181 λους,
281 3102 409 3168 difficile
442 3102 635 3185 metuerit,
660 3101 737 3186 quid
762 3101 801 3165 ad
824 3101 920 3173 πολύς
945 3101 1137 3189 cogitatione
1160 3102 1307 3187 supplere

118 3218 187 3270 n
216 3208 320 3275 liceat.
366 3207 438 3293 Ipse
473 3228 534 3273 non
569 3208 680 3272 dubito
717 3210 794 3292 quin
832 3207 1070 3274 substantivum
1109 3229 1126 3273 e
1156 3209 1234 3296 fuga
1265 3209 1308 3273 sit

118 3303 362 3380 hahendam:
397 3316 430 3378 οὐ
464 3315 526 3392 γὰρ
555 3316 687 3383 πολλοὺς
723 3311 893 3400 (scaeva)
924 3315 1063 3378 ἐτέλεσεν
1093 3316 1123 3379 ἐν
1148 3314 1303 3390 Φαιακία,

118 3418 206 3484 -od
225 3441 280 3485 cur
300 3420 443 3486 excidere
463 3423 601 3505 potuerit
620 3418 725 3503 palam
746 3426 803 3485 est.
827 3418 901 3485 Non
919 3419 1060 3484 absimili
1079 3441 1182 3486 errore
1201 3418 1307 3504 0184,

118 3518 181 3584 *i
210 3529 243 3590 in
277 3526 311 3591 H
345 3534 393 3593 est
426 3526 623 3607 τροδιομίοίσει
655 3526 823 3606 κέχρηται,
857 3524 906 3591 ίνα
937 3527 982 3603 μίι
1006 3525 1077 3608 δοκῇ
1102 3526 1304 3592 νεανιεύεσθαι

118 3631 272 3706 'tantos
293 3641 358 3706 τοῖς
382 3631 502 3709 οίίλοις,
528 3631 554 3696 Τ
578 3633 707 3717 praebet
730 3632 950 3713 τροσδιορίιίσει
975 3633 1005 3698 δὲ
1029 3639 1162 3713 χρῆται,
1187 3631 1237 3699 ίνα
1261 3636 1305 3712 μὴ
1377 3631 1400 3672 >⁸

118 3744 193 3819 ἐἰ
213 3747 274 3812 τοῖς
299 3737 406 3810 σίλλοις
431 3739 594 3813 ἐτισνδοῖν.

148 3952 200 4030 6,
222 3953 275 4019 59.
321 3961 415 4018 τοῖσιν
440 3951 465 4016 δ’
490 3951 645 4022 ’Λλκίνοος
669 3953 853 4017 δυοκαίδεκα
876 3957 952 4030 μῆλ’
977 3954 1123 4035 ίέρευσεν,

322 4061 398 4124 ὀκτὼ
423 4058 449 4122 δ’
473 4058 672 4138 ἀργιόδοντας
697 4056 773 4135 ὕας,
799 4060 850 4125 δίο
876 4060 902 4125 δ’
925 4062 1081 4134 είλίτοδας
1106 4061 1191 4141 βοῦς.

118 4166 370 4248 &prehenditur
398 4186 509 4240 caena,
541 4170 577 4229 ot
601 4186 657 4250 pro
681 4168 888 4232 convivarum
911 4189 1043 4234 numero
1067 4189 1180 4254 parum
1203 4168 1303 4235 lauta.

118 4259 312 4354 Ιἒιοφοντοιί
335 4297 412 4342 τινες
437 4275 474 4343 ὡς
496 4273 590 4349 ὀλίγοι
612 4275 907 4352 παρασκευάσαντος
925 4274 1081 4341 Ἀλκινόου
1093 4284 1156 4348 τοῖς
1170 4275 1304 4368 Φαίαξι,
