2978 4950
686 292 693 301 ’
790 294 856 369 256

231 489 366 576 aliisque
399 494 620 580 grammaticis
652 494 777 578 probari
813 497 875 560 iarn
914 496 1035 558 certum
1072 500 1130 559 est.
1178 493 1267 574 Quod
1297 493 1409 559 uua«

230 601 373 684 mimus,
405 607 530 664 rectene
557 601 701 684 sequitur
724 607 756 665 et
781 600 942 666 cohaeret:
968 598 1059 672 οὕτως
1085 602 1120 685 (i.
1145 620 1173 665 e.
1198 588 1417 681 προπαριέννό·

148 766 151 771 .
227 707 294 789 νοις)
331 705 395 784 γὰρ
427 706 597 783 ἐμελέτησε
629 707 671 772 τόν
703 710 788 786 παρὰ
824 707 858 771 τό
896 705 999 770 πλέα·
1023 740 1076 755 --
1108 705 1161 771 uui
1195 706 1283 781 δῆλον
1305 702 1343 771 ότι
1360 702 1421 770 εἷς

227 813 398 891 ιόποφνγόιν
422 820 480 878 τῶν
503 811 627 887 οὕτως
652 813 894 893 παραγομένων,
918 813 1056 895 διπλόος,
1084 810 1251 893 πριπλόοςέ
1277 806 1430 879 Dixisse&

227 918 360 985 saltem:
394 926 451 984 τῶν
488 920 546 984 ἀπ’
576 921 706 998 dartana
739 921 965 1001 παραγομένων
990 920 1042 986 vel
1066 922 1123 985 τῶν
1149 918 1254 992 ἄλλοις
1278 944 1435 1002 παραγα-

226 1025 322 1102 μένων
347 1025 399 1090 vel
422 1025 527 1090 simile
552 1024 637 1111 quid.
671 1026 783 1111 Itaque
803 1026 882 1093 olim
900 1027 1099 1112 suspicabar,
1122 1047 1231 1094 reram
1251 1027 1437 1094 lectionem

227 1152 311 1197 esse:
348 1132 390 1203 εἷς
425 1132 596 1213 α’ποφνγὶιν
632 1138 689 1197 τῶν
725 1133 766 1198 οὐ
800 1133 1037 1213 παραγομένων.
1083 1133 1215 1199 Etenim
1246 1132 1442 1199 numeralia

225 1238 284 1304 illa
304 1237 553 1324 multiplicative
570 1238 761 1323 quibusdam
783 1240 1005 1327 grammaticis
1026 1260 1099 1304 curn
1118 1241 1217 1306 verbo
1238 1240 1320 1306 πέλοι
1333 1261 1441 1307 com-

227 1347 332 1430 posita
363 1345 568 1421 videbantur,
604 1351 641 1409 ut
664 1351 712 1411 est
736 1348 768 1410 in
793 1345 1026 1433 Etymoiogicis
1049 1353 1081 1411 et
1105 1345 1327 1431 Epimerismis
1344 1344 1441 1413 Ho-

226 1451 354 1517 mericis
375 1473 401 1516 s.
427 1472 458 1517 v.
485 1452 656 1530 Δι’πλακα,
684 1453 730 1539 (in
756 1450 896 1518 Cramer.
919 1453 1062 1518 Anecdd.
1089 1450 1213 1518 Oxonn.
1235 1452 1251 1517 1
1279 1473 1311 1538 p.
1336 1450 1442 1531 112)

226 1559 333 1643 itaque
363 1560 403 1621 iis
435 1579 509 1624 uere
541 1557 671 1623 οόνόετα
708 1559 853 1636 fuerunt,
886 1580 948 1624 non
974 1558 1167 1639 παραγωγαὶ.
1216 1557 1290 1625 Duo
1311 1565 1441 1625 tumen

226 1669 318 1742 sunt,
349 1685 428 1749 quae
466 1666 546 1730 mihi
582 1667 716 1731 ulterius
750 1668 910 1752 reputanti
943 1666 1084 1751 aliquam
1117 1667 1345 1733 dubitationem
1364 1666 1441 1730 in-

226 1773 384 1848 iecerunt,
438 1779 562 1837 rectene
603 1772 656 1837 hic
707 1770 800 1843 οὕτως
844 1775 878 1836 in
920 1774 953 1836 οό
995 1773 1188 1837 mutandum
1232 1772 1438 1838 censuerim.

226 1877 375 1941 Primum
411 1899 509 1964 pono,
545 1900 624 1964 quae
660 1878 873 1966 Etymologus
907 1881 962 1964 qui
994 1878 1132 1966 Magnus
1168 1879 1259 1945 audit
1293 1877 1329 1944 dc
1360 1878 1438 1943 his

227 1986 260 2048 in
301 2005 391 2049 suam
436 1985 629 2073 farraginem
672 1988 799 2071 recepit.
863 1990 1065 2056 Διπλοῡςτ
1114 1986 1177 2050 clad
1224 1982 1435 2063 ονναιρέοειὲις

227 2092 292 2156 ἐστι
331 2097 384 2156 τοῦ
429 2092 549 2163 διπλόος
593 2093 644 2156 καὶ
691 2091 847 2171 τριπλόος·
885 2093 970 2178 (fort.
1009 2093 1081 2178 (τός)
1118 2092 1171 2156 καὶ
1208 2095 1434 2176 (τριπλοῦε

225 2199 304 2285 τοῦ)
340 2196 512 2284 τριπλόος·)
547 2199 582 2263 τὸ
615 2198 646 2262 δέ
677 2197 799 2269 διπλόος
836 2198 886 2262 καὶ
922 2199 1063 2278 τριπλόος
1099 2199 1161 2262 οόπδ
1198 2202 1251 2262 τοῦ
1285 2198 1327 2267 δός
1357 2190 1433 2260 οιαὶ

225 2306 287 2384 πρός
312 2300 412 2370 εἷπον·
437 2307 478 2369 τὸ
515 2305 552 2369 δέ
587 2305 758 2378 διπλοῦς
794 2304 859 2370 καὶ
893 2308 1089 2385 τριπλοῦς
1121 2304 1191 2369 οὔκ
1222 2306 1302 2369 εἶσι
1332 2302 1434 2367 τόν·

225 2414 334 2477 όετα.
370 2410 453 2491 ζήτει
486 2413 528 2482 εἰς
560 2412 594 2476 τό
627 2411 835 2489 Χοιροβοοιιοῦ.
869 2413 954 2489 παρὰ
986 2411 1021 2475 τό
1054 2410 1104 2475 δύο
1135 2409 1240 2476 πέλειν
1273 2405 1432 2476 &voratae

226 2519 277 2583 nai
314 2515 445 2589 διπλόος.
489 2517 612 2583 Ultima
643 2516 737 2603 paulo
767 2518 848 2581 iufra
880 2523 1066 2602 repetuntur
1098 2538 1122 2582 s.
1151 2539 1181 2581 v.
1219 2517 1354 2592 Διτλόιι,
1378 2516 1431 2577 et

225 2646 320 2710 supra
350 2647 374 2688 s.
401 2647 429 2689 v.
466 2628 612 2695 Ἅπλοῦς.
649 2623 684 2687 Si
716 2624 848 2700 ἁπλόος,
881 2624 1020 2698 διπλόος,
1046 2622 1207 2706 τριπλόος,
1232 2623 1364 2687 suntab
1396 2610 1431 2679 ἆ

225 2731 258 2794 τὸ
291 2738 439 2805 σημαῖνον
471 2728 518 2803 ἕν,
552 2731 609 2803 δι’ς,
645 2731 706 2808 τρίς
732 2739 764 2794 et
788 2730 891 2802 πέλω,
917 2730 1045 2794 difficile
1071 2731 1159 2794 dictu
1184 2735 1251 2803 est,
1277 2729 1430 2813 quidex

224 2844 368 2904 veterum
406 2837 548 2901 doct-rina
583 2836 669 2900 aliud
705 2838 823 2900 fuerint
859 2858 954 2920 quam
992 2838 1132 2899 τύνόετοι.
1184 2834 1247 2900 sed
1282 2831 1429 2900 affirmat

224 2945 458 3010 Ohocrobosous
494 2965 560 3008 esse
591 2966 629 3008 cr
662 2944 705 3013 δός
739 2951 770 3007 ct
802 2943 865 3022 τρίς
899 2945 1122 3008 terminatione
1155 2964 1217 3008 non
1242 2944 1427 3028 explicatas

225 3051 445 3135 contenditqne
470 3047 514 3114 ότι
539 3050 606 3113 criu
632 3051 688 3113 εἱσι
714 3050 854 3113 cludere.
891 3048 1098 3114 Choerobosci
1123 3049 1206 3114 liber
1226 3050 1266 3115 ad
1285 3058 1429 3114 manum

224 3177 285 3221 non
318 3166 384 3231 est,
414 3156 468 3220 sed
501 3178 574 3221 cum
605 3162 690 3221 totus
714 3157 753 3219 ab
779 3155 958 3220 Herodiano
982 3156 1134 3240 pendeat,
1160 3154 1227 3220 fieri
1254 3148 1430 3241 potestat

224 3265 251 3326 is
293 3284 382 3326 secus
426 3285 461 3327 ac
505 3265 691 3327 recentiores
731 3264 934 3349 grammatici
969 3261 1243 3348 etymologiarum
1281 3266 1431 3345 aucupe*

226 3369 396 3442 vocabula.
433 3369 471 3433 de
506 3370 621 3454 quibus
657 3372 857 3453 quaerimus,
892 3388 953 3432 non
986 3371 1161 3453 composita
1185 3356 1430 3432 existimaverit

225 3475 279 3540 sed
310 3476 493 3552 παραγωγό
519 3473 557 3560 ¹).
583 3474 794 3559 Videturque,
824 3512 864 3522 —
891 3474 974 3559 quod
996 3475 1133 3539 secundo
1157 3474 1226 3539 loco
1251 3494 1346 3560 pono,
1368 3494 1430 3518 κ

224 3581 335 3646 eodem
369 3582 495 3646 tendere
528 3584 625 3645 etiarn
656 3580 813 3645 Arcadius
846 3583 892 3644 ita
923 3579 1082 3644 scribens:
1108 3579 1161 3644 Τόν
1187 3576 1286 3658 ὥσπερ
1311 3572 1432 3643 ἐντελῆ

225 3694 283 3751 τῶν
319 3690 361 3759 εἰς
396 3689 515 3771 ,aracos
551 3687 708 3765 ληγόντων
740 3688 854 3751 οἱπλοῖ
888 3685 960 3750 όντα
1003 3684 1240 3771 παροξύνονται,
1276 3684 1433 3751 διπλόοςι

223 3857 398 3867 -ῄ-

260 3940 286 4003 1)
307 3942 409 3989 innuero
429 3942 471 3989 hoc
489 3941 584 3989 videtur
603 3946 626 3989 et
646 3941 776 4004 Phrynichi
795 3945 946 4005 praecaptum
964 3956 991 3987 ex
1010 3945 1119 4004 excerpto
1136 3943 1182 3996 τῆς
1201 3936 1435 4001 morafiam?

224 4035 376 4090 παρασκευῆς
402 4032 549 4096 (p.25,11
571 4033 670 4089 Beuum
691 4033 813 4087 (λπλῖι,
840 4028 957 4086 διπλᾶ,
983 4032 1108 4091 τριπλᾶ
1133 4028 1175 4077 καὶ
1199 4029 1235 4078 τὰ
1260 4028 1328 4089 ὅμοια
1349 4030 1433 4079 τίν’

225 4125 325 4167 στῶσιν.
352 4117 538 4169 ὑποπίπτει
565 4122 625 4182 γὰρ
646 4126 684 4184 τῇ
705 4116 827 4184 'rursus
847 4118 1022 4179 διαιρέσει,
1043 4116 1088 4167 οἷον
1107 4117 1199 4169 διπλόα
1216 4116 1360 4177 dramni
1382 4100 1432 4156 '3

225 4207 309 4269 όμοια,
334 4213 371 4260 cui
397 4241 430 4249 -
457 4212 476 4260 ai
504 4217 566 4259 rrctc
591 4214 658 4260 video
684 4240 717 4249 -
740 4218 864 4260 contracta
884 4214 959 4260 torma
977 4211 1091 4276 primaria
1109 4212 1213 4261 videtur.
1249 4212 1318 4277 Quod
1333 4210 1352 4259 ai
1368 4206 1427 4271 ΡΝ
1481 4264 1483 4269 ,

224 4293 359 4356 compositis
377 4294 510 4350 habuisset,
528 4298 592 4341 certa
610 4298 714 4342 statucre
734 4311 780 4342 nou
799 4297 899 4358 poterut.
927 4295 1054 4341 Caeterum
1072 4309 1133 4356 quae
1150 4310 1221 4360 super
1237 4294 1274 4343 his
1289 4276 1424 4358 ιδίιροέιῐίι

224 4373 353 4422 Iobcclriua
379 4376 412 4434 (in
439 4377 507 4424 docta
535 4380 591 4423 nota
618 4377 646 4424 ad
666 4375 830 4439 Phrynichum
847 4391 917 4424 suum
935 4392 957 4441 p.
978 4376 1040 4440 234)
1059 4374 1079 4423 si
1098 4382 1162 4427 ructa
1180 4377 1246 4442 cepi,
1265 4376 1290 4426 in
1306 4374 1333 4424 iis
1349 4362 1417 4421 ,aab

224 4455 309 4520 quibus
332 4458 439 4506 coemere
457 4471 578 4521 nequeam.
