2978 4950
639 220 702 293 lot

62 436 145 488 esse
164 433 253 504 posse¹
275 422 422 504 apparet,
448 438 485 484 ao
507 437 603 482 nemo
626 419 855 492 recentiorum,
881 416 964 501 quod
983 416 1100 493 sciam,
1120 420 1263 499 repertus

56 533 114 594 est
146 526 198 610 qui
220 545 274 590 eas
296 539 490 610 sequeretur.
515 522 603 603 Quae
626 525 719 588 unice
742 543 817 589 vers
841 530 888 590 est
911 525 998 590 vocis
1018 523 1147 587 rarioris
1170 541 1264 606 expo·

52 636 150 700 sitio
177 630 298 718 legitur
326 630 410 697 inter
428 636 567 696 caeteras
593 632 627 694 in
650 630 756 694 codice
780 632 1008 714 contemptione
1031 628 1073 695 ll:
1101 631 1207 705 ήγαγε
1231 628 1262 692 δὲ

49 738 189 812 πολλήν
212 738 443 819 καταφρόνησιν
466 744 550 810 τοῖς
575 737 812 813 πολεμίοις·
838 737 855 811 sl
880 743 961 807 τοῖς
987 735 1150 806 οἰκείοις
1172 733 1261 815 Φρό-

48 872 96 921 νη
114 868 184 909 σιν
207 846 259 909 καὶ
280 842 373 921 δόξαν
393 845 511 919 πολλὴν
530 846 735 921 κατήγαγεν,
757 843 773 906 ό
783 842 1080 921 ἐστινότηνέγκατο.
1095 842 1131 927 (l.
1145 845 1200 908 όσ
1212 844 1259 926 -.)

49 951 166 1031 ’ἕτεροι
185 950 217 1016 ll
235 952 304 1016 όντό
325 955 397 1016 τοῦ·
417 953 641 1027 κατήγαγε
666 951 822 1023 πολλὴν
845 948 1039 1030 Φρόνησιν
1063 948 1147 1025 ήτοι
1171 957 1264 1028 γνῶ-

51 1082 139 1125 ιον
159 1063 231 1123 τῶν
254 1057 292 1121 ἐν
315 1057 440 1140 Τροόρι
464 1064 549 1129 τοῖς
571 1053 779 1131 Ἕλλησιν.
810 1055 899 1121 Haec
916 1077 992 1122 vers
1011 1064 1096 1121 sunt.
1130 1053 1263 1122 (laetere

53 1185 152 1232 cmm
183 1163 223 1228 iis
257 1184 337 1248 quae
367 1162 429 1243 HQ
460 1163 600 1229 servavit
623 1170 693 1228 tum
718 1163 810 1248 plane
833 1165 1047 1246 consentient,
1071 1164 1098 1227 si
1121 1165 1167 1228 ita
1190 1183 1262 1229 con·

54 1273 188 1336 stitutu
218 1269 356 1334 fuerint:
388 1268 496 1348 ήγαγε
530 1270 561 1333 δὲ
593 1273 709 1339 πολλήν
735 1269 963 1348 καταφρόνησιν
986 1274 1059 1332 τῶν
1084 1268 1261 1345 πολεμίων

57 1399 105 1441 το
119 1383 161 1448 rr
190 1376 379 1450 οἰκείοις·
404 1377 421 1451 sl
445 1375 585 1457 φρόνιν
610 1377 661 1441 καὶ
688 1374 780 1450 δόξαν
804 1379 921 1447 πολλήν
945 1376 1150 1453 κατήγαγεν,
1176 1372 1193 1440 ό
1215 1375 1263 1439 ε’σ-

59 1507 113 1549 τιν
154 1483 363 1562 ότηνέγκατο.
410 1483 459 1548 Ex
489 1484 540 1548 his
571 1484 719 1548 omnibus
752 1490 897 1567 apparet,
934 1483 1064 1568 quinque
1086 1485 1264 1567 antiquitus

60 1589 171 1654 huius
202 1588 264 1655 loci
299 1590 440 1656 valuisse
474 1592 769 1674 interpretationes,
804 1611 878 1654 cum
909 1589 1071 1654 nonnullis
1102 1588 1264 1655 Homerus

63 1695 191 1762 dixisse
215 1697 401 1762 uideretur:
429 1695 560 1774 „Ulixes
584 1698 651 1779 ipse
676 1702 752 1761 tunc
775 1694 927 1761 Troianos
949 1680 1127 1780 despicatui
1149 1696 1264 1760 habere

66 1800 219 1872 cidicit”,
241 1802 314 1868 aliis
334 1802 430 1887 paulo
449 1805 572 1868 diverse
597 1801 695 1878 „lecit
718 1810 756 1866 ut
780 1799 894 1869 Graeci
917 1801 1050 1867 hostiles
1075 1823 1148 1887 opes
1170 1805 1262 1887 parvi

68 1908 279 1990 penderent”;
303 1908 377 1974 aliis
397 1915 520 1973 contra:
547 1908 629 1985 „sihi
654 1909 727 1974 inde
751 1908 888 1995 gloriam
914 1908 1093 1993 deportavit-
1117 1907 1263 1974 Ulixes.’'

10 2008 13 2093 j
70 2008 198 2080 llursns
231 2014 285 2080 alii
319 2035 430 2081 verum
465 2014 633 2079 videbant:
672 2015 863 2099 „acquisivit
892 2015 966 2078 hinc
998 2013 1109 2079 Ulixes
1133 2014 1261 2079 uberem

10 2110 13 2115 ’
72 2137 181 2184 rerum
220 2119 430 2188 Troianamm
469 2120 652 2197 notitiam”;
685 2120 815 2185 tandem
846 2122 1033 2185 recentiores
1062 2125 1189 2205 poetae,
1221 2158 1262 2170 -

75 2223 190 2307 cyclici
211 2231 308 2312 puto,
333 2264 376 2276 —
399 2226 493 2312 plane
516 2226 555 2291 de
578 2247 635 2291 suo
660 2224 835 2291 finxerunt:
858 2225 990 2303 „Ulixes
1011 2229 1143 2292 divitem
1171 2225 1266 2293 Troia

75 2331 225 2428 praedem
245 2353 355 2399 escum
374 2332 542 2415 abstulit‚'’
562 2353 636 2397 cnm
659 2332 781 2397 scilicet
804 2332 943 2397 mendici
961 2332 1074 2397 habitu
1095 2354 1167 2398 cum
1182 2336 1268 2398 vitae

76 2437 217 2517 periculo
239 2438 442 2525 speculatum
465 2441 612 2505 venisset.
644 2438 672 2504 lc
694 2437 824 2503 scholiis
847 2459 1011 2523 perversae
1033 2442 1265 2525 interpretatio-

78 2558 137 2606 nes
165 2547 197 2610 in
224 2524 344 2611 Lexica
373 2551 594 2631 pervenerunt.
641 2543 829 2629 Apollonius
860 2547 882 2609 i.
904 2566 932 2609 v.
961 2546 1126 2624 Φρόντιν
1151 2547 1266 2631 (immo

81 2651 239 2729 Φρόνιν,
271 2657 309 2718 ut
331 2655 458 2717 monuit
481 2650 688 2735 Villoisonus)
713 2649 757 2730 ¹):
783 2653 838 2726 τήν
862 2651 1098 2731 καταφρόνησιν.
1146 2651 1266 2718 Melius

82 2749 276 2844 Hesychius,
306 2759 391 2844 apud
421 2779 516 2846 quem
545 2761 593 2822 ita
617 2758 699 2822 mihi
719 2758 845 2824 videtur
864 2757 1083 2823 scribendum:
1109 2759 1264 2837 Φρόνινε

85 2861 228 2938 Φρόνησιν.
265 2865 297 2952 (sl
327 2866 402 2951 ins.)
436 2867 490 2939 τήν
519 2862 749 2945 καταφρόνησιν
782 2862 933 2940 ἕκόοτόον,
960 2866 991 2928 οὐ
1016 2867 1070 2938 τήν
1096 2864 1200 2948 λείαν,
1225 2861 1263 2935 ὥς

89 2986 178 3047 τίνει,
205 2991 266 3057 quo
297 2969 367 3037 loco
397 2969 570 3058 Sopingius
600 2971 729 3056 quidam
761 2971 913 3047 ἀμέλειαν
943 2973 1090 3055 imperite
1121 2973 1268 3037 coniicie·

92 3070 153 3139 hac.
173 3078 321 3144 hectoreo
343 3080 503 3143 vanarum
527 3080 824 3162 interpretationum
849 3081 876 3141 si
901 3079 1098 3162 quaerimus,
1120 3077 1159 3142 de
1178 3077 1267 3143 falsis

98 3181 187 3261 primo
225 3184 401 3251 videamus.
448 3184 569 3263 Quodsi
608 3189 701 3249 notae
743 3185 782 3248 ad
821 3207 844 3259 γ
877 3182 944 3246 244
978 3185 1012 3247 in
1048 3181 1267 3269 compluribus

102 3289 240 3357 codicibus
269 3287 447 3374 (uMQRu)
481 3296 623 3356 servatae
654 3287 747 3365 fides,
781 3289 1007 3373 Aristophanes
1035 3289 1098 3353 fuit
1121 3293 1176 3374 qui
1200 3289 1268 3355 illic

104 3389 187 3469 Φρόνιν
215 3418 270 3483 per
300 3395 462 3477 φρόνησιν,
492 3403 598 3462 nostro
627 3402 734 3461 autem
766 3394 836 3461 loco
868 3417 924 3480 per
953 3396 1181 3476 καταφρόνησιν
1217 3418 1270 3463 ex·

105 3511 218 3578 meret.
263 3505 302 3569 Ὀ
334 3503 365 3568 δὲ
397 3501 625 3583 Ἀριστοφιόνηο
655 3502 689 3567 τό
722 3502 826 3582 φρόνιν
858 3506 908 3566 νῦν
943 3503 999 3579 μὲν
1037 3504 1072 3586 (γ
1102 3502 1181 3586 244)
1217 3504 1268 3567 e’rrl

106 3605 148 3673 tlt
175 3611 357 3688 φρονήσεως,
389 3609 419 3674 ἕν
449 3608 481 3673 δὲ
512 3611 554 3689 τῷ
590 3609 696 3686 ,κατὰ
727 3609 757 3672 δὲ
781 3608 883 3688 φρόνιν
908 3608 1033 3687 ήγαγε”
1057 3608 1087 3692 (ό
1111 3606 1190 3683 258)
1215 3611 1271 3684 τήν

105 3717 319 3793 Ινταφρόνησιν.
368 3715 405 3779 ln
436 3717 531 3780 tertio
552 3714 635 3780 libro
657 3711 868 3779 Telemachus
891 3713 1048 3779 Mentori:
1068 3715 1141 3780 volo
1160 3715 1273 3781 Nesto·

106 3828 160 3877 Nm
182 3821 389 3910 interrogare,
415 3821 503 3886 ἐπεὶ
529 3821 708 3900 σερόοιόε
734 3820 847 3891 δόκας
873 3821 936 3895 sill
962 3819 1103 3900 φρόνιν
1126 3818 1270 3886 ἄλλων.

14 3948 21 3958 ·
106 3912 158 3984 Hit
178 3935 255 3995 certe
276 3949 317 3994 ne
340 3928 456 3993 umbre
478 3928 609 4012 quidem
633 3926 825 4011 relinquitur
848 3927 1075 4005 dubitationis,
1099 3929 1177 4012 quin
1200 3929 1273 4010 φρό-

108 4043 141 4092 ονε
160 4030 257 4100 valeat
278 4035 433 4116 φρόνησις.
481 4034 528 4098 At
552 4055 608 4098 cur
631 4039 737 4099 nostro
759 4032 830 4099 loco
854 4033 948 4098 aliter
967 4037 997 4099 ei
1017 4034 1112 4119 idque
1133 4041 1275 4100 contorte

17 4198 25 4211 ,
109 4136 163 4195 ml
187 4137 473 4228 interpretandum?
505 4137 664 4205 Videlicet
695 4139 781 4203 κατό
813 4139 852 4205 ad
883 4138 989 4217 ήγαγι
1019 4142 1178 4226 pertinens
1201 4163 1275 4208 cum

10 4261 19 4278 .
113 4274 260 4306 ,κ

139 4361 159 4422 ll
173 4368 299 4438 Belum,
315 4377 430 4427 totiusne
446 4381 474 4426 ut
490 4377 552 4434 lere,
571 4390 672 4440 pravum
688 4374 787 4436 Φρόντιν
804 4373 829 4424 in
848 4376 958 4425 lemmate
976 4373 1082 4423 retinuit.
