2978 4950
658 148 724 245 aee
816 281 819 286 ι

116 390 221 436 eres
244 366 449 456 grammatici
468 363 492 451 ¹)
517 369 654 445 ἀγωνίαν
685 369 801 434 dixisse
830 370 885 433 ubi
914 367 1022 443 ἀγῶνα
1051 372 1290 450 expectaremus

116 482 243 541 atores
276 480 366 558 sunt,
400 474 434 538 in
469 474 519 539 his
549 472 764 561 Oyropacdiae
796 476 901 539 verbis
932 477 976 558 (ΙΙ
1007 474 1073 552 ΙΙΙ,
1097 475 1114 559 §
1139 474 1213 560 15):
1240 479 1290 538 νῦν

116 605 141 646 2
189 579 289 662 ἀνδρες
315 579 492 655 εἰλημμένοι
516 580 590 643 είσίν
614 581 644 643 ἒν
668 582 816 661 δημοτικῇ
839 580 967 664 ἀγωνίᾳ.
1017 579 1059 644 Et
1082 579 1189 665 plures
1213 601 1289 645 aue-

116 709 202 771 38,
235 685 453 768 Herodotum,
490 685 625 751 Diouem
660 683 945 772 Chrysostomum.
962 686 1186 752 Democratem
1225 685 1287 772 (ap.

116 794 191 857 sb.
223 793 257 856 in
290 790 374 876 App.
409 790 506 876 Flor.)
543 792 628 855 idem
660 792 794 869 dixisse,
826 800 859 856 et
889 799 1043 876 quantum
1075 793 1197 869 ἀγωνία
1230 793 1289 858 hae

116 897 332 963 nificatione
360 897 398 961 ab
429 898 514 975 ἀγιίν
548 897 688 966 differat.
719 900 752 961 in
784 898 985 964 adnotatione
1008 898 1048 963 ad
1070 898 1289 984 Xenophontis

116 1025 206 1069 um
229 1011 374 1070 accurate
397 1003 570 1068 declaravit
594 1003 629 1068 L.
654 1003 846 1069 Dindorfius.
895 1003 955 1069 Sed
980 1005 1101 1082 ἀγωνία
1127 1006 1210 1090 apud
1232 1006 1289 1070 hos

116 1112 292 1196 iquiores
322 1112 448 1176 etiamsi
480 1110 572 1194 plane
604 1111 707 1174 valeat
732 1111 834 1187 ἀγών,
860 1110 969 1176 ideone
993 1113 1160 1176 recentiori
1183 1132 1289 1198 gram

118 1220 217 1282 tice
252 1237 361 1283 vocem
397 1221 505 1292 ἀγῶνα
540 1237 691 1300 usurpare
725 1216 835 1281 licebit
870 1217 926 1281 ubi
964 1217 1102 1294 ἀγωνίαν
1146 1215 1288 1302 oportet?

116 1326 228 1388 mim
262 1342 342 1407 quae
375 1321 464 1387 Ulixi
503 1330 569 1386 rate
604 1322 746 1386 diffracta
776 1325 808 1385 in
841 1325 922 1387 mari
959 1321 1130 1408 procelloso
1166 1326 1290 1389 natanti

116 1428 285 1494 *ferrenda
315 1434 421 1509 eran-t,
449 1430 511 1512 ipsi
537 1429 623 1504 ἀγόν
647 1434 738 1496 sunt.
762 1428 899 1493 auditori
923 1437 1054 1494 movent
1077 1430 1232 1507 ἀγωνίαν,
1255 1429 1289 1494 id

179 1556 327 1623 angorem
356 1542 394 1600 ct·
417 1534 666 1600 sollicitudinem
692 1535 731 1598 ob
755 1533 876 1611 herois,
901 1535 991 1599 euius
1015 1541 1132 1600 sortem
1158 1537 1290 1600 commi·

116 1646 237 1725 itur,
262 1660 381 1706 errores
405 1649 437 1704 et
460 1639 611 1725 pericula.
659 1637 792 1729 Semper
815 1640 847 1703 in
871 1643 987 1705 uostris
1007 1643 1054 1705 ita
1073 1641 1204 1720 dicitnr,
1218 1664 1288 1708 ac.

116 1745 194 1812 ilo
222 1767 317 1832 supra
349 1771 363 1810 ε
395 1744 457 1810 25:
482 1746 686 1809 ἀπαλλιίττει
710 1747 895 1821 ἀγωνίας
920 1746 971 1810 τόν
995 1748 1146 1825 ἀκροατην
1166 1740 1221 1812 ’ἐπὶ
1247 1750 1290 1829 τῷ

116 1855 302 1933 λεμάχῳ,
323 1860 355 1918 et
376 1879 390 1918 ε
408 1853 490 1917 41οι
513 1854 607 1924 αὐτός
629 1853 710 1915 ἐστιν
731 1853 841 1916 ἑαυτοῦ
862 1853 1133 1929 συναισθανόμενος
1152 1852 1289 1934 Ὅμηρος
1391 1885 1394 1891 ·

167 1959 239 2026 ἀσον
270 1963 453 2036 ἀγωνίοις
486 1963 649 2037 προήγαγε
682 1958 732 2022 τόν
757 1959 867 2036 λόγον,
892 1966 924 2024 at
948 1961 964 2024 δ
989 1957 1071 2025 675:
1096 1960 1191 2033 πάόσς
1215 1970 1293 2027 κινιί

189 2066 367 2142 Πηνελόπης
393 2069 479 2150 (uam
505 2069 551 2131 sic
576 2065 775 2129 scribendum
801 2086 867 2130 esse
891 2086 986 2150 supra
1010 2066 1089 2150 dixi)
1114 2068 1149 2131 τό
1175 2068 1290 2134 ἔπεισί·

116 2193 123 2217 ’
154 2221 176 2245 .
209 2170 282 2238 όταν
313 2174 365 2236 τὸν
401 2171 556 2236 Ὀδυσσέα
588 2174 731 2250 θρηνοῦσα
762 2172 817 2245 την
849 2171 899 2235 ἐπί
930 2174 971 2251 τῷ
995 2172 1081 2236 παιδί
1106 2174 1289 2249 ἀγωνίαν

120 2280 283 2363 osaea,
316 2286 348 2345 et
378 2280 424 2343 ita
456 2281 649 2362 saepissime.
697 2276 909 2356 Quamobrem
943 2285 1049 2344 nostro
1073 2300 1195 2365 quoqne
1219 2280 1286 2346 loco

116 2403 137 2446 ι
199 2387 308 2452 dubito
340 2387 416 2471 quin
449 2386 596 2450 deauratio
627 2386 809 2462 ἀγωνίαν
841 2387 883 2464 τῷ
914 2386 1050 2468 ἀκροατῇ
1083 2387 1122 2451 ab
1147 2394 1290 2466 auctore,

116 2496 244 2578 equis
267 2497 333 2570 est,
359 2491 536 2576 profectum
561 2494 613 2555 sit.

116 2723 132 2761 ε
163 2755 183 2782 ,
207 2707 281 2772 402.
306 2704 423 2786 Ῥόχόει
449 2705 635 2790 exponitur:
661 2739 708 2755 ·-
724 2739 743 2753 ·
768 2707 800 2770 οὐ
825 2706 888 2784 γάρ
909 2707 1054 2788 ἐκχεῖται
1076 2707 1217 2794 (fluctus)
1239 2711 1290 2775 ἐπ’

116 2815 265 2898 ἀμόν,
297 2815 375 2876 ἀλλ’
398 2810 479 2875 ἔστιν
504 2811 689 2889 ἀγχιβαθὴς
715 2812 731 2885 ἦ
756 2812 886 2889 ἐκβολή,
914 2809 991 2877 ὥστε
1019 2815 1231 2896 προσπελάζον
1256 2818 1290 2882 τὸ

116 2938 192 2983 ια
231 2919 363 2985 τοιοῦτόν
398 2942 469 2983 τινα
504 2919 667 2982 ἀποτελεῖν
705 2916 781 3000 ἦχον
817 2918 880 2983 deci
918 2927 976 2984 τῶν
1011 2928 1137 2999 πετρῶν.
1173 2921 1286 3008 (PQ'P)

116 3022 160 3085 ti
169 3048 224 3092 ma
255 3029 316 3092 tria
347 3027 444 3090 verba
475 3025 590 3089 absunt
620 3045 638 3088 a
669 3023 711 3097 Τ.
742 3027 775 3088 in
807 3028 937 3090 caeteris
963 3047 1036 3091 euru
1060 3032 1291 3114 praepositione

116 3145 248 3199 'versa
277 3131 440 3219 leguntur.
486 3130 571 3196 Nam
602 3129 719 3195 fluctus
749 3134 872 3196 sonitus
903 3133 994 3198 edere
1018 3134 1068 3198 eae
1092 3137 1150 3206 τάς
1175 3136 1292 3218 πέτρας

116 3247 249 3318 ¹flunt,
273 3240 324 3304 διά
350 3244 407 3302 τῶν
430 3245 545 3315 πετρῶν
569 3240 700 3302 omnino
723 3258 785 3302 non
805 3246 943 3324 possunt.
970 3238 1100 3326 Spectat
1120 3242 1291 3328 explicatio

116 3359 119 3367 ’
195 3347 285 3426 πρὸς
317 3346 392 3416 τοὶς
424 3345 578 3421 πέτρας
612 3345 798 3423 ἀντίκρουσιν
830 3350 883 3409 τοῦ
916 3347 1073 3425 κύματος,
1106 3351 1214 3434 itaque
1247 3371 1293 3416 re·

116 3437 300 3536 ipsammet
315 3486 366 3500 ·-
387 3447 464 3531 ὥστε
489 3451 701 3531 προσπελάζον
721 3451 756 3514 τὸ
777 3455 862 3528 κῦμα
884 3451 1017 3517 τοιοῦτόν
1039 3478 1108 3518 τινα
1128 3456 1294 3522 ἀποτελεῖν

116 3566 184 3614 ²²·
205 3559 313 3625 κοιτά
337 3558 395 3621 τῶν
419 3563 545 3636 πετρῶν.

116 3695 288 3722 χ,

116 3774 138 3829 )
185 3787 281 3838 Plotius
299 3787 406 3851 (Snidaa)
424 3790 448 3835 et
466 3785 634 3850 grammaticus
652 3785 677 3834 iu
695 3785 799 3834 Bekkeri
816 3788 863 3836 Au.
881 3803 904 3851 p.
916 3787 977 3846 833,
995 3789 1026 3837 19
1044 3787 1148 3838 breviter
1165 3789 1294 3856 iisdemque

116 3862 193 3926 lia:
210 3876 365 3942 Ἀγοινίρι·
387 3880 490 3938 Ξενοφῶν
509 3873 566 3924 ἀντί
585 3869 630 3923 τοῦ
648 3873 732 3935 ἀγῶνι.
750 3876 825 3925 Paulo
842 3876 981 3941 explicatius
995 3881 1031 3926 est
1045 3879 1124 3927 Lexiei
1134 3878 1294 3944 fragmentum

116 3973 118 3983 ·
184 3959 261 4010 Plotii
288 3960 417 4009 editionem
443 3958 614 4009 Petronianum
640 3974 662 4023 p.
688 3959 749 4017 663,
772 3959 813 4022 qui
832 3959 897 4008 loeus
916 3959 1034 4009 Diodortli
1051 3961 1199 4025 diligentiam
1217 3963 1294 4028 fugit:

116 4051 140 4069 '
159 4049 255 4097 ιινίιι*
276 4050 351 4112 φόβος
370 4046 486 4103 πτάσιας
506 4041 520 4103 li
542 4046 972 4110 ίίττης·-·-κιιτιιχρηστικῶς
992 4045 1023 4096 di
1045 4050 1100 4097 καί
1115 4050 1171 4099 ἰιι-ί
1186 4049 1295 4101 ἀοι-λοῦ

116 4120 153 4177 Β
172 4152 213 4186 ον.
239 4142 343 4200 Ξινσφὸν
369 4135 395 4186 ii
422 4137 452 4185 τό
476 4135 570 4196 ἀγωνία
596 4132 626 4196 (Ι.
647 4135 751 4202 ἀγωνίᾳ)
779 4136 821 4186 aar
846 4139 892 4185 τοῦ
909 4135 1018 4197 ἀγόίνσς,
1037 4137 1067 4195 ὣς
1087 4145 1111 4189 te
1130 4146 1167 4205 exp
1187 4141 1296 4202 ἀγᾶνιό

116 4206 188 4283 Ιθς.
205 4230 228 4290 (i.
238 4245 258 4279 e.
277 4232 304 4278 nt
321 4228 354 4276 sit
370 4244 425 4277 uana
443 4234 599 4292 consequente
616 4244 660 4292 pro
677 4228 848 4289 antecedente.)
868 4227 1001 4277 Diserimen
1020 4228 1124 4278 breviter
1140 4232 1226 4282 statuit
1245 4233 1294 4284 Ha·

116 4296 206 4367 hitta:
225 4313 389 4378 ’Λγιννίης
411 4321 456 4374 τῆς
476 4319 500 4365 ἰν
519 4315 595 4376 ulydiae
616 4316 732 4377 ἁμίλλης.
