<?xml version="1.0" encoding="UTF-8"?>
<!DOCTYPE html PUBLIC "-//W3C//DTD XHTML 1.0 Transitional//EN"
    "http://www.w3.org/TR/xhtml1/DTD/xhtml1-transitional.dtd">
<html xmlns="http://www.w3.org/1999/xhtml" xml:lang="en" lang="en">
 <head>
  <title>
</title>
<meta http-equiv="Content-Type" content="text/html;charset=utf-8" />
  <meta name='ocr-system' content='tesseract 3.04.00' />
  <meta name='ocr-capabilities' content='ocr_page ocr_carea ocr_par ocr_line ocrx_word'/>
</head>
<body>
  <div class='ocr_page' id='page_1' title='image "./adodysseameiusq00polagoog_0433.png"; bbox 0 0 2978 4950; ppageno 0'>
   <div class='ocr_carea' id='block_1_1' title="bbox 715 136 808 235">
    <p class='ocr_par' dir='ltr' id='par_1_1' title="bbox 715 136 808 235">
     <span class='ocr_line' id='line_1_1' title="bbox 715 136 808 235; baseline 0 -32"><span class='ocrx_word' id='word_1_1' title='bbox 715 136 808 235; x_wconf 40' lang='grc' dir='ltr'><strong><em>ιιι,</em></strong></span> 
     </span>
    </p>
   </div>
   <div class='ocr_carea' id='block_1_2' title="bbox 149 326 1325 1052">
    <p class='ocr_par' dir='ltr' id='par_1_2' title="bbox 149 326 1325 1052">
     <span class='ocr_line' id='line_1_2' title="bbox 154 326 1325 406; baseline 0.002 -11"><span class='ocrx_word' id='word_1_2' title='bbox 154 332 209 395; x_wconf 83' lang='lat' dir='ltr'><strong>ubi</strong></span> <span class='ocrx_word' id='word_1_3' title='bbox 239 328 351 395; x_wconf 88' lang='lat' dir='ltr'><strong>eodem</strong></span> <span class='ocrx_word' id='word_1_4' title='bbox 384 327 494 404; x_wconf 91' lang='lat' dir='ltr'><strong>modo,</strong></span> <span class='ocrx_word' id='word_1_5' title='bbox 530 326 584 392; x_wconf 90' lang='lat' dir='ltr'><strong><em>sed</em></strong></span> <span class='ocrx_word' id='word_1_6' title='bbox 615 329 740 394; x_wconf 83' lang='lat' dir='ltr'><strong>inverso</strong></span> <span class='ocrx_word' id='word_1_7' title='bbox 771 329 894 406; x_wconf 82' lang='lat' dir='ltr'><strong>ordino,</strong></span> <span class='ocrx_word' id='word_1_8' title='bbox 921 335 1030 395; x_wconf 79' lang='grc' dir='ltr'><strong><em>καλεῖν</em></strong></span> <span class='ocrx_word' id='word_1_9' title='bbox 1052 333 1087 395; x_wconf 90' lang='lat' dir='ltr'><strong><em>et</em></strong></span> <span class='ocrx_word' id='word_1_10' title='bbox 1108 330 1275 395; x_wconf 75' lang='grc' dir='ltr'><strong><em>ἀνακαλεῖν</em></strong></span> <span class='ocrx_word' id='word_1_11' title='bbox 1293 338 1325 397; x_wconf 89' lang='lat' dir='ltr'><strong><em>ut</em></strong></span> 
     </span>
     <span class='ocr_line' id='line_1_3' title="bbox 151 436 1325 524; baseline 0.001 -22"><span class='ocrx_word' id='word_1_12' title='bbox 151 455 331 524; x_wconf 80' lang='lat' dir='ltr'><strong>synonyma</strong></span> <span class='ocrx_word' id='word_1_13' title='bbox 353 440 558 520; x_wconf 70' lang='lat' dir='ltr'><strong>usurpantur,</strong></span> <span class='ocrx_word' id='word_1_14' title='bbox 583 456 684 520; x_wconf 88' lang='lat' dir='ltr'><strong>nequo</strong></span> <span class='ocrx_word' id='word_1_15' title='bbox 706 458 791 501; x_wconf 87' lang='lat' dir='ltr'><strong>nuno</strong></span> <span class='ocrx_word' id='word_1_16' title='bbox 810 436 928 502; x_wconf 90' lang='lat' dir='ltr'><strong>oodiois</strong></span> <span class='ocrx_word' id='word_1_17' title='bbox 948 436 1084 503; x_wconf 87' lang='lat' dir='ltr'><strong>leotione</strong></span> <span class='ocrx_word' id='word_1_18' title='bbox 1104 438 1235 524; x_wconf 80' lang='lat' dir='ltr'><strong>eognita</strong></span> <span class='ocrx_word' id='word_1_19' title='bbox 1251 444 1325 503; x_wconf 82' lang='lat' dir='ltr'><strong>mato</strong></span> 
     </span>
     <span class='ocr_line' id='line_1_4' title="bbox 150 541 1324 630; baseline 0.001 -22"><span class='ocrx_word' id='word_1_20' title='bbox 150 545 351 608; x_wconf 89' lang='lat' dir='ltr'><strong>sententiam.</strong></span> <span class='ocrx_word' id='word_1_21' title='bbox 398 541 435 604; x_wconf 93' lang='lat' dir='ltr'><strong><em>In</em></strong></span> <span class='ocrx_word' id='word_1_22' title='bbox 458 541 557 606; x_wconf 87' lang='lat' dir='ltr'><strong>altera</strong></span> <span class='ocrx_word' id='word_1_23' title='bbox 580 541 694 608; x_wconf 83' lang='lat' dir='ltr'><strong>scholii</strong></span> <span class='ocrx_word' id='word_1_24' title='bbox 716 548 806 629; x_wconf 87' lang='lat' dir='ltr'><strong>parte</strong></span> <span class='ocrx_word' id='word_1_25' title='bbox 830 544 956 608; x_wconf 90' lang='lat' dir='ltr'><strong>minuta</strong></span> <span class='ocrx_word' id='word_1_26' title='bbox 979 543 1140 628; x_wconf 90' lang='lat' dir='ltr'><strong>quaedam</strong></span> <span class='ocrx_word' id='word_1_27' title='bbox 1159 542 1324 630; x_wconf 66' lang='lat' dir='ltr'><strong>nordgau</strong></span> 
     </span>
     <span class='ocr_line' id='line_1_5' title="bbox 150 648 1321 736; baseline -0.001 -20"><span class='ocrx_word' id='word_1_28' title='bbox 150 656 328 736; x_wconf 83' lang='lat' dir='ltr'><strong>supersunt.</strong></span> <span class='ocrx_word' id='word_1_29' title='bbox 375 648 580 735; x_wconf 87' lang='lat' dir='ltr'><strong>Legendum:</strong></span> <span class='ocrx_word' id='word_1_30' title='bbox 611 683 630 696; x_wconf 93' lang='lat'>·</span> <span class='ocrx_word' id='word_1_31' title='bbox 652 650 691 722; x_wconf 75' lang='grc' dir='ltr'><strong><em>ὠς</em></strong></span> <span class='ocrx_word' id='word_1_32' title='bbox 715 650 813 729; x_wconf 85' lang='grc' dir='ltr'><strong><em>νεκρὸς</em></strong></span> <span class='ocrx_word' id='word_1_33' title='bbox 840 651 1053 731; x_wconf 76' lang='grc' dir='ltr'><strong><em>ἀπολειφθείη.</em></strong></span> <span class='ocrx_word' id='word_1_34' title='bbox 1078 648 1153 736; x_wconf 83' lang='grc' dir='ltr'><strong><em>(Ἢ)</em></strong></span> <span class='ocrx_word' id='word_1_35' title='bbox 1178 650 1211 714; x_wconf 79' lang='grc' dir='ltr'><strong><em>οὐ</em></strong></span> <span class='ocrx_word' id='word_1_36' title='bbox 1233 648 1321 727; x_wconf 85' lang='grc' dir='ltr'><strong><em>μέντοι</em></strong></span> 
     </span>
     <span class='ocr_line' id='line_1_6' title="bbox 150 744 1321 839; baseline -0.002 -17"><span class='ocrx_word' id='word_1_37' title='bbox 150 744 389 836; x_wconf 79' lang='grc' dir='ltr'><strong><em>προαπέστνμεν</em></strong></span> <span class='ocrx_word' id='word_1_38' title='bbox 427 754 603 839; x_wconf 79' lang='grc' dir='ltr'><strong><em>ἐμβάντες,</em></strong></span> <span class='ocrx_word' id='word_1_39' title='bbox 643 756 733 821; x_wconf 88' lang='grc' dir='ltr'><strong><em>ἀλλά</em></strong></span> <span class='ocrx_word' id='word_1_40' title='bbox 767 762 1062 837; x_wconf 79' lang='grc' dir='ltr'><strong><em>προσεκαρτεροῡμεν</em></strong></span> <span class='ocrx_word' id='word_1_41' title='bbox 1100 753 1229 822; x_wconf 68' lang='grc' dir='ltr'><strong><em>ἕκαστον</em></strong></span> <span class='ocrx_word' id='word_1_42' title='bbox 1261 758 1321 820; x_wconf 79' lang='grc' dir='ltr'><strong><em>ἀνα·</em></strong></span> 
     </span>
     <span class='ocr_line' id='line_1_7' title="bbox 149 860 1320 946; baseline 0 -20"><span class='ocrx_word' id='word_1_43' title='bbox 149 866 301 946; x_wconf 80' lang='grc' dir='ltr'><strong><em>βοῶντες,</em></strong></span> <span class='ocrx_word' id='word_1_44' title='bbox 325 863 350 926; x_wconf 86' lang='grc' dir='ltr'><strong><em>εί</em></strong></span> <span class='ocrx_word' id='word_1_45' title='bbox 375 860 592 939; x_wconf 87' lang='grc' dir='ltr'><strong><em>δυναίμεθά</em></strong></span> <span class='ocrx_word' id='word_1_46' title='bbox 616 886 686 928; x_wconf 86' lang='grc' dir='ltr'><strong><em>τινα</em></strong></span> <span class='ocrx_word' id='word_1_47' title='bbox 711 870 769 929; x_wconf 81' lang='grc' dir='ltr'><strong><em>τῶν</em></strong></span> <span class='ocrx_word' id='word_1_48' title='bbox 792 863 1066 941; x_wconf 69' lang='grc' dir='ltr'><strong><em>ἀπολελειμμένων</em></strong></span> <span class='ocrx_word' id='word_1_49' title='bbox 1089 871 1187 929; x_wconf 77' lang='grc' dir='ltr'><strong><em>σῶσαι</em></strong></span> <span class='ocrx_word' id='word_1_50' title='bbox 1212 874 1243 928; x_wconf 84' lang='lat' dir='ltr'><strong><em>ot</em></strong></span> <span class='ocrx_word' id='word_1_51' title='bbox 1256 862 1320 945; x_wconf 83' lang='grc' dir='ltr'><strong><em>φοί·</em></strong></span> 
     </span>
     <span class='ocr_line' id='line_1_8' title="bbox 150 969 1082 1052; baseline 0.003 -19"><span class='ocrx_word' id='word_1_52' title='bbox 150 995 233 1035; x_wconf 91' lang='grc' dir='ltr'><strong><em>νεται</em></strong></span> <span class='ocrx_word' id='word_1_53' title='bbox 259 969 291 1035; x_wconf 86' lang='grc' dir='ltr'><strong><em>δέ</em></strong></span> <span class='ocrx_word' id='word_1_54' title='bbox 315 969 366 1034; x_wconf 87' lang='grc' dir='ltr'><strong><em>διά</em></strong></span> <span class='ocrx_word' id='word_1_55' title='bbox 388 969 535 1034; x_wconf 81' lang='grc' dir='ltr'><strong><em>τούτου</em></strong></span> <span class='ocrx_word' id='word_1_56' title='bbox 559 970 593 1035; x_wconf 83' lang='grc' dir='ltr'><strong><em>τὸ</em></strong></span> <span class='ocrx_word' id='word_1_57' title='bbox 615 969 793 1052; x_wconf 87' lang='grc' dir='ltr'><strong><em>φιλέταιρον</em></strong></span> <span class='ocrx_word' id='word_1_58' title='bbox 815 976 869 1036; x_wconf 83' lang='grc' dir='ltr'><strong><em>τοῦ</em></strong></span> <span class='ocrx_word' id='word_1_59' title='bbox 893 971 1082 1044; x_wconf 75' lang='grc' dir='ltr'><strong><em>Ὀδυσσέως.</em></strong></span> 
     </span>
    </p>
   </div>
   <div class='ocr_carea' id='block_1_3' title="bbox 144 1160 1336 4352">
    <p class='ocr_par' dir='ltr' id='par_1_3' title="bbox 144 1160 1336 4352">
     <span class='ocr_line' id='line_1_9' title="bbox 192 1160 1319 1274; baseline 0 -23"><span class='ocrx_word' id='word_1_60' title='bbox 192 1212 222 1269; x_wconf 90' lang='grc' dir='ltr'><strong><em>ι,</em></strong></span> <span class='ocrx_word' id='word_1_61' title='bbox 246 1184 300 1250; x_wconf 84' lang='grc'><strong><em>65.</em></strong></span> <span class='ocrx_word' id='word_1_62' title='bbox 347 1185 395 1250; x_wconf 88' lang='lat' dir='ltr'><strong><em>De</em></strong></span> <span class='ocrx_word' id='word_1_63' title='bbox 425 1185 537 1250; x_wconf 87' lang='lat' dir='ltr'><strong>eadem</strong></span> <span class='ocrx_word' id='word_1_64' title='bbox 567 1206 600 1250; x_wconf 91' lang='lat' dir='ltr'><strong><em>re</em></strong></span> <span class='ocrx_word' id='word_1_65' title='bbox 630 1189 664 1249; x_wconf 92' lang='lat' dir='ltr'><strong>in</strong></span> <span class='ocrx_word' id='word_1_66' title='bbox 695 1184 843 1274; x_wconf 73' lang='lat' dir='ltr'><strong>vulgatis</strong></span> <span class='ocrx_word' id='word_1_67' title='bbox 874 1185 929 1271; x_wconf 81' lang='lat' dir='ltr'><strong><em>(V)</em></strong></span> <span class='ocrx_word' id='word_1_68' title='bbox 955 1160 1091 1252; x_wconf 66' lang='lat' dir='ltr'><strong>dioifur:</strong></span> <span class='ocrx_word' id='word_1_69' title='bbox 1118 1188 1248 1266; x_wconf 79' lang='grc' dir='ltr'><strong><em>ἀρχαῖον</em></strong></span> <span class='ocrx_word' id='word_1_70' title='bbox 1270 1180 1319 1251; x_wconf 73' lang='lat' dir='ltr'><strong><em>ee</em></strong></span> 
     </span>
     <span class='ocr_line' id='line_1_10' title="bbox 148 1286 1318 1373; baseline -0.002 -15"><span class='ocrx_word' id='word_1_71' title='bbox 148 1301 207 1358; x_wconf 79' lang='grc' dir='ltr'><strong><em>τῶν</em></strong></span> <span class='ocrx_word' id='word_1_72' title='bbox 241 1292 291 1356; x_wconf 82' lang='grc' dir='ltr'><strong><em>ἐπί</em></strong></span> <span class='ocrx_word' id='word_1_73' title='bbox 326 1290 413 1366; x_wconf 77' lang='grc' dir='ltr'><strong><em>ξένης</em></strong></span> <span class='ocrx_word' id='word_1_74' title='bbox 448 1292 669 1369; x_wconf 71' lang='grc' dir='ltr'><strong><em>ἀπολλυμένων</em></strong></span> <span class='ocrx_word' id='word_1_75' title='bbox 702 1294 761 1364; x_wconf 85' lang='grc' dir='ltr'><strong><em>τάς</em></strong></span> <span class='ocrx_word' id='word_1_76' title='bbox 796 1295 907 1372; x_wconf 76' lang='grc' dir='ltr'><strong><em>ψυχὰς</em></strong></span> <span class='ocrx_word' id='word_1_77' title='bbox 939 1294 1110 1358; x_wconf 82' lang='grc' dir='ltr'><strong><em>ἀνακαλεῖν</em></strong></span> <span class='ocrx_word' id='word_1_78' title='bbox 1142 1291 1241 1373; x_wconf 89' lang='grc' dir='ltr'><strong><em>τρίτον</em></strong></span> <span class='ocrx_word' id='word_1_79' title='bbox 1262 1286 1318 1356; x_wconf 66' lang='lat' dir='ltr'><strong>rodi</strong></span> 
     </span>
     <span class='ocr_line' id='line_1_11' title="bbox 149 1394 1320 1481; baseline -0.007 -17"><span class='ocrx_word' id='word_1_80' title='bbox 149 1398 422 1481; x_wconf 74' lang='grc' dir='ltr'><strong><em>περιλειφθέντας,</em></strong></span> <span class='ocrx_word' id='word_1_81' title='bbox 453 1399 555 1462; x_wconf 85' lang='grc' dir='ltr'><strong><em>έπάν</em></strong></span> <span class='ocrx_word' id='word_1_82' title='bbox 588 1399 762 1462; x_wconf 89' lang='grc' dir='ltr'><strong><em>ἀπίωσιν</em></strong></span> <span class='ocrx_word' id='word_1_83' title='bbox 793 1397 907 1464; x_wconf 89' lang='grc' dir='ltr'><strong><em>οίκαδε.</em></strong></span> <span class='ocrx_word' id='word_1_84' title='bbox 940 1401 957 1474; x_wconf 76' lang='grc' dir='ltr'>ἢ</span> <span class='ocrx_word' id='word_1_85' title='bbox 989 1397 1038 1464; x_wconf 80' lang='grc' dir='ltr'><strong><em>ἵνα</em></strong></span> <span class='ocrx_word' id='word_1_86' title='bbox 1072 1400 1124 1465; x_wconf 78' lang='grc' dir='ltr'><strong><em>καθ</em></strong></span> <span class='ocrx_word' id='word_1_87' title='bbox 1159 1396 1189 1462; x_wconf 83' lang='grc' dir='ltr'><strong><em>εί</em></strong></span> <span class='ocrx_word' id='word_1_88' title='bbox 1208 1420 1253 1467; x_wconf 77' lang='grc' dir='ltr'><strong><em>τις</em></strong></span> <span class='ocrx_word' id='word_1_89' title='bbox 1273 1394 1320 1479; x_wconf 77' lang='grc' dir='ltr'><strong><em>(εἰσ</em></strong></span> 
     </span>
     <span class='ocr_line' id='line_1_12' title="bbox 150 1498 1319 1589; baseline -0.004 -19"><span class='ocrx_word' id='word_1_90' title='bbox 150 1506 365 1570; x_wconf 88' lang='lat' dir='ltr'><strong>Buttmannus</strong></span> <span class='ocrx_word' id='word_1_91' title='bbox 388 1524 445 1588; x_wconf 87' lang='lat' dir='ltr'><strong><em>pro</em></strong></span> <span class='ocrx_word' id='word_1_92' title='bbox 468 1502 525 1589; x_wconf 79' lang='grc' dir='ltr'><strong><em>ἔτι)</em></strong></span> <span class='ocrx_word' id='word_1_93' title='bbox 552 1504 786 1570; x_wconf 86' lang='grc' dir='ltr'><strong><em>ἀπολίποιτο</em></strong></span> <span class='ocrx_word' id='word_1_94' title='bbox 810 1507 839 1569; x_wconf 88' lang='grc' dir='ltr'><strong><em>έν</em></strong></span> <span class='ocrx_word' id='word_1_95' title='bbox 862 1508 904 1586; x_wconf 78' lang='grc' dir='ltr'><strong><em>τῷ</em></strong></span> <span class='ocrx_word' id='word_1_96' title='bbox 930 1506 1023 1587; x_wconf 86' lang='grc' dir='ltr'><strong><em>πεδίῳ</em></strong></span> <span class='ocrx_word' id='word_1_97' title='bbox 1048 1507 1215 1585; x_wconf 68' lang='grc' dir='ltr'><strong><em>προσέλθωο</em></strong></span> <span class='ocrx_word' id='word_1_98' title='bbox 1256 1498 1319 1565; x_wconf 79' lang='lat' dir='ltr'><strong><em>Ba·</em></strong></span> 
     </span>
     <span class='ocr_line' id='line_1_13' title="bbox 149 1610 1319 1685; baseline -0.006 -8"><span class='ocrx_word' id='word_1_99' title='bbox 149 1615 236 1677; x_wconf 89' lang='lat' dir='ltr'><strong>nesio</strong></span> <span class='ocrx_word' id='word_1_100' title='bbox 267 1610 397 1675; x_wconf 87' lang='grc' dir='ltr'><strong><em>ἀπίωσιν</em></strong></span> <span class='ocrx_word' id='word_1_101' title='bbox 429 1610 598 1685; x_wconf 87' lang='lat' dir='ltr'><strong>debemus,</strong></span> <span class='ocrx_word' id='word_1_102' title='bbox 628 1623 750 1676; x_wconf 86' lang='lat' dir='ltr'><strong>veteres</strong></span> <span class='ocrx_word' id='word_1_103' title='bbox 773 1611 926 1677; x_wconf 82' lang='lat' dir='ltr'><strong>editiones</strong></span> <span class='ocrx_word' id='word_1_104' title='bbox 951 1621 982 1678; x_wconf 88' lang='lat' dir='ltr'><strong><em>ot</em></strong></span> <span class='ocrx_word' id='word_1_105' title='bbox 1007 1613 1140 1679; x_wconf 80' lang='lat' dir='ltr'><strong>fortasse</strong></span> <span class='ocrx_word' id='word_1_106' title='bbox 1164 1611 1259 1677; x_wconf 89' lang='lat' dir='ltr'><strong>etiam</strong></span> <span class='ocrx_word' id='word_1_107' title='bbox 1279 1624 1319 1670; x_wconf 88' lang='grc' dir='ltr'><strong><em>οι·</em></strong></span> 
     </span>
     <span class='ocr_line' id='line_1_14' title="bbox 149 1716 1321 1803; baseline -0.007 -19"><span class='ocrx_word' id='word_1_108' title='bbox 149 1721 233 1784; x_wconf 85' lang='lat' dir='ltr'><strong>dices</strong></span> <span class='ocrx_word' id='word_1_109' title='bbox 268 1719 391 1782; x_wconf 79' lang='grc' dir='ltr'><strong><em>ἐπίωσιν</em></strong></span> <span class='ocrx_word' id='word_1_110' title='bbox 425 1717 541 1784; x_wconf 81' lang='lat' dir='ltr'><strong>habere</strong></span> <span class='ocrx_word' id='word_1_111' title='bbox 575 1716 743 1795; x_wconf 84' lang='lat' dir='ltr'><strong>videntur,</strong></span> <span class='ocrx_word' id='word_1_112' title='bbox 777 1718 836 1783; x_wconf 88' lang='lat' dir='ltr'><strong><em>hoo</em></strong></span> <span class='ocrx_word' id='word_1_113' title='bbox 868 1727 953 1784; x_wconf 82' lang='lat' dir='ltr'><strong>uerte</strong></span> <span class='ocrx_word' id='word_1_114' title='bbox 984 1740 1148 1803; x_wconf 86' lang='lat' dir='ltr'><strong>perversa,</strong></span> <span class='ocrx_word' id='word_1_115' title='bbox 1174 1717 1228 1783; x_wconf 90' lang='lat' dir='ltr'><strong><em>sed</em></strong></span> <span class='ocrx_word' id='word_1_116' title='bbox 1249 1720 1321 1780; x_wconf 79' lang='grc' dir='ltr'><strong><em>εειιιι</em></strong></span> 
     </span>
     <span class='ocr_line' id='line_1_15' title="bbox 149 1822 1323 1911; baseline -0.004 -21"><span class='ocrx_word' id='word_1_117' title='bbox 149 1825 251 1890; x_wconf 83' lang='lat' dir='ltr'><strong>oritioi</strong></span> <span class='ocrx_word' id='word_1_118' title='bbox 281 1823 383 1911; x_wconf 82' lang='lat' dir='ltr'><strong>Angli</strong></span> <span class='ocrx_word' id='word_1_119' title='bbox 414 1827 552 1889; x_wconf 84' lang='lat' dir='ltr'><strong>mutatio</strong></span> <span class='ocrx_word' id='word_1_120' title='bbox 583 1822 706 1889; x_wconf 83' lang='lat' dir='ltr'><strong>verior?</strong></span> <span class='ocrx_word' id='word_1_121' title='bbox 737 1824 850 1891; x_wconf 86' lang='lat' dir='ltr'><strong>Nonne</strong></span> <span class='ocrx_word' id='word_1_122' title='bbox 883 1828 928 1890; x_wconf 87' lang='lat' dir='ltr'><strong>sio</strong></span> <span class='ocrx_word' id='word_1_123' title='bbox 952 1826 970 1900; x_wconf 78' lang='grc' dir='ltr'><em>ἢ</em></span> <span class='ocrx_word' id='word_1_124' title='bbox 993 1826 1155 1909; x_wconf 87' lang='lat' dir='ltr'><strong>abundat,</strong></span> <span class='ocrx_word' id='word_1_125' title='bbox 1178 1844 1251 1891; x_wconf 89' lang='lat' dir='ltr'><strong><em>oum</em></strong></span> <span class='ocrx_word' id='word_1_126' title='bbox 1270 1836 1323 1885; x_wconf 80' lang='lat' dir='ltr'><strong><em>unt</em></strong></span> 
     </span>
     <span class='ocr_line' id='line_1_16' title="bbox 149 1929 1322 2010; baseline -0.004 -13"><span class='ocrx_word' id='word_1_127' title='bbox 149 1938 274 1998; x_wconf 91' lang='lat' dir='ltr'><strong>tantum</strong></span> <span class='ocrx_word' id='word_1_128' title='bbox 293 1935 346 1994; x_wconf 82' lang='grc' dir='ltr'><strong><em>τοῦ</em></strong></span> <span class='ocrx_word' id='word_1_129' title='bbox 366 1932 429 2010; x_wconf 79' lang='grc' dir='ltr'><strong><em>τρίς</em></strong></span> <span class='ocrx_word' id='word_1_130' title='bbox 448 1932 618 1994; x_wconf 82' lang='grc' dir='ltr'><strong><em>ἀνακαλεῖν</em></strong></span> <span class='ocrx_word' id='word_1_131' title='bbox 638 1951 734 1996; x_wconf 87' lang='lat' dir='ltr'><strong>oausa</strong></span> <span class='ocrx_word' id='word_1_132' title='bbox 752 1931 841 1996; x_wconf 88' lang='lat' dir='ltr'><strong>reddi</strong></span> <span class='ocrx_word' id='word_1_133' title='bbox 855 1929 1022 1996; x_wconf 77' lang='lat' dir='ltr'><strong>videatur?</strong></span> <span class='ocrx_word' id='word_1_134' title='bbox 1046 1930 1108 1997; x_wconf 85' lang='lat' dir='ltr'><strong><em>Sed</em></strong></span> <span class='ocrx_word' id='word_1_135' title='bbox 1128 1934 1235 1996; x_wconf 79' lang='lat' dir='ltr'><strong>sirum</strong></span> <span class='ocrx_word' id='word_1_136' title='bbox 1247 1947 1322 1994; x_wconf 83' lang='lat' dir='ltr'><strong>aeon·</strong></span> 
     </span>
     <span class='ocr_line' id='line_1_17' title="bbox 149 2035 1321 2123; baseline -0.005 -19"><span class='ocrx_word' id='word_1_137' title='bbox 149 2041 250 2105; x_wconf 91' lang='lat' dir='ltr'><strong>ratius</strong></span> <span class='ocrx_word' id='word_1_138' title='bbox 277 2040 480 2123; x_wconf 81' lang='lat' dir='ltr'><strong>inspicimus,</strong></span> <span class='ocrx_word' id='word_1_139' title='bbox 513 2036 591 2101; x_wconf 87' lang='lat' dir='ltr'><strong>duas</strong></span> <span class='ocrx_word' id='word_1_140' title='bbox 621 2037 710 2101; x_wconf 89' lang='lat' dir='ltr'><strong>reddi</strong></span> <span class='ocrx_word' id='word_1_141' title='bbox 740 2038 924 2121; x_wconf 78' lang='lat' dir='ltr'><strong>apparebit,</strong></span> <span class='ocrx_word' id='word_1_142' title='bbox 957 2036 1092 2104; x_wconf 89' lang='lat' dir='ltr'><strong>alteram</strong></span> <span class='ocrx_word' id='word_1_143' title='bbox 1122 2060 1163 2103; x_wconf 85' lang='lat' dir='ltr'><strong><em>ex</em></strong></span> <span class='ocrx_word' id='word_1_144' title='bbox 1184 2035 1321 2123; x_wconf 80' lang='lat' dir='ltr'><strong>religione</strong></span> 
     </span>
     <span class='ocr_line' id='line_1_18' title="bbox 148 2140 1322 2230; baseline -0.002 -21"><span class='ocrx_word' id='word_1_145' title='bbox 148 2147 302 2230; x_wconf 88' lang='lat' dir='ltr'><strong>petitam,</strong></span> <span class='ocrx_word' id='word_1_146' title='bbox 331 2143 466 2209; x_wconf 88' lang='lat' dir='ltr'><strong>alteram</strong></span> <span class='ocrx_word' id='word_1_147' title='bbox 497 2164 536 2207; x_wconf 83' lang='lat' dir='ltr'><strong><em>ex</em></strong></span> <span class='ocrx_word' id='word_1_148' title='bbox 565 2142 714 2206; x_wconf 85' lang='lat' dir='ltr'><strong>utilitate.</strong></span> <span class='ocrx_word' id='word_1_149' title='bbox 762 2141 854 2207; x_wconf 89' lang='lat' dir='ltr'><strong>Hano</strong></span> <span class='ocrx_word' id='word_1_150' title='bbox 886 2165 925 2208; x_wconf 85' lang='lat' dir='ltr'><strong><em>ex</em></strong></span> <span class='ocrx_word' id='word_1_151' title='bbox 955 2142 1075 2209; x_wconf 79' lang='lat' dir='ltr'><strong>acholio</strong></span> <span class='ocrx_word' id='word_1_152' title='bbox 1099 2140 1322 2229; x_wconf 81' lang='lat' dir='ltr'><strong>Hamburgeusi</strong></span> 
     </span>
     <span class='ocr_line' id='line_1_19' title="bbox 148 2245 1323 2336; baseline -0.005 -21"><span class='ocrx_word' id='word_1_153' title='bbox 148 2271 243 2335; x_wconf 83' lang='lat' dir='ltr'><strong>supra</strong></span> <span class='ocrx_word' id='word_1_154' title='bbox 266 2251 493 2336; x_wconf 79' lang='lat' dir='ltr'><strong>cognovimus,</strong></span> <span class='ocrx_word' id='word_1_155' title='bbox 519 2245 582 2333; x_wconf 78' lang='grc' dir='ltr'><strong><em>(ἵνα</em></strong></span> <span class='ocrx_word' id='word_1_156' title='bbox 606 2250 650 2325; x_wconf 77' lang='grc' dir='ltr'><strong><em>μή</em></strong></span> <span class='ocrx_word' id='word_1_157' title='bbox 674 2272 721 2318; x_wconf 79' lang='grc' dir='ltr'><strong><em>τις</em></strong></span> <span class='ocrx_word' id='word_1_158' title='bbox 747 2248 899 2320; x_wconf 84' lang='grc' dir='ltr'><strong><em>πολλάκις</em></strong></span> <span class='ocrx_word' id='word_1_159' title='bbox 925 2249 1063 2326; x_wconf 78' lang='grc' dir='ltr'><strong><em>ἐμπνέων</em></strong></span> <span class='ocrx_word' id='word_1_160' title='bbox 1085 2252 1125 2322; x_wconf 77' lang='grc' dir='ltr'><strong><em>ὡς</em></strong></span> <span class='ocrx_word' id='word_1_161' title='bbox 1146 2249 1245 2329; x_wconf 70' lang='grc' dir='ltr'><strong><em>νεκρὸς</em></strong></span> <span class='ocrx_word' id='word_1_162' title='bbox 1259 2248 1323 2313; x_wconf 76' lang='grc' dir='ltr'><strong><em>ἀπο·</em></strong></span> 
     </span>
     <span class='ocr_line' id='line_1_20' title="bbox 148 2353 1323 2441; baseline -0.003 -20"><span class='ocrx_word' id='word_1_163' title='bbox 148 2356 301 2434; x_wconf 79' lang='grc' dir='ltr'><strong><em>λειφθείη)</em></strong></span> <span class='ocrx_word' id='word_1_164' title='bbox 331 2363 363 2420; x_wconf 91' lang='lat' dir='ltr'><strong><em>et</em></strong></span> <span class='ocrx_word' id='word_1_165' title='bbox 385 2376 460 2420; x_wconf 86' lang='lat' dir='ltr'><strong><em>mox</em></strong></span> <span class='ocrx_word' id='word_1_166' title='bbox 482 2376 522 2420; x_wconf 87' lang='lat' dir='ltr'><strong><em>ex</em></strong></span> <span class='ocrx_word' id='word_1_167' title='bbox 545 2354 572 2434; x_wconf 80' lang='lat' dir='ltr'>Q</span> <span class='ocrx_word' id='word_1_168' title='bbox 596 2374 835 2441; x_wconf 81' lang='lat' dir='ltr'><strong>cognoscemus,</strong></span> <span class='ocrx_word' id='word_1_169' title='bbox 860 2354 917 2420; x_wconf 88' lang='lat' dir='ltr'><strong>illa</strong></span> <span class='ocrx_word' id='word_1_170' title='bbox 941 2357 990 2422; x_wconf 90' lang='lat' dir='ltr'><strong>bis</strong></span> <span class='ocrx_word' id='word_1_171' title='bbox 1013 2357 1153 2423; x_wconf 89' lang='lat' dir='ltr'><strong>traditur</strong></span> <span class='ocrx_word' id='word_1_172' title='bbox 1174 2359 1209 2420; x_wconf 94' lang='lat' dir='ltr'><strong>in</strong></span> <span class='ocrx_word' id='word_1_173' title='bbox 1231 2353 1278 2431; x_wconf 88' lang='grc' dir='ltr'><strong><em>Η,</em></strong></span> <span class='ocrx_word' id='word_1_174' title='bbox 1297 2357 1323 2417; x_wconf 85' lang='lat' dir='ltr'><strong><em>et</em></strong></span> 
     </span>
     <span class='ocr_line' id='line_1_21' title="bbox 147 2458 1321 2548; baseline -0.008 -19"><span class='ocrx_word' id='word_1_175' title='bbox 147 2464 187 2529; x_wconf 87' lang='lat' dir='ltr'><strong><em>ad</em></strong></span> <span class='ocrx_word' id='word_1_176' title='bbox 213 2485 260 2528; x_wconf 88' lang='lat' dir='ltr'><strong><em>vs.</em></strong></span> <span class='ocrx_word' id='word_1_177' title='bbox 284 2461 344 2546; x_wconf 81' lang='lat'><strong><em>62,</em></strong></span> <span class='ocrx_word' id='word_1_178' title='bbox 369 2482 462 2546; x_wconf 90' lang='lat' dir='ltr'><strong>quam</strong></span> <span class='ocrx_word' id='word_1_179' title='bbox 484 2469 592 2526; x_wconf 90' lang='lat' dir='ltr'><strong>notam</strong></span> <span class='ocrx_word' id='word_1_180' title='bbox 612 2461 704 2525; x_wconf 94' lang='lat' dir='ltr'><strong>modo</strong></span> <span class='ocrx_word' id='word_1_181' title='bbox 723 2463 939 2548; x_wconf 77' lang='lat' dir='ltr'><strong>corrigebam,</strong></span> <span class='ocrx_word' id='word_1_182' title='bbox 960 2480 992 2527; x_wconf 83' lang='lat' dir='ltr'><strong><em>et</em></strong></span> <span class='ocrx_word' id='word_1_183' title='bbox 1015 2464 1144 2529; x_wconf 72' lang='lat' dir='ltr'><strong>brevius</strong></span> <span class='ocrx_word' id='word_1_184' title='bbox 1163 2462 1203 2528; x_wconf 90' lang='lat' dir='ltr'><strong><em>ad</em></strong></span> <span class='ocrx_word' id='word_1_185' title='bbox 1215 2479 1260 2527; x_wconf 84' lang='lat' dir='ltr'><strong><em>vs.</em></strong></span> <span class='ocrx_word' id='word_1_186' title='bbox 1272 2458 1321 2523; x_wconf 82' lang='lat'><strong><em>65:</em></strong></span> 
     </span>
     <span class='ocr_line' id='line_1_22' title="bbox 148 2566 1323 2648; baseline -0.005 -15"><span class='ocrx_word' id='word_1_187' title='bbox 148 2577 205 2634; x_wconf 79' lang='grc' dir='ltr'><strong><em>τῶν</em></strong></span> <span class='ocrx_word' id='word_1_188' title='bbox 236 2567 431 2644; x_wconf 89' lang='grc' dir='ltr'><strong><em>ἀπολομένων</em></strong></span> <span class='ocrx_word' id='word_1_189' title='bbox 457 2570 486 2631; x_wconf 86' lang='grc' dir='ltr'><strong><em>ἐν</em></strong></span> <span class='ocrx_word' id='word_1_190' title='bbox 509 2566 577 2647; x_wconf 68' lang='grc' dir='ltr'><strong><em>ξένῃ</em></strong></span> <span class='ocrx_word' id='word_1_191' title='bbox 601 2579 643 2647; x_wconf 69' lang='grc' dir='ltr'><strong><em>γῇ</em></strong></span> <span class='ocrx_word' id='word_1_192' title='bbox 669 2569 727 2638; x_wconf 75' lang='grc' dir='ltr'><strong><em>τάς</em></strong></span> <span class='ocrx_word' id='word_1_193' title='bbox 753 2570 863 2648; x_wconf 73' lang='grc' dir='ltr'><strong><em>’φυχάς</em></strong></span> <span class='ocrx_word' id='word_1_194' title='bbox 889 2571 1000 2648; x_wconf 79' lang='grc' dir='ltr'><strong><em>εὐχαῖς</em></strong></span> <span class='ocrx_word' id='word_1_195' title='bbox 1027 2593 1105 2632; x_wconf 91' lang='grc' dir='ltr'><strong><em>τισιν</em></strong></span> <span class='ocrx_word' id='word_1_196' title='bbox 1130 2572 1323 2633; x_wconf 77' lang='grc' dir='ltr'><strong><em>ἐπεκαλοῦντο</em></strong></span> 
     </span>
     <span class='ocr_line' id='line_1_23' title="bbox 148 2672 1321 2755; baseline -0.003 -15"><span class='ocrx_word' id='word_1_197' title='bbox 148 2677 356 2746; x_wconf 74' lang='grc' dir='ltr'><strong><em>ἀποπλέοντες</em></strong></span> <span class='ocrx_word' id='word_1_198' title='bbox 382 2678 407 2739; x_wconf 77' lang='grc' dir='ltr'><strong><em>οἱ</em></strong></span> <span class='ocrx_word' id='word_1_199' title='bbox 431 2676 517 2755; x_wconf 91' lang='grc' dir='ltr'><strong><em>φίλοι</em></strong></span> <span class='ocrx_word' id='word_1_200' title='bbox 542 2677 583 2746; x_wconf 85' lang='grc' dir='ltr'><strong><em>είς</em></strong></span> <span class='ocrx_word' id='word_1_201' title='bbox 610 2678 664 2750; x_wconf 67' lang='grc' dir='ltr'><strong><em>τὴν</em></strong></span> <span class='ocrx_word' id='word_1_202' title='bbox 688 2675 804 2738; x_wconf 76' lang='grc' dir='ltr'><strong><em>ἐκείνων</em></strong></span> <span class='ocrx_word' id='word_1_203' title='bbox 829 2679 981 2754; x_wconf 75' lang='grc' dir='ltr'><strong><em>πατρίδα,</em></strong></span> <span class='ocrx_word' id='word_1_204' title='bbox 1008 2677 1060 2741; x_wconf 80' lang='grc' dir='ltr'><strong><em>καί</em></strong></span> <span class='ocrx_word' id='word_1_205' title='bbox 1082 2678 1199 2742; x_wconf 81' lang='grc' dir='ltr'><strong><em>ἐδόκουν</em></strong></span> <span class='ocrx_word' id='word_1_206' title='bbox 1219 2672 1321 2740; x_wconf 79' lang='grc' dir='ltr'><strong><em>κατέ·</em></strong></span> 
     </span>
     <span class='ocr_line' id='line_1_24' title="bbox 148 2782 1324 2868; baseline -0.003 -22"><span class='ocrx_word' id='word_1_207' title='bbox 148 2809 238 2860; x_wconf 75' lang='grc' dir='ltr'><strong><em>γειν</em></strong></span> <span class='ocrx_word' id='word_1_208' title='bbox 275 2783 421 2852; x_wconf 78' lang='grc' dir='ltr'><strong><em>αὐτοὺς</em></strong></span> <span class='ocrx_word' id='word_1_209' title='bbox 458 2784 549 2859; x_wconf 72' lang='grc' dir='ltr'><strong><em>πρὸς</em></strong></span> <span class='ocrx_word' id='word_1_210' title='bbox 587 2784 680 2852; x_wconf 79' lang='grc' dir='ltr'><strong><em>τοὺς</em></strong></span> <span class='ocrx_word' id='word_1_211' title='bbox 712 2782 897 2854; x_wconf 78' lang='grc' dir='ltr'><strong><em>οἰκείους.</em></strong></span> <span class='ocrx_word' id='word_1_212' title='bbox 947 2783 1123 2868; x_wconf 85' lang='lat' dir='ltr'><strong>Utramque</strong></span> <span class='ocrx_word' id='word_1_213' title='bbox 1154 2783 1324 2849; x_wconf 76' lang='lat' dir='ltr'><strong>causamin</strong></span> 
     </span>
     <span class='ocr_line' id='line_1_25' title="bbox 146 2888 1325 2973; baseline -0.003 -20"><span class='ocrx_word' id='word_1_214' title='bbox 146 2897 253 2954; x_wconf 87' lang='lat' dir='ltr'><strong>nostro</strong></span> <span class='ocrx_word' id='word_1_215' title='bbox 288 2888 407 2951; x_wconf 83' lang='lat' dir='ltr'><strong>scholio</strong></span> <span class='ocrx_word' id='word_1_216' title='bbox 443 2889 580 2951; x_wconf 88' lang='lat' dir='ltr'><strong>breviter</strong></span> <span class='ocrx_word' id='word_1_217' title='bbox 613 2896 893 2952; x_wconf 84' lang='lat' dir='ltr'><strong>commemoratam</strong></span> <span class='ocrx_word' id='word_1_218' title='bbox 926 2889 1024 2954; x_wconf 84' lang='lat' dir='ltr'><strong>fuisse</strong></span> <span class='ocrx_word' id='word_1_219' title='bbox 1056 2892 1256 2973; x_wconf 87' lang='lat' dir='ltr'><strong>putaverim:</strong></span> <span class='ocrx_word' id='word_1_220' title='bbox 1284 2888 1325 2963; x_wconf 81' lang='grc' dir='ltr'><strong><em>ἀρ</em></strong></span> 
     </span>
     <span class='ocr_line' id='line_1_26' title="bbox 147 2993 1326 3076; baseline -0.003 -18"><span class='ocrx_word' id='word_1_221' title='bbox 147 3005 240 3076; x_wconf 82' lang='grc' dir='ltr'><strong><em>χαῖον</em></strong></span> <span class='ocrx_word' id='word_1_222' title='bbox 276 2994 336 3065; x_wconf 77' lang='grc' dir='ltr'><strong><em>ἔθος</em></strong></span> <span class='ocrx_word' id='word_1_223' title='bbox 373 3001 430 3057; x_wconf 75' lang='grc' dir='ltr'><strong><em>τῶν</em></strong></span> <span class='ocrx_word' id='word_1_224' title='bbox 469 2994 516 3057; x_wconf 71' lang='grc' dir='ltr'><strong><em>ἐπὶ</em></strong></span> <span class='ocrx_word' id='word_1_225' title='bbox 553 2993 638 3068; x_wconf 76' lang='grc' dir='ltr'><strong><em>ξένης</em></strong></span> <span class='ocrx_word' id='word_1_226' title='bbox 671 2994 891 3069; x_wconf 81' lang='grc' dir='ltr'><strong><em>ἀπολλυμένων</em></strong></span> <span class='ocrx_word' id='word_1_227' title='bbox 926 2996 984 3066; x_wconf 80' lang='grc' dir='ltr'><strong><em>τοὶς</em></strong></span> <span class='ocrx_word' id='word_1_228' title='bbox 1021 2997 1134 3074; x_wconf 76' lang='grc' dir='ltr'><strong><em>ψυχάς</em></strong></span> <span class='ocrx_word' id='word_1_229' title='bbox 1169 2998 1326 3060; x_wconf 83' lang='grc' dir='ltr'><strong><em>ἀνακαλεῖν</em></strong></span> 
     </span>
     <span class='ocr_line' id='line_1_27' title="bbox 148 3099 1327 3183; baseline -0.002 -17"><span class='ocrx_word' id='word_1_230' title='bbox 148 3105 246 3181; x_wconf 89' lang='grc' dir='ltr'><strong><em>τρίτον</em></strong></span> <span class='ocrx_word' id='word_1_231' title='bbox 281 3103 350 3171; x_wconf 79' lang='grc' dir='ltr'><strong><em>τοὺς</em></strong></span> <span class='ocrx_word' id='word_1_232' title='bbox 385 3099 655 3182; x_wconf 77' lang='grc' dir='ltr'><strong><em>περιλειφθέντας,</em></strong></span> <span class='ocrx_word' id='word_1_233' title='bbox 692 3102 764 3183; x_wconf 79' lang='grc' dir='ltr'>(ὥς)</span> <span class='ocrx_word' id='word_1_234' title='bbox 797 3102 1063 3179; x_wconf 76' lang='grc' dir='ltr'><strong><em>ε’πανάγωσιν</em></strong></span> <span class='ocrx_word' id='word_1_235' title='bbox 1096 3103 1216 3166; x_wconf 81' lang='grc' dir='ltr'><strong><em>οἴκαδε·</em></strong></span> <span class='ocrx_word' id='word_1_236' title='bbox 1250 3099 1327 3178; x_wconf 64' lang='lat' dir='ltr'><strong>»iias</strong></span> 
     </span>
     <span class='ocr_line' id='line_1_28' title="bbox 147 3207 1328 3294; baseline -0.002 -20"><span class='ocrx_word' id='word_1_237' title='bbox 147 3212 199 3275; x_wconf 79' lang='grc' dir='ltr'><strong><em>καί</em></strong></span> <span class='ocrx_word' id='word_1_238' title='bbox 224 3208 318 3277; x_wconf 78' lang='grc' dir='ltr'><strong><em>εἴτις</em></strong></span> <span class='ocrx_word' id='word_1_239' title='bbox 344 3209 595 3270; x_wconf 83' lang='grc' dir='ltr'><strong><em>ἀπολείποιτο</em></strong></span> <span class='ocrx_word' id='word_1_240' title='bbox 621 3208 649 3268; x_wconf 85' lang='grc' dir='ltr'><strong><em>ἐν</em></strong></span> <span class='ocrx_word' id='word_1_241' title='bbox 673 3208 715 3284; x_wconf 76' lang='grc' dir='ltr'><strong><em>τῷ</em></strong></span> <span class='ocrx_word' id='word_1_242' title='bbox 740 3208 832 3284; x_wconf 82' lang='grc' dir='ltr'><strong><em>πεδίῳ</em></strong></span> <span class='ocrx_word' id='word_1_243' title='bbox 857 3207 1020 3286; x_wconf 89' lang='grc' dir='ltr'><strong><em>προσέλθοι.</em></strong></span> <span class='ocrx_word' id='word_1_244' title='bbox 1072 3209 1158 3274; x_wconf 83' lang='lat' dir='ltr'><strong>Noto</strong></span> <span class='ocrx_word' id='word_1_245' title='bbox 1179 3216 1328 3294; x_wconf 74' lang='lat' dir='ltr'><strong>praeterea</strong></span> 
     </span>
     <span class='ocr_line' id='line_1_29' title="bbox 146 3314 1327 3400; baseline -0.003 -19"><span class='ocrx_word' id='word_1_246' title='bbox 146 3319 226 3382; x_wconf 86' lang='lat' dir='ltr'><strong>vitio</strong></span> <span class='ocrx_word' id='word_1_247' title='bbox 261 3314 443 3377; x_wconf 83' lang='grc' dir='ltr'><strong><em>ἀπολίποιπο</em></strong></span> <span class='ocrx_word' id='word_1_248' title='bbox 478 3317 632 3396; x_wconf 87' lang='lat' dir='ltr'><strong>seriptum</strong></span> <span class='ocrx_word' id='word_1_249' title='bbox 669 3320 733 3388; x_wconf 88' lang='lat' dir='ltr'><strong>est,</strong></span> <span class='ocrx_word' id='word_1_250' title='bbox 767 3315 849 3397; x_wconf 90' lang='lat' dir='ltr'><strong>quod</strong></span> <span class='ocrx_word' id='word_1_251' title='bbox 885 3335 923 3377; x_wconf 89' lang='lat' dir='ltr'><strong><em>ne</em></strong></span> <span class='ocrx_word' id='word_1_252' title='bbox 956 3315 1101 3378; x_wconf 87' lang='lat' dir='ltr'><strong>medium</strong></span> <span class='ocrx_word' id='word_1_253' title='bbox 1131 3316 1254 3381; x_wconf 85' lang='lat' dir='ltr'><strong>soloeeo</strong></span> <span class='ocrx_word' id='word_1_254' title='bbox 1280 3332 1327 3400; x_wconf 87' lang='lat' dir='ltr'><strong><em>pro</em></strong></span> 
     </span>
     <span class='ocr_line' id='line_1_30' title="bbox 144 3418 1328 3508; baseline -0.002 -22"><span class='ocrx_word' id='word_1_255' title='bbox 144 3424 269 3508; x_wconf 87' lang='lat' dir='ltr'><strong>passivo</strong></span> <span class='ocrx_word' id='word_1_256' title='bbox 291 3421 494 3503; x_wconf 85' lang='lat' dir='ltr'><strong>probaremus</strong></span> <span class='ocrx_word' id='word_1_257' title='bbox 511 3421 544 3481; x_wconf 88' lang='lat' dir='ltr'><strong>in</strong></span> <span class='ocrx_word' id='word_1_258' title='bbox 564 3420 764 3481; x_wconf 86' lang='grc' dir='ltr'><strong><em>ἀπολείποιτο</em></strong></span> <span class='ocrx_word' id='word_1_259' title='bbox 785 3418 978 3484; x_wconf 80' lang='lat' dir='ltr'><strong>refinnimus.</strong></span> <span class='ocrx_word' id='word_1_260' title='bbox 1016 3419 1106 3485; x_wconf 90' lang='lat' dir='ltr'><strong>Idem</strong></span> <span class='ocrx_word' id='word_1_261' title='bbox 1128 3426 1328 3487; x_wconf 86' lang='lat' dir='ltr'><strong>commissum</strong></span> 
     </span>
     <span class='ocr_line' id='line_1_31' title="bbox 144 3524 1331 3610; baseline 0.001 -18"><span class='ocrx_word' id='word_1_262' title='bbox 144 3533 176 3592; x_wconf 90' lang='lat' dir='ltr'><strong>in</strong></span> <span class='ocrx_word' id='word_1_263' title='bbox 209 3527 329 3592; x_wconf 85' lang='lat' dir='ltr'><strong>scholio</strong></span> <span class='ocrx_word' id='word_1_264' title='bbox 363 3546 457 3608; x_wconf 87' lang='lat' dir='ltr'><strong>paene</strong></span> <span class='ocrx_word' id='word_1_265' title='bbox 489 3524 627 3610; x_wconf 86' lang='lat' dir='ltr'><strong>gemello</strong></span> <span class='ocrx_word' id='word_1_266' title='bbox 657 3546 695 3588; x_wconf 83' lang='lat' dir='ltr'><strong><em>ex</em></strong></span> <span class='ocrx_word' id='word_1_267' title='bbox 719 3525 747 3599; x_wconf 82' lang='lat' dir='ltr'>Q</span> <span class='ocrx_word' id='word_1_268' title='bbox 773 3527 846 3609; x_wconf 77' lang='lat' dir='ltr'><strong>(nisi</strong></span> <span class='ocrx_word' id='word_1_269' title='bbox 871 3527 954 3610; x_wconf 90' lang='lat' dir='ltr'><strong>qnod</strong></span> <span class='ocrx_word' id='word_1_270' title='bbox 978 3530 1010 3590; x_wconf 87' lang='lat' dir='ltr'><strong>in</strong></span> <span class='ocrx_word' id='word_1_271' title='bbox 1036 3529 1096 3592; x_wconf 88' lang='lat' dir='ltr'><strong><em>hoo</em></strong></span> <span class='ocrx_word' id='word_1_272' title='bbox 1121 3528 1223 3594; x_wconf 86' lang='lat' dir='ltr'><strong>altera</strong></span> <span class='ocrx_word' id='word_1_273' title='bbox 1247 3547 1331 3593; x_wconf 76' lang='lat' dir='ltr'><strong>muso</strong></span> 
     </span>
     <span class='ocr_line' id='line_1_32' title="bbox 146 3627 1331 3710; baseline -0.002 -11"><span class='ocrx_word' id='word_1_274' title='bbox 146 3638 262 3699; x_wconf 84' lang='lat' dir='ltr'><strong>omissa</strong></span> <span class='ocrx_word' id='word_1_275' title='bbox 298 3638 377 3709; x_wconf 70' lang='lat' dir='ltr'><strong>esti:</strong></span> <span class='ocrx_word' id='word_1_276' title='bbox 415 3633 545 3709; x_wconf 83' lang='grc' dir='ltr'><strong><em>ἀρχαῖον</em></strong></span> <span class='ocrx_word' id='word_1_277' title='bbox 583 3629 642 3699; x_wconf 81' lang='grc' dir='ltr'><strong><em>ἔθος</em></strong></span> <span class='ocrx_word' id='word_1_278' title='bbox 680 3627 711 3702; x_wconf 69' lang='grc' dir='ltr'><strong><em>ἦν</em></strong></span> <span class='ocrx_word' id='word_1_279' title='bbox 744 3634 801 3694; x_wconf 71' lang='grc' dir='ltr'><strong><em>τῶν</em></strong></span> <span class='ocrx_word' id='word_1_280' title='bbox 833 3633 881 3693; x_wconf 82' lang='grc' dir='ltr'><strong><em>ἐπί</em></strong></span> <span class='ocrx_word' id='word_1_281' title='bbox 915 3631 1001 3706; x_wconf 73' lang='grc' dir='ltr'><strong><em>ξένης</em></strong></span> <span class='ocrx_word' id='word_1_282' title='bbox 1033 3636 1259 3710; x_wconf 85' lang='grc' dir='ltr'><strong><em>ἀπολλυμένων</em></strong></span> <span class='ocrx_word' id='word_1_283' title='bbox 1281 3635 1331 3703; x_wconf 77' lang='grc' dir='ltr'><strong><em>σάε</em></strong></span> 
     </span>
     <span class='ocr_line' id='line_1_33' title="bbox 146 3737 1334 3821; baseline -0.001 -17"><span class='ocrx_word' id='word_1_284' title='bbox 146 3742 258 3821; x_wconf 73' lang='grc' dir='ltr'><strong><em>ψυχὰς</em></strong></span> <span class='ocrx_word' id='word_1_285' title='bbox 294 3741 327 3801; x_wconf 91' lang='grc' dir='ltr'><strong><em>ἐκ</em></strong></span> <span class='ocrx_word' id='word_1_286' title='bbox 351 3739 450 3816; x_wconf 88' lang='grc' dir='ltr'><strong><em>τρίτου</em></strong></span> <span class='ocrx_word' id='word_1_287' title='bbox 483 3740 661 3799; x_wconf 79' lang='grc' dir='ltr'><strong><em>ἀνακαλεῖν.</em></strong></span> <span class='ocrx_word' id='word_1_288' title='bbox 696 3742 783 3800; x_wconf 83' lang='grc' dir='ltr'><strong><em>τοῦτο</em></strong></span> <span class='ocrx_word' id='word_1_289' title='bbox 815 3739 845 3801; x_wconf 81' lang='grc' dir='ltr'><strong><em>δὲ</em></strong></span> <span class='ocrx_word' id='word_1_290' title='bbox 879 3739 996 3814; x_wconf 73' lang='grc' dir='ltr'><strong><em>ἐγίνετο</em></strong></span> <span class='ocrx_word' id='word_1_291' title='bbox 1021 3737 1071 3802; x_wconf 82' lang='grc' dir='ltr'><strong><em>ἵνα</em></strong></span> <span class='ocrx_word' id='word_1_292' title='bbox 1098 3742 1194 3812; x_wconf 77' lang='grc' dir='ltr'><strong><em>εἴτις</em></strong></span> <span class='ocrx_word' id='word_1_293' title='bbox 1222 3742 1334 3805; x_wconf 75' lang='grc' dir='ltr'><strong><em>ὑπολί-</em></strong></span> 
     </span>
     <span class='ocr_line' id='line_1_34' title="bbox 148 3842 1335 3930; baseline 0.001 -21"><span class='ocrx_word' id='word_1_294' title='bbox 148 3870 260 3909; x_wconf 82' lang='grc' dir='ltr'><strong><em>ποιτο</em></strong></span> <span class='ocrx_word' id='word_1_295' title='bbox 298 3846 327 3906; x_wconf 82' lang='grc' dir='ltr'><strong><em>ἐν</em></strong></span> <span class='ocrx_word' id='word_1_296' title='bbox 362 3847 403 3922; x_wconf 77' lang='grc' dir='ltr'><strong><em>τῷ</em></strong></span> <span class='ocrx_word' id='word_1_297' title='bbox 439 3843 530 3921; x_wconf 82' lang='grc' dir='ltr'><strong><em>πεδίῳ</em></strong></span> <span class='ocrx_word' id='word_1_298' title='bbox 566 3842 730 3919; x_wconf 82' lang='grc' dir='ltr'><strong><em>προσέλθοι.</em></strong></span> <span class='ocrx_word' id='word_1_299' title='bbox 778 3844 943 3908; x_wconf 85' lang='lat' dir='ltr'><strong>Praeterea</strong></span> <span class='ocrx_word' id='word_1_300' title='bbox 979 3845 1011 3907; x_wconf 89' lang='lat' dir='ltr'><strong>in</strong></span> <span class='ocrx_word' id='word_1_301' title='bbox 1048 3855 1185 3930; x_wconf 89' lang='lat' dir='ltr'><strong>utroque</strong></span> <span class='ocrx_word' id='word_1_302' title='bbox 1223 3848 1335 3912; x_wconf 82' lang='lat' dir='ltr'><strong>scholio</strong></span> 
     </span>
     <span class='ocr_line' id='line_1_35' title="bbox 148 3948 1336 4033; baseline 0.002 -19"><span class='ocrx_word' id='word_1_303' title='bbox 148 3951 261 4014; x_wconf 82' lang='lat' dir='ltr'><strong>malim</strong></span> <span class='ocrx_word' id='word_1_304' title='bbox 296 3956 353 4013; x_wconf 79' lang='grc' dir='ltr'><strong><em>τῶν</em></strong></span> <span class='ocrx_word' id='word_1_305' title='bbox 379 3985 397 3996; x_wconf 92' lang='grc'>-</span> <span class='ocrx_word' id='word_1_306' title='bbox 422 3949 695 4021; x_wconf 83' lang='grc' dir='ltr'><strong><em>ἀπολομένων.</em></strong></span> <span class='ocrx_word' id='word_1_307' title='bbox 744 3948 885 4013; x_wconf 72' lang='lat' dir='ltr'><strong>Tandem</strong></span> <span class='ocrx_word' id='word_1_308' title='bbox 915 3951 999 4033; x_wconf 83' lang='lat' dir='ltr'><strong>quod</strong></span> <span class='ocrx_word' id='word_1_309' title='bbox 1031 3951 1217 4018; x_wconf 87' lang='lat' dir='ltr'><strong>Dindorfius</strong></span> <span class='ocrx_word' id='word_1_310' title='bbox 1249 3970 1280 4018; x_wconf 82' lang='lat' dir='ltr'><strong><em>et</em></strong></span> <span class='ocrx_word' id='word_1_311' title='bbox 1307 3957 1336 4016; x_wconf 86' lang='lat' dir='ltr'><strong>in</strong></span> 
     </span>
     <span class='ocr_line' id='line_1_36' title="bbox 147 4052 1336 4140; baseline 0.006 -21"><span class='ocrx_word' id='word_1_312' title='bbox 147 4056 265 4119; x_wconf 83' lang='lat' dir='ltr'><strong>scholio</strong></span> <span class='ocrx_word' id='word_1_313' title='bbox 297 4077 334 4118; x_wconf 85' lang='lat' dir='ltr'><strong><em>er</em></strong></span> <span class='ocrx_word' id='word_1_314' title='bbox 364 4054 391 4117; x_wconf 87' lang='lat' dir='ltr'>V</span> <span class='ocrx_word' id='word_1_315' title='bbox 418 4061 449 4117; x_wconf 85' lang='lat' dir='ltr'><strong><em>et</em></strong></span> <span class='ocrx_word' id='word_1_316' title='bbox 474 4057 505 4116; x_wconf 92' lang='lat' dir='ltr'><strong>in</strong></span> <span class='ocrx_word' id='word_1_317' title='bbox 530 4052 701 4119; x_wconf 86' lang='lat' dir='ltr'><strong>Harleiano</strong></span> <span class='ocrx_word' id='word_1_318' title='bbox 728 4057 771 4139; x_wconf 91' lang='lat' dir='ltr'><strong><em>(p.</em></strong></span> <span class='ocrx_word' id='word_1_319' title='bbox 798 4055 872 4130; x_wconf 82' lang='lat'><strong>412,</strong></span> <span class='ocrx_word' id='word_1_320' title='bbox 899 4055 930 4140; x_wconf 71' lang='lat'><strong><em>7)</em></strong></span> <span class='ocrx_word' id='word_1_321' title='bbox 958 4058 1057 4134; x_wconf 84' lang='grc' dir='ltr'><strong><em>τρίπον</em></strong></span> <span class='ocrx_word' id='word_1_322' title='bbox 1083 4068 1264 4125; x_wconf 81' lang='lat' dir='ltr'><strong>eorreotum</strong></span> <span class='ocrx_word' id='word_1_323' title='bbox 1287 4081 1336 4125; x_wconf 84' lang='lat' dir='ltr'><strong><em>vo·</em></strong></span> 
     </span>
     <span class='ocr_line' id='line_1_37' title="bbox 145 4158 1336 4253; baseline 0.007 -30"><span class='ocrx_word' id='word_1_324' title='bbox 145 4160 230 4224; x_wconf 80' lang='lat' dir='ltr'><strong>lebat</strong></span> <span class='ocrx_word' id='word_1_325' title='bbox 255 4164 285 4223; x_wconf 88' lang='lat' dir='ltr'><strong>in</strong></span> <span class='ocrx_word' id='word_1_326' title='bbox 318 4162 398 4238; x_wconf 77' lang='grc' dir='ltr'><strong><em>τρίς,</em></strong></span> <span class='ocrx_word' id='word_1_327' title='bbox 424 4158 547 4222; x_wconf 87' lang='lat' dir='ltr'><strong>nuliam</strong></span> <span class='ocrx_word' id='word_1_328' title='bbox 572 4159 716 4224; x_wconf 88' lang='lat' dir='ltr'><strong>idoneam</strong></span> <span class='ocrx_word' id='word_1_329' title='bbox 741 4182 868 4224; x_wconf 86' lang='lat' dir='ltr'><strong>oausam</strong></span> <span class='ocrx_word' id='word_1_330' title='bbox 895 4161 995 4226; x_wconf 86' lang='lat' dir='ltr'><strong>video.</strong></span> <span class='ocrx_word' id='word_1_331' title='bbox 1045 4164 1116 4228; x_wconf 91' lang='lat' dir='ltr'><strong><em>Non</em></strong></span> <span class='ocrx_word' id='word_1_332' title='bbox 1142 4176 1191 4230; x_wconf 85' lang='lat' dir='ltr'><strong><em>est</em></strong></span> <span class='ocrx_word' id='word_1_333' title='bbox 1217 4172 1336 4253; x_wconf 87' lang='lat' dir='ltr'><strong>optime</strong></span> 
     </span>
     <span class='ocr_line' id='line_1_38' title="bbox 147 4264 1216 4352; baseline 0.009 -24"><span class='ocrx_word' id='word_1_334' title='bbox 147 4267 275 4330; x_wconf 84' lang='lat' dir='ltr'><strong>fortasse</strong></span> <span class='ocrx_word' id='word_1_335' title='bbox 299 4267 436 4347; x_wconf 84' lang='lat' dir='ltr'><strong>dictum,</strong></span> <span class='ocrx_word' id='word_1_336' title='bbox 463 4264 515 4327; x_wconf 87' lang='lat' dir='ltr'><strong><em>sed</em></strong></span> <span class='ocrx_word' id='word_1_337' title='bbox 541 4275 586 4327; x_wconf 82' lang='lat' dir='ltr'><strong><em>est</em></strong></span> <span class='ocrx_word' id='word_1_338' title='bbox 612 4265 669 4329; x_wconf 89' lang='lat' dir='ltr'><strong><em>hoo</em></strong></span> <span class='ocrx_word' id='word_1_339' title='bbox 694 4270 830 4331; x_wconf 79' lang='lat' dir='ltr'><strong>auctoris</strong></span> <span class='ocrx_word' id='word_1_340' title='bbox 855 4266 966 4352; x_wconf 84' lang='lat' dir='ltr'><strong>culpa,</strong></span> <span class='ocrx_word' id='word_1_341' title='bbox 992 4291 1053 4343; x_wconf 74' lang='lat' dir='ltr'><strong><em>non</em></strong></span> <span class='ocrx_word' id='word_1_342' title='bbox 1079 4274 1216 4338; x_wconf 83' lang='lat' dir='ltr'><strong>scribae.</strong></span> 
     </span>
    </p>
   </div>
   <div class='ocr_carea' id='block_1_4' title="bbox 0 0 1494 4950">
    <p class='ocr_par' dir='ltr' id='par_1_4' title="bbox 0 0 1494 4950">
     <span class='ocr_line' id='line_1_39' title="bbox 0 0 1494 4950; baseline 0 0"><span class='ocrx_word' id='word_1_343' title='bbox 0 0 1494 4950; x_wconf 95' lang='lat' dir='ltr'><strong><em> </em></strong></span> 
     </span>
    </p>
   </div>
  </div>
 </body>
</html>
