2978 4950
710 203 774 272 144

146 420 235 461 νοισιν
271 396 436 471 ἀκουέμεν·
471 432 490 444 -
504 431 524 445 ·
547 396 616 469 άνίιρ
639 396 692 460 καὶ
719 397 815 466 σολύς
840 393 957 468 ὐτνος”.
982 396 1010 479 (ο
1033 390 1238 477 392-394.)
1266 390 1322 459 Ad·

146 503 277 569 modum
308 505 493 568 inconcinne
516 506 728 567 connectitur:
753 503 807 575 τίιν
832 505 929 567 νύιιτα
954 502 1048 580 φησίν
1066 536 1108 545 --
1126 496 1223 577 εἶναι,
1248 500 1322 579 λέγε

144 608 191 677 δέ,
219 616 409 694 quapropter
431 610 516 674 haud
541 611 605 674 acio
629 630 668 674 an
689 615 827 695 praestet
845 629 946 694 pauca
967 611 1120 691 inserere,
1142 627 1224 693 quae
1243 606 1322 673 {scili

145 713 286 780 excidere
309 722 497 800 potuerunt:
522 714 643 786 είκθτως
669 720 723 788 τὴν
747 716 842 780 νύκτα
866 716 962 794 φησίν
986 715 1016 778 ίν
1040 724 1078 795 τῇ
1101 715 1204 795 Ἰθάκῃ
1224 736 1322 795 μακρο

144 819 244 896 τάτιιν
279 816 402 892 εἶναι,
437 822 486 906 (ἐν
520 817 590 905 οἷς)
623 821 729 898 λέγει·
764 819 902 908 ,,(αίδε)
934 821 973 886 δὲ
1006 819 1113 894 νύκτες
1145 818 1322 901 άθθσφιιτνθ

145 943 223 1013 κτλ,
248 934 284 993 ut
309 935 340 993 et
364 928 395 992 δέ
419 928 459 992 ad
482 927 654 995 Homerica
676 931 843 1015 pertineat.

192 1163 232 1216 y,
259 1136 336 1203 307.
361 1136 410 1216 άψ
434 1140 491 1201 οὐτ’
515 1139 697 1213 Ἀθηναίωντ
723 1138 881 1214 Ζιινθδοτος
912 1140 967 1216 μὲν
994 1137 1064 1219 „iro
1088 1139 1152 1203 άπὸ
1177 1136 1322 1213 Oeneius?

146 1245 213 1310 ἐκεῖ
241 1246 305 1324 γάρ
337 1244 467 1327 κατῴκει
500 1244 514 1307 ὐ
547 1247 713 1327 Στρόφιος,
745 1247 803 1318 είς
836 1238 873 1309 ὐν
904 1243 1157 1323 άνετρίφετο
1188 1243 1322 1325 Ὀρέστιι

147 1352 233 1416 κατά
256 1351 422 1429 νεωτίρονε.
444 1350 580 1435 (HMQ.)
603 1351 689 1417 Mira
709 1354 790 1417 mihi
804 1354 836 1417 in
849 1353 907 1418 hoo
920 1352 1053 1447 Didymi
1069 1350 1199 1417 Scholio
1210 1352 1322 1417 videtu

148 1460 340 1524 constructio
375 1458 603 1537 ιὶνατρέφεοθιιι
639 1457 695 1528 είς
732 1483 841 1535 τινα,
873 1479 929 1545 pro
960 1480 1021 1544 quo
1052 1457 1261 1525 subrectus
1282 1478 1322 1525 set

150 1563 252 1629 nihilo
263 1567 399 1630 rectius:
421 1566 446 1627 οἱ
466 1564 495 1629 δὲ
517 1566 648 1643 νεώτεροι
671 1566 775 1644 παρὰ
798 1565 969 1646 Στροφίῳ
994 1565 1087 1629 αὐτὸν
1108 1563 1317 1643 τετράφθαι

147 1672 265 1751 φασίν,
296 1690 369 1736 nam
402 1681 458 1736 aut
490 1673 575 1751 ταρὰ
609 1672 796 1753 Στρθφιον
832 1679 888 1738 aut
921 1671 1149 1751 τεθράφθαι
1180 1673 1322 1757 scriptun

148 1782 298 1865 oportuit.
323 1778 456 1844 Fuitne:
481 1779 523 1849 είς
557 1774 589 1842 ὐν
621 1779 897 1861 ἀνεστρέφετο
931 1779 1077 1859 Ὀρέστης
1105 1778 1192 1842 κατά
1215 1776 1321 1862 (τούς

147 1881 326 1965 νεωτέροοςί

193 2121 228 2175 y,
253 2095 328 2163 309.
352 2098 439 2163 δαίνυ
469 2098 570 2180 τάφον
598 2076 795 2178 Ἀργείοισινε
814 2136 856 2144 --
872 2098 934 2172 ἔθος
959 2099 1022 2179 γάρ
1047 2095 1081 2170 ὐν
1103 2106 1165 2169 τοῖς
1190 2104 1322 2162 ταλοιωῑ

147 2204 223 2275 τινὸς
255 2206 498 2279 τελευτήσαντος
531 2205 681 2283 λαμπράν
704 2229 782 2269 τινι
808 2205 943 2287 εὐωχίαν
968 2203 1140 2285 ἑτοιμάζειν
1159 2204 1209 2267 ἐπ’
1234 2204 1317 2283 αὐτῷ

147 2305 219 2389 ὅπερ
252 2311 303 2374 καὶ
338 2312 438 2390 τάφοι
474 2317 546 2391 παρ’
582 2313 700 2384 ἐκείνοις
734 2311 890 2384 ἐκέκλητο.
925 2312 977 2397 (Ε)
1008 2310 1242 2398 corrigendum
1271 2330 1322 2375 ess

148 2415 210 2487 ἔθος
247 2441 280 2493 γ.
315 2413 347 2490 ἦν
382 2427 443 2490 τοῖς
478 2427 624 2492 παλαιοῖς
650 2457 691 2464 --
714 2417 863 2498 λαμπράν
889 2444 981 2483 τινα
1006 2418 1141 2498 εὐωχίαν
1165 2416 1321 2497 ἑτοιμάζοι

148 2524 196 2587 ἐπ’
211 2525 314 2602 αὐτῷ,
339 2524 397 2589 hoo
421 2525 473 2588 xci
499 2526 609 2605 τυφλῷ
635 2527 741 2601 δῆλον.
768 2534 805 2589 ut
827 2528 927 2590 aiunt.
955 2524 1076 2589 Verum
1099 2523 1255 2588 undenam
1271 2528 1322 2588 tau

147 2630 318 2694 ridiculum
344 2629 483 2694 vitium?
504 2631 613 2697 Potest
634 2654 671 2697 ex
693 2631 777 2719 sigla
796 2631 880 2696 male
898 2632 1023 2716 expleta
1043 2631 1183 2706 venisse,
1197 2630 1253 2695 sed
1265 2650 1322 2695 cun

147 2737 313 2821 praecedat
344 2737 495 2815 λαμπράν
520 2743 736 2803 accusativum
766 2742 811 2802 sie
836 2738 920 2802 male
944 2737 1072 2801 illatum
1098 2735 1319 2823 intellegerem

148 2845 294 2908 dativum
319 2866 379 2910 non
404 2845 565 2932 intellego.
613 2845 727 2910 Potius
749 2845 822 2910 inde
847 2847 965 2909 vitium
987 2851 1147 2929 repetam,
1170 2844 1322 2929 quodpos

148 2954 244 3016 terior
265 2955 497 3038 grammaticus
521 2955 731 3036 antiquiorem
759 2948 1022 3035 (Aristonicumt)
1048 2949 1132 3014 male
1155 2953 1322 3035 exscripsit

148 3079 241 3141 quem
275 3058 428 3122 habemus
460 3079 497 3123 er
527 3062 649 3144 optimo
679 3058 843 3123 Marciano
874 3057 913 3122 ed
949 3059 965 3121 δ
996 3059 1036 3134 3,
1061 3055 1214 3133 γάμοιο
1239 3053 1323 3120 ὥστε

147 3166 296 3244 άλλαχού
330 3166 363 3249 (i.
398 3186 425 3229 e.
454 3173 560 3230 nostro
585 3165 666 3250 loco)
691 3175 786 3244 φησιν
809 3163 946 3241 ’Όμηρος
972 3165 1074 3244 τοίφον
1098 3165 1164 3235 τὴν
1189 3162 1253 3226 ἐπὶ
1279 3188 1322 3228 τε

148 3272 288 3334 θνεῶτί
320 3295 397 3334 τινι
434 3272 627 3351 εὐωχίαν,
662 3269 737 3336 οὐτω
763 3272 815 3336 καὶ
843 3277 893 3334 νῦν
917 3269 1021 3347 γάμον
1045 3272 1098 3343 τὴν
1123 3269 1172 3331 ἐπὶ
1201 3266 1316 3346 χάμο

109 3379 111 3384 ’
148 3379 259 3453 δαῖτα,
293 3378 348 3441 ubi
379 3399 440 3442 non
473 3379 606 3443 debebat
636 3376 817 3444 Dindorfius
842 3377 1004 3459 dubitare,
1029 3377 1199 3460 quominus
1223 3396 1322 3441 correo

147 3487 267 3549 tionem
300 3505 390 3549 auam
423 3484 473 3547 ἐπὶ
506 3485 622 3564 γάμῳ
656 3489 807 3570 reciperet
838 3487 870 3547 in
900 3489 1034 3547 textum
1084 3482 1143 3546 Sed
1173 3485 1239 3546 iam
1272 3503 1322 3568 per

84 3604 88 3609 '
147 3594 294 3676 spicuam
319 3598 383 3661 est.
408 3591 519 3668 eredo,
544 3592 627 3656 unde
651 3599 757 3656 nostro
781 3591 850 3655 loco
875 3612 933 3652 τινι
957 3590 1088 3653 venerit.
1126 3587 1177 3652 Sic
1201 3595 1234 3652 et
1257 3609 1322 3654 nov:

147 3697 266 3763 scholia
292 3705 464 3761 naseuntur
487 3705 518 3762 et
544 3719 626 3762 nova
650 3700 739 3761 vitia.

193 3934 227 3986 y,
253 3910 328 3977 317.
365 3910 458 3975 Iubet
488 3910 604 3977 Nestor
635 3909 861 3976 Telemachum
889 3908 1071 3973 Menelaum
1095 3927 1220 3991 quoque
1242 3906 1322 3972 adire

148 4018 389 4090 σννεμοιέοετωκε
427 4019 468 4094 τῷ
493 4026 548 4089 τῆς
574 4018 705 4087 Ἀθηνᾶς
730 4016 965 4093 βουλήματι
991 4017 1003 4076 ὐ
1028 4013 1153 4090 Νέστωρ
1179 4014 1250 4090 πρὸς
1274 4020 1322 4088 Me

148 4124 252 4185 νθλαον
286 4123 378 4185 αὐτὸν
407 4123 555 4187 στέλλων.
594 4123 657 4209 (M)
689 4122 845 4209 Congruit
876 4121 1019 4185 Nestoris
1050 4119 1245 4194 adhortatio,
1277 4138 1322 4184 nor

148 4250 221 4293 cum
256 4232 414 4294 Minervae
446 4229 628 4306 voluntate,
661 4230 714 4293 sed
748 4250 819 4292 cum
847 4230 914 4292 eius
937 4227 1071 4301 coneilio,
1097 4226 1322 4301 ουνεμσέττωκ

147 4338 188 4418 τῷ
211 4342 267 4409 τῆς
293 4333 423 4411 Ἀθηνᾶς
449 4336 706 4417 βουλεύμασι
731 4336 745 4400 o‘
771 4331 907 4413 Νέστωρ.
