2978 4950
770 247 836 316 100

207 458 270 504 non
305 437 412 503 minue
446 437 644 524 perplexum.
689 437 743 505 Ad
772 441 815 526 β,
840 438 898 514 03.
928 441 961 505 οὗ
994 438 1057 520 γάρ
1080 437 1126 504 ἔτ’
1150 431 1299 518 άνσχετθι
1324 428 1402 513 ἔργα

208 544 403 626 τετεύχαται
423 545 500 610 haec
519 545 671 633 leguntur
689 548 723 611 iu
744 546 810 615 solo
829 547 852 614 S
872 551 1007 622 servata,
1029 545 1112 631 quod
1132 564 1206 610 sane
1218 542 1346 607 mirum
1358 541 1408 607 eut

206 654 241 717 in
261 649 415 718 vocabulo
435 652 534 716 semel
554 652 638 737 apud
656 652 834 719 Homerum
846 653 929 720 lecto
943 659 975 719 et
986 652 1038 718 vel
1050 653 1090 717 ob
1102 655 1270 716 accentum
1284 666 1414 712 memo-

206 757 318 824 rabili:
345 757 472 842 εὔθετα,
497 757 549 822 καὶ
575 759 792 842 πλεονάζει
817 761 833 835 ή
858 759 931 825 άνά
955 759 1163 838 στέρησις,
1184 754 1220 823 ἵν’
1243 752 1262 837 d
1284 749 1413 836 σχετά.

208 864 275 929 Diu
298 864 376 929 haec
398 885 451 929 me
475 869 643 929 torserunt.
689 865 789 932 Nulla
812 872 859 932 cet
883 869 1013 955 negatio
1036 864 1114 942 άνά,
1140 868 1173 928 et
1196 863 1329 929 etiamsi
1353 859 1421 925 du-

207 969 282 1057 plex
305 972 433 1058 negatio
456 969 703 1058 significaretur,
729 993 809 1057 quae
832 973 1029 1058 quorundam
1054 971 1353 1058 grammaticorum
1377 967 1422 1030 in

116 1059 123 1071 ⁸
207 1079 350 1164 cognatio
363 1076 553 1162 quibusdem
565 1077 729 1144 vocubulis
741 1080 847 1164 opinio
859 1080 1005 1156 fuit,non
1017 1080 1064 1155 sic
1075 1077 1160 1143 nude
1171 1077 1281 1162 posita
1292 1077 1344 1140 ita
1357 1092 1426 1139 ac-

209 1185 271 1268 cipi
284 1187 417 1268 poterat.
431 1180 515 1248 Cave
528 1188 634 1249 tamen
647 1186 715 1250 eive
726 1185 857 1250 inducas
869 1188 937 1251 sive
949 1187 1098 1272 corrigas,
1106 1183 1190 1268 quod
1202 1184 1237 1246 in
1250 1185 1432 1266 promptu

207 1311 274 1355 ease
292 1288 435 1365 videtur,
456 1289 507 1352 καὶ
522 1287 682 1370 πλεονάζει
696 1291 713 1364 ή
727 1292 786 1356 άνά
807 1291 877 1369 apt
885 1294 992 1362 θεσις
1001 1339 1009 1368 ,
1031 1291 1188 1375 copertus
1201 1287 1435 1354 conferamus

207 1397 285 1462 hae'c
318 1395 492 1461 Herodiani
523 1396 563 1461 ad
593 1395 780 1481 άνάπυστα,
809 1399 842 1462 in
866 1398 1031 1464 notissimo
1054 1417 1148 1462 vomu
1172 1395 1212 1460 de
1235 1393 1397 1479 Epicaete
1410 1441 1438 1480 ,

206 1517 227 1569 λ
260 1501 341 1571 274:
380 1500 566 1567 άνάπυστατ
605 1503 869 1584 προπαροξυτόνως
908 1503 1003 1585 φασὶν
1040 1501 1272 1588 (Herodianus)
1308 1500 1342 1564 ἐν
1373 1509 1435 1583 τῇ

210 1608 355 1685 καθθλου,
377 1617 568 1690 περιττῆς
588 1608 704 1686 οὔσής
724 1619 791 1684 τῆς
813 1609 905 1695 άνά,
923 1610 991 1675 άντθ
1009 1614 1062 1674 τοῦ
1080 1606 1199 1691 πνστά,
1213 1604 1439 1682 letzem.

209 1716 337 1782 δύναται
359 1714 389 1782 δὲ
407 1715 460 1781 καὶ
481 1720 533 1780 τοῦ
551 1712 681 1781 ἄπυστον
695 1715 872 1794 ἐγκειμένου
892 1714 991 1791 άλλη
1010 1713 1185 1796 στθρνρσις
1205 1714 1400 1789 ἑντεθῆνιι
1416 1737 1439 1779 ι

208 1821 295 1902 μετά
329 1820 513 1903 προσθέσεως
545 1825 599 1887 τοῦ
633 1819 663 1899 ν,
687 1824 725 1893 ὥς
750 1822 781 1886 ἕν
805 1824 846 1905 τῷ
869 1823 1080 1900 ,άνήκουστος,
1104 1819 1267 1896 άνιρλεής.’
1292 1821 1331 1887 αἱ
1360 1818 1451 1887 δύο

208 1925 256 1996 οὖν
291 1928 446 2009 στερήσεις
478 1927 555 2005 μίαν
583 1927 812 2006 συγκατάθεσιν
842 1928 1013 2006 ἐδήλωσαν,
1049 1927 1100 1993 καὶ
1133 1925 1218 1992 ἔστιν
1248 1926 1326 1992 άντδ
1357 1931 1452 1993 τοῦ

209 2034 359 2101 άκουστά.
385 2034 477 2122 (BQ).
503 2033 585 2099 Sunt
608 2033 685 2099 haec
710 2040 816 2120 aperte
839 2033 934 2111 falsa,
963 2033 986 2120 Γ)
1013 2034 1066 2099 sed
1091 2054 1130 2099 ex
1153 2031 1342 2099 Herodiani
1365 2039 1465 2099 tu-

208 2164 283 2208 men
315 2141 473 2217 dootrina,
503 2140 676 2225 eodemque
699 2141 793 2206 modo
816 2148 922 2206 nostro
945 2137 1014 2205 loco
1038 2137 1184 2218 άνσχετά
1209 2138 1466 2224 explicuisse

209 2249 357 2324 videtur,
389 2251 427 2312 nt
457 2253 510 2309 out
534 2246 720 2330 praepositio
751 2245 811 2311 άνά
841 2246 997 2329 abundet,
1028 2253 1098 2321 συθ,
1129 2245 1473 2331 quemadmodum

211 2353 316 2420 τυστά
348 2353 444 2418 habet
474 2349 604 2416 άπυστα
636 2352 770 2437 indeque
801 2353 922 2438 duplici
952 2355 1120 2440 negatione
1142 2351 1340 2430 άνάπνστσι,
1365 2353 1476 2418 ita

211 2459 316 2542 σχετά
345 2461 452 2523 tabeat
482 2458 609 2538 άσχετα
633 2465 662 2523 el
684 2457 861 2539 άνάσχετα.
909 2459 1003 2524 Falsa
1025 2459 1104 2524 haec
1131 2480 1198 2525 esse
1222 2462 1292 2524 iam
1314 2480 1475 2545 supra

210 2569 337 2643 monui,
361 2587 418 2631 nec
442 2567 610 2651 quiequam
634 2568 862 2650 recentiorum,
887 2566 970 2650 quod
993 2568 1109 2642 sciam,
1134 2567 1313 2651 repetendo
1331 2568 1471 2634 haee

211 2673 448 2759 comprobavit,
482 2691 517 2736 ac
548 2670 664 2736 vellem
700 2658 866 2742 sciremus.
899 2671 1056 2756 quomodo
1087 2679 1258 2738 accentum
1288 2675 1323 2738 in
1358 2673 1467 2738 ἅν-

211 2777 316 2861 σχετά
341 2777 536 2864 expediverit
558 2774 768 2842 Herodianus.
819 2776 881 2842 Sed
905 2780 970 2842 iam
994 2776 1215 2863 intellegimus
1235 2779 1326 2844 unde
1345 2778 1464 2865 epi·

214 2893 351 2954 temetor
381 2889 487 2949 noster
514 2886 531 2958 ἡ
555 2882 615 2947 άνά
641 2881 778 2961 στέρησις
803 2882 994 2968 adripuerit,
1018 2888 1050 2947 et
1073 2904 1171 2969 quam
1196 2885 1340 2951 molesta
1361 2904 1457 2950 ree

112 3032 121 3053 .
213 3002 310 3069 esset,
336 2991 363 3056 ai
387 2996 532 3057 veterum
556 2989 594 3053 de
618 2990 829 3076 grammatica
851 2990 1012 3074 opiniones
1035 2991 1104 3054 eive
1127 3011 1222 3057 verae
1246 2990 1328 3058 illae
1348 2994 1453 3063 sinc

213 3102 282 3167 eive
317 3099 414 3163 laleae
452 3117 490 3162 ex
528 3100 595 3161 tam
627 3096 724 3160 aridis
754 3095 894 3161 lontibus
925 3115 1035 3161 omnes
1065 3098 1159 3163 nobie
1189 3105 1299 3165 essent
1329 3101 1446 3165 hau-

211 3205 349 3272 ciendae.

258 3417 302 3500 β,
326 3413 380 3480 93.
409 3414 425 3488 ή
450 3411 480 3477 δὲ
507 3411 690 3498 (Penelope)
713 3411 797 3475 δάλον
820 3409 900 3476 τάνδ’
919 3410 1014 3476 άλλον
1036 3413 1076 3479 ἔνθ
1096 3415 1189 3495 Φρεσὶ
1211 3416 1429 3500 μερμήριξεν.

213 3524 264 3592 Ad
296 3523 381 3588 hunc
413 3540 543 3586 veroum
578 3516 726 3583 Scholion
759 3522 806 3583 eat
835 3518 869 3581 in
899 3518 938 3583 Μ
966 3519 1042 3584 ets
1066 3521 1136 3604 (cfr.
1161 3520 1261 3590 Dind.
1286 3520 1426 3591 notet

215 3629 320 3696 Praei.
347 3649 376 3712 p.
402 3626 514 3711 xu111):
541 3625 738 3702 ἐμφαντικῶς
762 3624 797 3688 τὸ
823 3619 840 3686 ὅ
847 3638 932 3699 λον,
957 3627 994 3696 tc
1020 3626 1072 3689 καὶ
1099 3626 1142 3690 τά
1168 3636 1278 3708 πρῶτα
1304 3628 1422 3696 δολθοιις

214 3733 384 3805 dcccdccc
418 3728 539 3800 αὐτούς.
588 3727 750 3813 Oppositio
780 3734 817 3793 ut
849 3729 1068 3817 intellegatur,
1103 3735 1310 3801 scribendum
1340 3737 1421 3800 eet:
1487 3768 1489 3837 p

216 3844 415 3922 ἐμφαντικῶς
447 3837 482 3901 τὸ
517 3832 690 3912 ,άλλον’,
723 3835 761 3906 ὡς
792 3835 843 3899 καὶ
868 3835 918 3899 τά
943 3842 1076 3916 πρῶτα
1103 3838 1210 3914 δολθως
1236 3841 1421 3913 άτατάονιε

215 3945 340 4018 αὐτούς.

217 4104 387 4120 ἒ.-

254 4213 282 4280 1)
302 4213 341 4261 Ita
358 4210 422 4259 enim
439 4203 585 4265 άνήκυυστος
603 4200 815 4263 1οιεθάκσνστθς,
834 4204 934 4265 άνιρλεής
953 4203 1073 4271 ἐλεήμων,
1091 4217 1153 4279 qnod
1172 4218 1228 4281 quie
1244 4219 1394 4268 Herodicum
1409 4215 1458 4250 ω

220 4297 297 4346 dicere
319 4295 416 4342 modat?
440 4292 499 4339 Fure
516 4289 544 4336 dc
562 4288 599 4336 hia
616 4288 698 4337 formio
715 4289 845 4352 disputavit
860 4290 990 4342 Iobeclrins
1006 4295 1036 4341 ad
1054 4296 1146 4360 Phryn.
1166 4299 1192 4347 in
1210 4301 1362 4365 Parcrgomm
1423 4297 1464 4328 ⁰·

222 4379 270 4429 Ν,
294 4378 322 4427 de
339 4372 499 4426 Productiouc
516 4369 632 4418 vocalium
648 4369 673 4419 in
691 4369 857 4419 vocabulorum
872 4375 1043 4434 commissuris,
1062 4380 1105 4440 §8
1123 4396 1147 4447 p.
1167 4380 1217 4433 710
1235 4399 1299 4450 seqq.

1298 4514 1308 4542 δ
