2978 4950
708 186 773 252 432

144 379 221 454 τοῦ.
237 383 283 450 ..⁹3
307 382 460 472 legitur.”
496 385 591 463 Φησί,
616 388 720 462 μαθὼν
744 385 883 452 Prellero
907 385 1051 459 debetur,
1077 380 1173 446 codex
1194 364 1239 460 φῦ
1257 403 1305 458 ρο-

146 495 253 566 tercie
278 499 444 558 exaratum
467 492 570 557 babet.
599 490 741 558 Oouiicio
761 493 812 557 bis
832 489 1037 557 adminiculis
1055 509 1118 553 non
1136 482 1307 553 sanefirmis

146 603 238 665 simis
268 601 377 664 nixus:
410 597 479 668 ἴσως
512 598 564 661 τὸν
595 600 652 675 μὲν
684 606 749 663 νοῦν
773 601 835 663 otri
860 600 966 677 μέρους
992 595 1059 663 ὅλον
1084 595 1190 672 λέγει.
1214 593 1307 678 (ε’τεὶ)

143 708 240 783 adri,
263 710 399 771 τούτων
419 706 515 771 οἴεται
536 705 588 768 καὶ
609 707 660 770 τὸν
678 713 742 770 νοῦν
756 706 959 786 opinaturi
979 705 1010 769 δὲ
1027 702 1196 772 Ὀδυσσεὺς
1211 700 1308 782 ,αὐτὰρ

144 819 209 885 νοῦς
243 812 374 889 ἔμπεδος
406 815 444 883 ὣς
468 811 503 875 τὸ
529 812 621 890 τοὶρος
646 811 719 892 τερ”
743 814 879 883 μ’κούσοις
904 813 989 888 τοιροὶ
1014 816 1076 887 τῶν,
1096 811 1218 887 ἑταίρων
1236 806 1310 887 Φησὶ,

145 921 337 999 μαθόντων
357 916 402 982 ὅτι
422 920 550 1004 (οὐχ)ή
571 918 682 998 ῥάβδος
697 914 760 1005 (ἦν)
777 921 1066 996 ήμετκμορῷοῦσοι.
1089 913 1311 982 Ourinultinis

146 1030 206 1108 οὐχ
230 1026 405 1091 addiderim
430 1026 443 1088 ὀ
468 1028 580 1089 κατιὼν
603 1026 695 1102 λόγος
721 1025 867 1108 δηλώσει,
889 1033 1085 1090 caeterarum
1107 1023 1311 1086 correctionum

145 1136 206 1199 etsi
237 1153 348 1198 causae
372 1135 406 1196 in
430 1131 534 1216 aprico
558 1135 678 1216 positae
703 1140 794 1208 suut,
819 1153 880 1196 non
906 1138 1032 1208 tamen,
1058 1138 1096 1193 ut
1121 1132 1213 1193 modo
1234 1128 1311 1212 sigui·

144 1239 297 1315 ficabam‚
323 1239 374 1304 vel
397 1240 437 1303 iis
461 1238 588 1303 adscitis
608 1239 809 1324 probatisque
830 1237 937 1303 locum
951 1243 1157 1322 persanatum
1171 1233 1311 1304 existimo.

145 1348 262 1431 quippe
284 1366 380 1430 quem
403 1365 465 1411 non
488 1345 675 1409 mendosum
701 1352 826 1410 tantum
851 1366 917 1410 esse
940 1345 994 1409 sed
1016 1353 1050 1408 et
1067 1342 1267 1421 lacunosum,
1281 1373 1310 1386 -

146 1453 198 1520 vel
222 1454 328 1538 potius
352 1452 525 1517 admodum
550 1455 719 1518 inscienter
747 1461 949 1538 excerptum,
975 1453 1102 1517 omissis
1126 1469 1206 1534 quae
1227 1447 1312 1512 omitti

145 1557 236 1624 nullo
262 1569 353 1644 paeto
377 1559 548 1635 debebant,
576 1596 616 1607 —
642 1564 738 1624 etiam
764 1564 809 1625 sie
834 1559 1010 1645 apparebit.
1058 1555 1117 1621 Est
1142 1555 1182 1621 ad
1205 1575 1247 1621 vs.
1265 1549 1311 1617 329

106 1675 109 1680 '
145 1665 228 1731 inira
252 1687 288 1731 er
315 1665 377 1746 HQ
399 1665 595 1751 adscriptum
620 1667 761 1731 scholion
785 1665 897 1731 hocce:
923 1659 1311 1740 zaratoniensem

147 1771 270 1852 »αὐτὰρ
295 1776 360 1842 νοῦς
385 1767 418 1844 ἦν
442 1772 572 1848 ἔμπεδος
598 1773 635 1842 ὣς
661 1774 694 1836 τὸ
720 1771 815 1853 τήρος
842 1772 925 1850 τερ.”
948 1773 975 1836 εἰ
999 1771 1063 1850 γὰρ
1087 1768 1193 1847 ἔμενεν
1215 1767 1228 1831 ὃ
1250 1770 1311 1846 νοῦς,

147 1886 224 1951 τῶς
257 1879 408 1958 οῦτορεῑ
434 1878 499 1942 ε’τὶ
525 1884 592 1942 τοῦ
618 1878 844 1951 Ὀδυσσέως
869 1877 928 1943 ὅτι
952 1875 1311 1954 teneraetenerae

147 1986 163 2061 ή
200 1985 292 2065 cdxx
326 1986 392 2062 aspi
425 1990 477 2049 τοῦ
511 1986 673 2063 ήγροῦσθσοο
709 1987 759 2050 τὸν
792 1991 857 2050 νοῦν
881 1986 1044 2049 ἐκείνων
1065 1984 1158 2062 Φησὶ.
1184 1982 1202 2057 ή
1225 1981 1312 2051 t'atit

146 2090 257 2166 λέξεως
288 2091 385 2156 λύοιτ’
417 2089 473 2155 ἄν·
507 2093 524 2166 ή
556 2092 618 2169 γὰρ
651 2098 945 2172 τοροοφροοστοκῦς
977 2092 1066 2167 λέγει
1091 2090 1158 2166 ,σοὶ
1183 2087 1215 2152 δέ
1236 2085 1312 2158 raab

146 2199 305 2271 στήθεσσιν
330 2199 483 2272 ἀκήλητος
508 2198 569 2269 νόος
594 2198 693 2263 totid
717 2200 785 2264 ἀντὶ
811 2204 863 2262 τοῦ
890 2199 1044 2269 οὶκήλητος
1068 2192 1116 2279 εἷ,
1142 2198 1158 2268 ή
1183 2195 1217 2258 τὸ
1234 2191 1313 2271 „dude

147 2309 211 2377 νοῦς
248 2302 378 2381 ἔμπεδος
413 2306 450 2377 ὥς
481 2305 515 2369 τὸ
545 2304 641 2384 πάρος
674 2305 751 2385 τερ”
783 2308 853 2370 οῦκ
883 2306 949 2369 ert
982 2303 1137 2374 παντὸς
1161 2302 1312 2379 λέγετον

146 2415 213 2475 τοῦ
245 2415 326 2494 νοῦ,
357 2412 469 2475 ἀλλὰ
497 2420 566 2484 τῆς
592 2412 852 2492 ήμερότητος.
898 2409 987 2476 Haeo
1010 2429 1136 2494 quoque
1158 2406 1315 2493 pastoriti-

146 2538 255 2581 corum
291 2538 381 2581 curas
413 2518 552 2582 nondum
586 2528 778 2604 perpurgata
810 2525 895 2582 sunt.
943 2517 1122 2581 Dicendum
1147 2516 1201 2580 hic
1223 2513 1313 2586 fuisse,

146 2644 207 2686 non
232 2631 495 2703 σκρκφρκστοκῶς
520 2625 625 2701 λέγει,
653 2626 707 2688 sed
734 2627 1027 2705 περνφρκστνκῦς,
1052 2622 1124 2688 leve
1149 2632 1207 2687 est.
1242 2617 1314 2684 Paulo

145 2733 275 2815 gravius
311 2739 474 2815 peccatum
510 2743 556 2794 est
588 2734 620 2795 in
654 2732 705 2793 his
737 2733 860 2795 verbis:
887 2729 980 2810 τοὶχοο
1006 2731 1073 2807 τερὶ
1099 2735 1153 2793 τοῦ
1179 2729 1314 2805 typicus

146 2837 196 2899 τὸν
229 2843 293 2900 νοῦν
317 2838 433 2901 ἐκείνων
460 2839 548 2915 φησί.
586 2838 668 2900 Nam
694 2839 720 2901 si
743 2838 826 2901 illud
852 2846 970 2899 tuentem
994 2841 1137 2898 rnoneierc
1162 2837 1316 2898 ianmatoton

146 2946 198 3007 οῦκ
231 2944 279 3006 ε’τὶ
313 2949 428 3014 σκντὸς
464 2946 595 3020 λέγεται
622 2949 674 3006 τοῦ
700 2949 767 3025 νοῦ,
792 2946 878 3006 οὶλλά
910 2953 964 3017 τής
991 2944 1258 3021 ἡμερότητος,
1279 2959 1318 3002 our

146 3071 259 3133 quaeso
297 3050 380 3113 idem
418 3052 483 3127 cepi
518 3056 568 3112 τοῦ
605 3053 767 3127 ήγροῦσήοο
799 3049 928 3113 illorum
960 3058 1104 3112 mentem
1129 3049 1250 3113 dictum
1270 3064 1318 3110 ease

145 3159 272 3240 potest?
312 3155 511 3220 [describatur
534 3158 738 3241 quantocius:
766 3158 782 3229 ή
810 3159 900 3234 τάχος
928 3157 993 3231 περὶ
1020 3160 1075 3218 τοῦ
1103 3158 1261 3233 >irretietur
1282 3151 1318 3215 riv

146 3267 209 3325 νοῦν
248 3263 401 3325 ἐκείνου
438 3266 549 3341 φησίν,
587 3285 661 3326 num
699 3266 911 3346 respiciuntur
944 3263 1021 3326 haee
1057 3261 1233 3326 Homerica
1263 3260 1318 3345 (rsa

149 3369 232 3451 321,
258 3367 353 3451 322tz

510 3476 569 3550 ἐγὼ
595 3474 620 3536 δ’
645 3474 697 3552 ἄορ
722 3472 773 3549 ὀξὺ
798 3474 1000 3551 ε’ρσσσοὶμενος
1028 3475 1116 3552 rapi
1141 3480 1237 3553 μηροῦ

285 3583 376 3659 Κίρκη
401 3580 514 3655 ε’τήϊξοι
540 3578 639 3643 ὥστε
664 3583 871 3655 κτάμενον
895 3582 1133 3664 μενεοοίνςον.

147 3686 264 3771 Ecquis
300 3695 406 3750 autem
444 3696 491 3750 est
522 3690 575 3770 qui
601 3707 661 3751 uon
693 3687 815 3761 videat,
843 3709 879 3751 ea
903 3709 982 3770 quae
1008 3709 1046 3751 ex
1071 3686 1136 3767 HQ
1161 3687 1320 3771 prodierunt

147 3794 369 3878 disputationis
408 3793 644 3878 Porpiryriauae
681 3797 713 3856 in
756 3793 993 3879 Hamburgeusi
1038 3813 1102 3857 uon
1140 3795 1321 3881 integerrime

148 3912 290 3964 servatae
322 3910 467 3984 excerpta
500 3922 565 3965 csse
598 3900 648 3964 rel
674 3904 705 3963 in
731 3904 849 3963 arctius
873 3911 1053 3974 contracta,
1080 3901 1243 3985 simulque
1263 3915 1322 3982 quae

149 4008 181 4068 in
206 4005 461 4092 Heurburgeusis
486 4015 573 4068 textu
600 4006 762 4090 bucusque
786 4009 981 4070 correximus
1005 4005 1054 4068 his
1080 4011 1238 4091 excerptis
1256 4005 1323 4068 lucu·

149 4110 324 4175 lentissime
355 4109 573 4195 comprobari?
603 4112 665 4176 Sed
698 4114 755 4176 boc
789 4133 912 4195 quoque
938 4112 1081 4175 indidem
1108 4128 1239 4198 apparet
1260 4107 1324 4194 quod

151 4236 244 4303 supra
279 4218 440 4281 dicebam:
475 4218 581 4280 deesse
614 4221 646 4280 in
679 4220 822 4281 uberiore
855 4220 1056 4301 quaestione,
1083 4240 1167 4299 quae
1193 4219 1267 4282 illud
1287 4215 1324 4276 τὶν

151 4322 206 4399 μὲν
231 4327 294 4385 νοῦν
320 4325 380 4386 cini
405 4327 509 4399 μέρους
536 4320 603 4387 ἕλον
627 4325 713 4400 λέγει
740 4346 800 4406 quo
826 4346 918 4388 seusu
943 4327 1169 4406 accipiendum
1196 4323 1323 4390 hocloco
