2978 4950
589 200 654 268 285
677 193 679 198 ’

126 405 165 463 tc
195 415 251 482 pro
284 397 449 475 edicite),
481 393 673 460 Harleianus
704 392 768 467 ssi
798 391 892 477 ἕλοις,
925 392 1030 470 „unde
1052 392 1212 460 Porsonus

126 504 212 573 iebat
247 504 263 578 ἡ
300 501 332 566 δέ
368 500 545 587 (deficiente
573 504 701 567 nomine
733 499 786 567 vel
817 499 947 566 editoris
977 499 1030 566 vel
1052 501 1214 587 editionis)

126 608 152 676 .''
187 609 336 694 (Buttm.)
371 608 504 674 Porsoni
538 609 750 694 suspicionem
787 607 1006 692 comprobavit
1039 606 1214 674 Mauricius

126 716 239 791 idtius,
271 717 325 799 qui
352 721 445 780 notae
468 721 592 781 nostrae
616 713 797 800 Didymum
821 718 982 779 auctorem
1005 712 1121 797 habet,
1146 735 1214 780 cae-

126 876 129 886 .
159 821 197 887 de
229 821 402 906 scripturae
434 823 523 887 vitiis
555 823 600 885 sic
624 820 804 905 disputans:
832 825 937 897 „recte
962 819 1118 886 Porsonue
1144 842 1213 886 eue-

126 949 148 994 ts
182 935 248 993 est:
286 929 302 1001 >i
337 927 370 992 δέ
383 975 503 992 ......
536 926 650 1011 ἔλσοις,
684 927 815 992 fortasse
851 927 868 999 i
906 925 937 991 δὲ
973 928 1213 1008 Ἀριστοφάνους

125 1083 132 1098 .
175 1033 312 1119 Reliqua
341 1037 386 1100 sic
415 1036 566 1100 restituo:
600 1033 651 1098 κοιδ
686 1032 750 1098 ἔστι
775 1030 1011 1109 ποιητικώτερον.
1037 1032 1133 1105 ε’λσοις
1156 1035 1213 1111 μὲν

126 1141 176 1205 ci.
203 1138 252 1206 cf.
276 1140 374 1206 schol.
398 1140 457 1205 ΗΡ
485 1141 524 1206 ad
549 1165 585 1223 η,
606 1138 703 1205 250.”
724 1139 771 1204 At
792 1160 869 1225 pace
888 1145 1050 1205 tantorum
1071 1142 1214 1206 virorum

126 1268 206 1312 trum
237 1250 426 1312 auctoritate
455 1247 567 1312 licebit
597 1247 775 1311 dissentire.
823 1245 935 1330 Neque
958 1249 1041 1311 enim
1065 1247 1214 1313 obserua-

140 1359 265 1419 nostrae
284 1358 445 1419 auctorem
467 1352 645 1440 Didymnm
665 1352 841 1440 adgnosco,
855 1373 955 1438 neque
966 1351 1213 1438 Aristophanem

126 1463 169 1525 uis
190 1458 296 1531 ’ἔλσοις
327 1467 516 1546 patronum,
544 1498 584 1508 -
609 1480 671 1525 non
703 1460 805 1524 solent
828 1461 872 1524 sic
896 1459 1031 1525 scribere
1054 1480 1216 1547 gramm·
1290 1467 1295 1478 '

126 1567 341 1640 Ζηνόδοτος
361 1567 480 1635 ἐλάσιοι
500 1565 636 1650 γράφει,
658 1569 674 1641 η
695 1566 733 1631 δὲ
756 1563 1082 1646 Ἀριστοφάνους
1103 1563 1212 1639 ἔλσας,

126 1694 139 1738 ο
159 1677 360 1758 sequentium
382 1673 611 1739 vocabulorum
629 1675 864 1739 restitutionem
882 1674 990 1757 probo.
1017 1672 1102 1738 Nam
1121 1673 1214 1759 quid,

126 1800 160 1862 o,
189 1781 267 1845 hoc:
298 1780 393 1852 ἔλσος
424 1783 530 1868 magis
562 1782 721 1866 poeticum
752 1784 800 1844 est
827 1778 925 1845 altero
948 1778 1085 1852 ἐλάσιος,
1111 1781 1216 1845 etenim

128 1885 204 1970 γάρ)
228 1923 270 1935 -
294 1886 485 1974 significatio
518 1886 642 1952 diversa
674 1883 742 1950 esti
778 1884 850 1951 Non
886 1891 934 1950 est
959 1888 1045 1951 acuti
1076 1887 1216 1953 hominis

126 1999 266 2060 contorte
296 1994 487 2059 ratiocinari.
535 1992 636 2059 Oredo
671 1993 785 2068 fuisse,
817 2012 879 2056 non
913 1993 938 2057 ci
961 1991 1010 2070 δέ,
1036 2013 1099 2058 non
1123 1996 1140 2069 i
1164 1994 1214 2078 δέ,

126 2124 130 2160 ι
160 2102 268 2164 minus
294 2103 309 2175 ἡ
335 2099 365 2164 δὲ
392 2099 646 2180 Ἀριστοφάνους,
670 2099 743 2165 sed:
770 2097 931 2171 Ζηνόδοτος
957 2097 1115 2175 ,,ἒλάσσις”
1140 2100 1216 2179 γρά-

130 2205 193 2270 δεῖ
225 2205 255 2270 δέ
293 2205 444 2282 ,,.ἔλσοις”·
477 2207 705 2282 ποιητικώτερον
741 2205 813 2283 γάρ.
847 2205 941 2289 (καὶ)
974 2203 1070 2278 ἔλσοις
1096 2207 1157 2280 ’μὲν
1180 2205 1215 2272 τό

126 2310 220 2392 idac,
251 2313 369 2383 ἐλάσιος
401 2313 431 2377 δὲ
464 2315 498 2376 τὸ
524 2314 558 2377 ἐκ
581 2313 680 2393 χειρός
706 2308 840 2387 πλήξας.
888 2310 989 2377 Cuius
1012 2315 1217 2400 grammatici

134 2420 333 2503 existimem,
364 2420 416 2486 rel
445 2441 498 2485 me
521 2420 677 2486 indicente
700 2419 813 2485 criseoa
839 2418 1026 2484 Homericae
1050 2421 1145 2503 periti
1168 2420 1216 2485 fa·

126 2526 322 2611 adgnoscent.
370 2525 493 2611 Nempe
520 2525 694 2591 Aristonici
725 2529 819 2601 sunt,
852 2545 946 2609 quem
970 2527 1042 2609 quis
1064 2545 1127 2590 non
1149 2547 1216 2591 sae-

126 2653 155 2696 ue
188 2634 235 2696 ita
264 2633 389 2697 audivit
420 2630 599 2698 dicentem?
623 2632 731 2697 Pauca
754 2631 898 2716 exempla
923 2631 961 2696 de
984 2630 1130 2716 plurimis
1155 2639 1215 2697 tes·

126 2759 141 2803 e
163 2742 209 2804 rei
229 2739 396 2804 sufficiant.
443 2739 576 2823 Scripsit
600 2739 797 2803 Aristonicus
821 2749 848 2801 Α
876 2736 958 2804 117:
983 2732 1029 2801 ότι
1054 2739 1215 2812 Ζηνόδοτος

146 2847 287 2920 ἦόέτηκεν
312 2881 331 2895 -
345 2882 375 2910 -.
402 2847 434 2910 οὐ
458 2846 553 2911 δεῖδὲ
572 2846 666 2910 ccciv
686 2845 748 2927 Ξδίρι
769 2843 970 2925 προφέρεσθαι
991 2858 1062 2908 κτλ.
1079 2842 1215 2929 Scripsit

130 2950 163 3016 8:
194 2950 239 3016 ότι
277 2952 437 3026 Ζηνόδοτος
469 2950 587 3031 γράφει
613 2950 790 3028 ,,άρι’δηλον”
904 2948 961 3015 ἔδει
983 2948 1013 3015 δὲ
1040 2949 1216 3031 „diffessa”

126 3065 148 3136 ἰρ
172 3058 312 3137 άρόδηλον
336 3057 421 3134 ἔργον
444 3056 601 3132 ἐμφιινὲς,
626 3054 697 3137 ὅπερ
719 3058 877 3121 άτόόοινον.
898 3058 1003 3140 Atque
1023 3058 1115 3122 sicM
1130 3055 1214 3123 359:
1326 3063 1328 3067 ’

126 3171 177 3236 ιλη
198 3164 448 3245 περιεστιγμένη)
470 3160 516 3227 ότι
538 3165 698 3238 Ζηνόδοτος
718 3162 835 3242 γράφει
858 3169 959 3239 „erice
981 3162 1044 3239 γάρ
1057 3161 1216 3240 ἔβρισοον,”

126 3271 203 3346 ἰριῶς
227 3273 269 3343 εἷς
294 3273 402 3335 ἐκεῖνον
426 3271 477 3334 τόν
500 3271 608 3334 τόπον·
642 3270 689 3334 δεῖ
708 3269 771 3348 γάρ
796 3270 825 3333 ἕν
850 3269 949 3345 ἐκεόνιρ
971 3271 1013 3346 τῷ
1037 3268 1131 3350 τόπῳ.
1158 3267 1221 3334 δεῖ

126 3376 225 3455 ιάφειν
247 3375 358 3454 „cide”
383 3394 451 3441 κτλ.
476 3376 560 3440 atr
585 3374 647 3440 26:
674 3379 690 3450 η
717 3375 830 3453 διπλῆ,
850 3371 895 3441 ότι
916 3375 946 3438 ἐν
968 3383 1030 3446 τοῖς
1053 3373 1216 3448 Ζηνοδότου

126 3485 271 3548 εόνιοντοιι”
295 3485 345 3548 διά
369 3489 423 3548 τοῦ
446 3484 459 3547 i
480 3485 684 3564 γέγραπται·
710 3482 832 3546 δεῖδὲ
854 3482 909 3547 σὺν
932 3484 974 3559 τῷ
999 3481 1031 3544 ξ·
1057 3497 1127 3546 κτλ.
1153 3479 1217 3547 Cur

126 3593 315 3668 meruerim,
338 3593 498 3656 neminem
524 3591 558 3654 in
581 3589 756 3655 Aristonici
777 3587 921 3674 reliquiis
945 3587 996 3654 vel
1017 3588 1218 3654 mediocriter

126 3701 191 3760 tum
215 3696 324 3762 fallere
348 3703 460 3782 potest.
508 3697 628 3762 Notum
652 3698 738 3761 enim
763 3701 828 3778 est,
848 3714 945 3780 quam
963 3695 1218 3781 frequentissime

126 3801 211 3868 iures
233 3802 379 3868 lectionis
407 3808 463 3867 eut
487 3802 663 3888 prebendae
688 3807 743 3866 aut
765 3800 991 3884 improbandae
1015 3822 1124 3868 causas
1147 3823 1218 3869 cou-

126 3915 145 3974 t.
169 3910 257 3976 Idem
282 3932 365 3975 nunc
389 3929 513 3994 quoqne
537 3909 716 3974 usuvenit.
749 3908 953 3973 Aristarchus
971 3907 1102 3974 lectioni
1122 3906 1217 3977 ἔλσοο

126 4019 263 4099 anatur,
295 4017 378 4100 quod
405 4023 433 4079 et
456 4017 579 4099 poetica
598 4016 703 4102 magis
726 4014 769 4079 sit
792 4022 821 4078 et
844 4015 1018 4081 sententiae
1041 4035 1218 4084 accommo-

126 4142 136 4185 r
156 4143 253 4209 qnam
277 4122 376 4187 altera
400 4120 528 4191 ἐλάσιοι.

134 4329 208 4398 135.
236 4331 286 4399 Ad
314 4331 365 4398 τόν
393 4332 449 4412 μὲν
478 4332 537 4411 ἐγὼ
564 4329 675 4415 φόλεόν
694 4354 729 4397 τε
749 4330 801 4398 cai
823 4330 949 4415 ἔτρεφον
969 4331 1019 4412 ἠδὲ
1040 4330 1176 4418 ἕφοσκον
1189 4339 1208 4426 ΙΙ
