2978 4950
645 235 709 304 loe
773 242 777 247 ’

40 428 118 496 θα·
141 452 204 507 τερ
229 427 365 509 γὰρτὸ
390 425 525 508 ἄχθεται
546 430 617 509 πρὸς
641 429 675 493 τὸ
698 427 836 511 ἄχνυται
858 424 925 508 ἔχει
946 424 1273 507 περιττεύουσαν

40 539 59 602 ἆ
74 534 391 615 γανοθκτητιν,
415 533 574 602 οὕτω“τθ
597 537 734 616 χώεσθαι
759 533 830 614 πρὸς
854 533 889 599 τὸ
912 534 1092 613 χολοῦσθαι,
1140 532 1203 598 Ρτο
1221 531 1273 597 his

38 645 180 710 nostri
208 641 308 710 codd.
339 643 506 729 praebent,
539 645 681 709 ornatius
704 642 854 707 fortasse:
882 635 900 705 θ
908 664 982 721 περ
1006 637 1069 706 οὖν
1094 641 1166 727 (hoo
1189 644 1274 705 certe

39 767 179 834 prave
199 769 257 835 pro
278 749 373 833 γὰρ)
396 749 432 813 τὸ
455 747 591 830 ἄχθεται
616 749 688 830 πρὸς
712 748 746 813 τὸ
775 744 912 826 ἄχνυται
939 744 1006 826 ἔχει
1031 750 1272 827 περιττεῦον

40 864 123 936 τῇ
157 857 465 942 ἀγανακτήσει,
492 860 610 922 τοῦτο
636 857 701 922 κα)
727 854 761 920 τὸ
785 855 921 935 χώεσθαι
947 853 1018 935 πρὸς
1039 854 1074 919 τὸ
1093 854 1271 936 χολοῦσθαι.

41 957 175 1029 Εἶδον
207 967 280 1048 apte
313 967 505 1048 sequuntur,
545 962 644 1028 simul
679 965 765 1028 enim
801 982 881 1046 qnae
915 961 1079 1046 hueusque
1108 961 1147 1027 de
1178 960 1274 1027 verbo

44 1066 218 1145 χῶεσθαι
253 1070 340 1136 dieta
370 1075 444 1135 sunt
473 1067 661 1136 confirmant
689 1090 725 1136 ae
754 1088 874 1135 norum
905 1068 982 1152 qnid
1011 1067 1144 1133 afferunt
1167 1072 1275 1159 eontra

45 1171 301 1243 nrnemhsos
320 1177 542 1255 observatum,
561 1184 598 1241 ut
616 1180 744 1262 apparet
764 1196 802 1240 en
820 1172 948 1240 Seholio
968 1174 1140 1240 Aristonici
1153 1184 1195 1251 Ψ,
1209 1171 1275 1239 603

47 1280 94 1339 et·
147 1281 263 1347 hehrsii
285 1270 468 1348 Aristareho
492 1304 522 1368 p.
553 1281 615 1346 145
643 1280 703 1368 (ed.
729 1280 800 1365 2³⁶).
848 1281 988 1347 Atride
1012 1280 1147 1367 qnidin
1169 1285 1276 1346 nostra

49 1387 224 1465 epitome
246 1394 318 1473 post
336 1395 400 1459 τοῖς
420 1385 554 1462 Ἕλλησι
574 1396 740 1473 sequatur:
765 1387 914 1452 ratris
938 1383 1002 1452 οὖν
1021 1385 1277 1472 (errButtmanni

50 1494 322 1579 emendatione,
354 1498 427 1571 γοῦν
459 1501 507 1560 est
535 1497 568 1560 in
599 1495 638 1581 Ε)
665 1495 751 1559 ἐστι
784 1495 905 1572 θυμὸς
931 1493 998 1558 καὶ
1022 1493 1162 1574 χθλος·
1186 1501 1276 1572 μήιις

51 1586 98 1652 δὲ
149 1600 194 1665 κο)
218 1599 307 1679 μένος
331 1601 405 1681 θήν)
429 1601 608 1674 ἐναπθθετος
631 1600 682 1667 καὶ
708 1598 848 1679 ἔμμονος.
896 1599 1078 1666 Bellissima
1101 1620 1175 1666 sane
1204 1620 1276 1666 con·

51 1689 202 1773 elusio:
232 1706 347 1773 multis
370 1709 438 1797 egit
462 1713 572 1775 auctor
595 1709 632 1774 de
657 1729 731 1775 vera
756 1713 851 1793 etque
874 1713 1021 1773 aeeureta
1045 1706 1277 1794 significatione

52 1813 177 1879 vox-bi
204 1812 359 1900 χθεσθαι,
388 1818 491 1902 iisque
514 1815 553 1881 ad
576 1814 669 1881 finem
696 1802 855 1902 perductis
878 1834 998 1902 magna
1021 1835 1095 1880 enm
1118 1817 1278 1902 gravitate

54 1904 188 1986 fidit:
221 1922 335 1986 ταθτθν
365 1919 414 1988 οὖν
441 1921 506 1986 ἐστὶ
538 1922 630 1999 θυμὸς
662 1921 713 1986 καὶ
738 1923 844 2001 χθλος.
892 1923 959 1987 Aut
982 1920 1041 1987 hoo
1066 1928 1115 1987 est
1138 1923 1276 1987 insanire

55 2024 147 2090 aut
172 2029 277 2093 neseio
309 2027 385 2113 qnid
417 2030 471 2093 sit.
518 2027 579 2094 Sed
609 2028 706 2094 huius
735 2029 810 2095 vitii
839 2048 923 2093 nuno
946 2027 1076 2114 quidem
1100 2030 1206 2094 insons
1231 2032 1279 2093 est

58 2108 301 2221 Porphyrius,
333 2137 388 2220 qui
419 2135 470 2200 his
502 2137 608 2201 verbis
639 2156 749 2201 revera
770 2156 847 2200 usus
871 2141 919 2200 est
943 2135 997 2200 sed
1021 2134 1084 2201 alio
1109 2156 1279 2222 argumen-

61 2221 217 2306 tutionis
248 2239 332 2318 loeo,
367 2243 423 2306 ubi
455 2248 522 2306 tem
554 2249 628 2327 apta
658 2249 732 2308 sunt
763 2262 860 2327 qnam
891 2262 975 2307 nuno
1007 2241 1121 2306 aliena.
1167 2242 1280 2307 Nostro

63 2319 156 2414 l000
186 2350 221 2412 in
249 2347 435 2430 ζητημοθτυν
458 2346 596 2414 editione
620 2354 684 2414 est:
711 2350 749 2414 ἐν
773 2349 932 2424 κινήσει
957 2349 1014 2427 μὲν
1038 2343 1087 2414 οὖν
1109 2347 1205 2429 χθλος
1227 2347 1279 2413 καὶ

67 2433 199 2529 θυμθς·
244 2454 431 2542 (sequuntur
474 2454 579 2521 multe
617 2476 697 2540 quae
731 2458 778 2521 ibi
812 2476 936 2541 quoqne
971 2462 1040 2520 aete
1072 2455 1150 2522 haee
1184 2457 1282 2522 verba

68 2559 272 2627 ⁴³Olloeanda
305 2561 435 2646 indico.)
468 2560 506 2625 ἐν
538 2560 578 2626 δὲ
610 2561 755 2640 σχέσει
785 2572 893 2647 μήιις,
916 2562 1005 2639 μένος
1029 2562 1081 2627 καὶ
1105 2564 1201 2628 κθτος.
1227 2563 1281 2628 καὶ

69 2671 177 2740 μῆνις
212 2666 271 2745 μὲν
301 2667 354 2732 καὶ
392 2665 481 2745 μένος
519 2668 594 2748 θργή
634 2668 812 2740 ε’ναπθθετος
848 2669 900 2733 καὶ
936 2668 1083 2746 ἔμμονος·
1121 2669 1216 2734 πάλιν
1252 2668 1283 2735 δὲ

69 2779 177 2849 ειῆνις
220 2778 446 2854 προσειληφυῖα
489 2773 524 2836 τὸ
567 2774 776 2855 ἐπιτηρητικὸν
819 2773 901 2853 μετ’
941 2777 1186 2852 ἀγανακτήσεως
1228 2775 1281 2842 καὶ

69 2879 269 2946 Ιτοικοποιΐαε
293 2878 379 2952 κθτος
411 2879 577 2957 γίγνεται,
615 2901 695 2966 quae
729 2886 921 2966 quantopere
955 2883 1013 2965 iis,
1050 2901 1129 2966 qnae
1162 2903 1201 2947 ex
1234 2901 1286 2949 eo·

68 2975 215 3053 dinibus
253 2987 370 3051 nostris
411 2985 496 3052 edita
539 2993 613 3051 sunt
652 2993 829 3073 praestent,
865 3007 959 3052 nemo
994 2987 1075 3052 mihi
1110 2987 1287 3054 monendus

68 3100 142 3160 est.
198 3080 321 3176 Neque⁴
353 3094 459 3180 magis
501 3095 663 3178 sequentis
705 3098 870 3160 cohaerent
908 3094 993 3180 apud
1025 3096 1285 3179 epitomatoremr

68 3190 129 3266 ὅτι
169 3199 204 3265 δὲ
241 3197 276 3263 τὸ
306 3195 394 3276 μένος
427 3199 526 3272 σθένος
562 3199 707 3277 »πάντας
739 3197 796 3266 οἷον
828 3200 902 3279 ὲμθν
931 3225 971 3279 χε
992 3200 1081 3279 μένος
1105 3202 1157 3267 καὶ
1182 3210 1286 3283 χεῖρες

33 3300 231 3379 ’,ἅαπτοι”
261 3304 320 3390 (Θ,
350 3303 449 3387 450)·
480 3303 532 3371 καὶ
556 3307 629 3385 πρὸς
652 3307 704 3371 τὸν
729 3307 809 3372 Δθα·
837 3305 891 3386 „ei
915 3331 947 3372 νυ
972 3307 1024 3372 καὶ
1050 3308 1138 3386 ήμεῖς
1162 3303 1291 3386 opere

62 3394 132 3479 ⁸vm
168 3409 273 3483 σθένος
304 3411 358 3475 οὐκ
389 3411 568 3477 θπιεικτθν.”
591 3414 649 3496 (Θ,
675 3411 728 3479 32.
751 3415 806 3480 ofr.
831 3433 877 3481 va.
904 3413 993 3502 463.)
1019 3416 1065 3487 ὥς
1090 3409 1154 3479 οὖν
1178 3414 1288 3495 παρὰ

69 3522 131 3586 τὸ
172 3517 313 3590 σθένος
349 3517 485 3596 μένος,
521 3517 618 3583 οὕτω
654 3521 721 3586 καὶ
757 3519 881 3601 χθλος
913 3520 1042 3599 μένων
1074 3520 1195 3599 μένος
1219 3521 1287 3587 καὶ

69 3636 233 3701 μῆνις,
267 3622 322 3689 sed
346 3627 452 3688 tamen
475 3626 521 3689 ita
543 3629 618 3689 sunt
640 3627 757 3711 scripta
780 3631 817 3690 nt
840 3626 879 3691 ad
902 3629 1003 3712 ipsius
1027 3627 1199 3714 Porphyrii
1221 3632 1289 3693 tex·

69 3731 167 3799 tum
193 3729 418 3817 corrigendum
442 3735 474 3795 et
496 3731 549 3796 hic
572 3722 694 3817 aliqnid
717 3731 854 3798 afferant.
888 3733 1012 3819 Nempe
1035 3736 1124 3819 ponit
1146 3733 1290 3822 Porphy-

71 3840 184 3922 rius,
209 3843 299 3914 μήνις
323 3843 355 3901 et
377 3837 465 3914 μένος
489 3858 668 3924 synonyma
690 3859 755 3904 esse
775 3859 794 3904 a
814 3839 1009 3915 τετρυμένοι
1031 3840 1184 3926 derivate,
1195 3841 1292 3929 idque

74 3959 245 4031 operose,
273 3947 312 4007 ut
335 3962 478 4027 semper,
502 3942 707 4009 demonstrat.
734 3945 794 4008 Καὶ
819 3949 853 4010 τὸ
876 3943 964 4023 μένος
988 3946 1020 4011 δὲ
1046 3983 1086 3994 -
1110 3948 1225 4033 incipit
1249 3987 1289 3998 -

79 4049 190 4129 παρὰ
213 4048 248 4113 τὸ
270 4047 381 4125 μένειν.
404 4047 505 4126 μένειν
528 4049 559 4114 δὲ
584 4049 723 4125 οὶκίνητον
748 4045 864 4135 (εἶναι
888 4048 985 4135 insi)
1009 4051 1061 4116 rai
1083 4049 1214 4131 ἄτρομον
1237 4055 1290 4120 καὶ

86 4159 147 4232 μή
179 4152 321 4238 φεύγειν.
355 4156 405 4239 ,ἐν
433 4154 495 4236 peip
526 4180 571 4222 τοι
602 4156 744 4231 στήθεσσι
768 4158 857 4235 μένος
883 4160 1031 4236 πατρώϊον
1055 4153 1115 4231 ήκα
1137 4157 1292 4241 θτρομον”

95 4261 147 4347 (E
156 4309 164 4339 ,
179 4260 268 4348 125).
291 4256 336 4325 θτι
362 4263 424 4342 peip
448 4262 534 4342 παροὶ
558 4263 593 4329 τὸ
616 4262 734 4340 με’νειν,
761 4261 827 4340 »ἔτι
850 4288 901 4341 μοι
926 4269 1014 4342 μένος
1039 4262 1170 4342 ἔμπεδόν
1192 4267 1292 4333 ἕστι.”

105 4368 163 4452 (E,
181 4363 280 4453 254.)
300 4367 353 4432 καὶ
374 4369 461 4446 μένος
481 4365 530 4435 οὖν
548 4371 657 4450 χειρῶν
676 4369 712 4435 τὸ
732 4368 861 4449 ἔμμονον
874 4370 959 4453 ἔργον
972 4373 1043 4454 πρὸς
1056 4374 1090 4439 τὸ
1105 4371 1292 4453 δράξασθαι·
