2978 4950
652 233 716 300 125

61 433 169 496 meta
199 447 255 493 nos
289 427 409 512 oapissa
444 429 477 489 et
511 427 697 490 restituisse.
723 462 768 475 -
801 427 832 502 l,
866 421 933 489 570
967 424 1085 488 iterum
1120 423 1275 488 habemus

61 537 197 602 harum
229 535 498 619 praepositionum
532 531 765 609 confusionem,
801 538 834 596 at
867 552 950 596 nuno
979 533 1062 594 iuter
1086 529 1144 593 ύτύ
1168 538 1200 594 et
1225 530 1277 594 ἐστι’

60 650 91 707 et
141 661 218 706 cum
249 660 347 726 parra
376 638 524 705 lacunula
556 639 766 704 coniunctam.
822 636 970 703 Scholion
1003 643 1051 702 est
1081 639 1115 701 in
1151 635 1276 701 Alcinoi

60 747 257 813 orationem
291 746 332 812 ad
367 746 549 811 Phaeacum
587 748 764 830 principes,
800 765 863 829 qua
894 765 968 807 cum
1004 743 1120 808 Ulixen
1156 744 1277 828 patriae

60 852 276 918 reddendum
301 873 368 917 esse
392 855 559 923 suasisset,
583 860 711 935 repente
735 852 878 914 animum
899 854 968 915 eius
998 850 1071 914 terit
1102 847 1274 915 recordatio

59 957 243 1024 malorum
267 980 305 1022 ex
328 958 466 1043 quadem
490 961 589 1042 patris
614 957 825 1042 praedictione
849 956 922 1021 hinc
946 955 1210 1041 impendentium.

224 1173 258 1236 ἐκ
283 1178 410 1245 πομπῆς
435 1172 578 1235 οὶνιοῡσοιν
602 1171 632 1234 ἕν
657 1169 796 1248 ἠεροειδέϊ
817 1168 917 1247 odoro

224 1277 419 1362 ρὀιισύμενοιι,
444 1278 532 1354 μέγα
555 1277 581 1342 δ’
605 1277 677 1351 ἡμὶν
699 1275 760 1354 ύρος
784 1276 872 1341 τύλει
898 1277 1148 1354 ἀμφικαλύψειν.

226 1381 263 1456 ὣς
288 1385 411 1462 ἀγόρευ’
435 1385 449 1448 d
473 1386 584 1462 γέρων·
608 1384 651 1448 τοὶ
674 1383 705 1448 δέ
730 1408 781 1447 κεν
805 1382 867 1454 θεὸς
892 1383 909 1458 ἢ
934 1383 1086 1448 τελέσειεν

226 1491 244 1567 ἥ
268 1493 297 1556 κ’
320 1490 467 1556 οξτέλεττ’
491 1492 553 1568 εἴη,
579 1487 617 1561 ὦς
642 1492 667 1555 οἱ
693 1491 786 1567 Φίλον
810 1489 921 1554 ἔτλετο
946 1491 1038 1570 ύυμῷ.

62 1596 138 1664 Ad
176 1598 286 1664 ultima
317 1599 503 1664 adnotatum
534 1604 581 1663 est
609 1600 641 1662 in
667 1596 707 1662 T:
734 1599 775 1660 rol
801 1599 855 1674 πρὸ
880 1602 996 1661 πολλοῦ
1022 1597 1085 1674 peip
1108 1597 1278 1678 τοιριιδεδο-

61 1703 173 1780 μένα
205 1706 418 1782 μοιντεύμιιτοι
455 1704 509 1779 ἤδη
547 1700 628 1768 ἕωλοι
664 1703 758 1768 ε’δύιιει
791 1705 843 1768 κοιὶ
879 1704 911 1767 ού
947 1703 1070 1774 nolanae
1099 1703 1173 1786 ᾤετο
1205 1705 1279 1771 dard

63 1811 233 1876 τούτου
267 1812 599 1885 συντεύύσεσύιιι.
645 1811 751 1876 Facile
774 1810 934 1875 credimus
966 1820 1073 1875 vetera
1098 1810 1280 1876 Phaeacum

65 1917 218 1983 oracula
241 1919 280 1984 ab
306 1917 398 1983 Ulixe
420 1941 479 1981 non
503 1942 565 1983 esec
587 1920 779 2003 composita,
805 1919 865 1982 etsi
888 1938 988 2001 noque
1010 1939 1089 2002 opus
1115 1927 1183 1982 erat
1205 1919 1282 1984 tolia

66 2042 152 2087 nos
175 2025 331 2090 admoneri
361 2047 397 2090 ao
421 2025 502 2091 nihil
526 2024 565 2090 ad
589 2046 654 2090 rem
680 2025 848 2110 pertinent.
895 2022 955 2088 Sed
978 2025 1123 2089 bociam
1149 2025 1282 2092 furantis

70 2138 137 2194 eet
153 2134 210 2212 ‚si
236 2132 323 2197 dicas
349 2134 470 2217 opinari
490 2132 657 2196 Alcinoum
679 2139 786 2196 vetera
805 2133 868 2196 ista
891 2129 1018 2196 oracula
1041 2132 1081 2196 ab
1105 2130 1200 2197 Ulixe
1224 2156 1282 2196 ιιοιι

74 2239 346 2319 comperitomiri.
374 2237 457 2319 Quid
479 2236 601 2303 mulla?
624 2238 801 2303 Scribatur:
825 2240 867 2302 τύι
888 2240 942 2316 τρὸ
964 2242 1079 2302 πολλοῦ
1100 2240 1161 2316 γὰρ
1183 2263 1284 2316 τιιροι-

79 2341 241 2418 δεδομέυιι
283 2350 496 2421 μοιντεύμιιτιι
540 2344 593 2419 ἤδη
629 2340 711 2407 ἕωλοι
750 2343 861 2419 ἒδύιιει,
896 2343 949 2409 καὶ
985 2347 1018 2408 ού
1053 2346 1175 2417 πάντως
1211 2344 1284 2428 ᾤετο

83 2447 166 2511 tri
194 2453 336 2518 τούτου
374 2452 817 2537 συντε(λεσ)ύύσεσύοιι,
860 2472 922 2516 non
957 2453 1146 2537 opinabatur
1183 2474 1220 2518 ea
1249 2457 1284 2518 in

88 2550 195 2622 Ulixe
232 2580 308 2644 prae
340 2562 471 2625 caeteris
506 2566 658 2624 eventura
693 2579 768 2623 esse.
816 2557 900 2622 Nam
937 2560 1070 2630 πολλούς
1106 2560 1285 2634 ἀποστολῆς
1392 2618 1394 2621 ,

89 2665 326 2746 τετυχηκότας,
363 2663 435 2738 dua
469 2664 500 2729 δὲ
530 2672 583 2730 τοῦ
620 2665 771 2741 savarico
801 2664 1007 2741 σεσωσμένους
1039 2666 1126 2742 tenu,
1152 2666 1287 2747 ἐνόμιζεν

89 2763 136 2833 ὦς
169 2768 227 2847 ἄρον
256 2772 309 2836 sai
342 2773 457 2850 ιὶύρχίι
481 2776 534 2835 τοῦ
559 2772 737 2840 Ποσειδῶνος
762 2770 933 2835 πέτονται.
962 2809 1002 2820 -
1027 2796 1046 2836 ιι
1071 2771 1125 2838 72.
1175 2771 1286 2837 Ulixes

88 2885 205 2943 namet
227 2879 385 2965 quomodo
405 2867 480 2963 'post
504 2885 671 2943 ventorum
698 2886 803 2943 utrem
828 2899 846 2943 a
869 2879 1041 2943 comitibus
1065 2888 1209 2963 apertum
1234 2901 1289 2945 na·

88 2990 233 3068 remque
252 2985 429 3050 diffractam
450 2987 567 3049 iterum
589 2985 627 3050 ab
643 2985 742 3050 Aeolo
755 2991 904 3068 exceptus
916 2985 967 3059 sit,
983 2992 1106 3070 praetor
1118 2984 1291 3052 aliamale·

85 3072 183 3152 dicia
207 3093 266 3157 hoc
289 3094 319 3157 ei
342 3094 522 3179 ingerente:
550 3093 605 3168 ἔρρ’
630 3093 664 3155 εἰι
687 3092 776 3164 νήσου
801 3093 928 3166 ύοῖσσιν,
955 3092 1126 3172 ἐλέγχιστε
1147 3093 1289 3172 ζυύντυν.

83 3186 152 3248 Καὶ
190 3202 272 3275 πῶς»,
305 3204 434 3286 rogant,
468 3199 602 3273 ἤμελλεν
634 3198 710 3262 ἀπὸ
736 3197 879 3263 Φοιιούιιυν
902 3207 1012 3280 τυχεῖν
1036 3201 1160 3273 κομιδῆς
1186 3204 1291 3263 τοῦτο

80 3294 161 3355 ’⁶²0'
202 3307 312 3370 ἕουτού
343 3307 459 3383 tityon
492 3307 566 3369 dat*
598 3303 742 3381 ἀπέδειξε
772 3306 841 3368 τοὺς
875 3304 1010 3384 ἑταίρους
1043 3305 1146 3379 ἀξίους
1182 3304 1289 3378 ύντοις·

76 3386 297 3490 ἐλεεινότερον
318 3405 367 3474 ούν
391 3411 498 3476 ἑοιυτδν
520 3411 738 3475 ἐπιδείκνυσιν.
754 3410 853 3497 (ΗΤ.)
876 3410 976 3476 Unice
988 3414 1198 3477 necessarium
1217 3411 1291 3476 ύιτύ

74 3493 121 3616 {b
156 3509 406 3603 Hamhurgensi
431 3516 456 3582 T
482 3517 626 3582 oblatum
647 3515 828 3582 Diodoriius
849 3520 882 3581 in
896 3518 1097 3583 adnotatione
1109 3517 1292 3585 delitescere

69 3615 189 3687 ⁸¹Vit.
204 3639 295 3708 -λ,
310 3622 385 3688 303.
413 3624 569 3689 Narratur
588 3644 606 3688 a
628 3622 813 3689 Scholiastis
832 3623 911 3688 duce
923 3622 1063 3690 Homero
1076 3627 1242 3689 notissima
1254 3626 1292 3691 de

68 3700 232 3825 (imore
262 3739 295 3794 et
318 3728 448 3794 Polluce
471 3729 597 3804 fabula,
623 3750 675 3794 eos
699 3728 839 3794 Pollucis
863 3739 977 3816 rogatu
1001 3731 1110 3795 diebus
1136 3730 1293 3796 alternan-

66 3813 191 3899 t¹b¹18
213 3846 245 3902 et
268 3839 300 3900 in
324 3833 464 3922 Olympo
487 3836 601 3923 degere
630 3847 662 3900 et
684 3838 717 3899 in
743 3834 833 3900 Orco.
867 3839 883 3910 ἡ
909 3835 941 3899 δὲ
969 3835 1088 3911 sitnm
1114 3838 1236 3917 πρώτως
1259 3839 1293 3902 εἰι

66 3929 132 3987 '¹⁰5
172 3943 384 4011 Πολυδεύκους
404 3942 540 4020 τρούχύν
562 3943 772 4018 οὶΦύοὶρτου
792 3943 1079 4021 τυγχάνοντος
1102 3946 1175 4010 tort
1194 3949 1295 4010 θεῶν.

67 4018 207 4127 (BQ).
223 4050 295 4114 Hoo
314 4049 440 4134 quidem
461 4048 542 4112 nihil
562 4056 628 4133 θοις
653 4048 756 4113 voluit
776 4058 886 4113 auctor
906 4050 1111 4127 ύῷύύρτου
1136 4052 1295 4131 συγχύ-

72 4150 238 4225 νοντες
270 4158 339 4240 (ὡς)
371 4154 449 4218 ἀπὸ
477 4157 590 4227 tens,
623 4155 893 4240 quemadmodum
926 4153 1011 4220 idem
1036 4155 1143 4221 Codex
1168 4157 1195 4237 Q
1219 4179 1293 4223 cum

77 4230 155 4306 HV
193 4261 277 4326 aliud
300 4261 364 4326 fere
388 4260 492 4325 simile
513 4261 679 4326 decadem
701 4283 733 4326 re
752 4259 900 4335 Scholion
919 4262 1069 4347 praebens
1093 4264 1126 4326 in
1151 4284 1187 4329 eo
1211 4273 1295 4330 recte

89 4356 260 4448 Rex''Iptum
282 4368 393 4434 habet:
418 4365 622 4447 οδνοιιρεύέντος
648 4377 800 4448 Κάστορος
826 4403 846 4416 -
860 4403 879 4417 -
893 4404 913 4418 -
933 4368 1127 4443 Πολυδεύκης
1145 4367 1295 4452 ἄΦύοιρ·
