2978 4950
712 182 776 248 349

189 400 228 452 η,
256 372 332 441 217.
359 375 409 439 Ad
434 372 611 460 (γαστέρι),
637 371 655 448 ή
677 373 705 436 τ’
730 374 889 446 ἐκέλευσεν
917 371 947 438 ἕο
970 374 1145 451 μνήσασθαι
1169 369 1326 456 οὶνοίρκηΙΙ

139 481 197 545 καί
235 481 330 556 μοίλα
364 484 549 560 τειρόμενον,
581 479 607 543 Τ
638 479 734 544 hebet
765 481 845 544 hano
876 481 1111 546 adnotationem
1143 479 1254 544 nihili:
1286 477 1338 542 διδ

138 588 461 669 τούτουῖένδείκνυται
487 582 532 650 ὅτι
558 586 702 668 οίνοίγκη,
726 590 763 655 ὠς
790 587 838 649 ἐπὶ
864 586 1078 666 ἀπαραιτήτου
1103 584 1260 650 δεσπότου.
1296 584 1339 649 llo

137 698 304 760 sententie
327 700 359 759 et
383 692 543 758 Homerus
573 693 720 758 dativum
744 694 906 775 οὶνοίγκη
930 692 1088 781 flagitent.

191 933 228 984 η,
254 907 331 971 225.
356 905 488 971 Dixerat
512 905 623 970 Ulixes

590 1012 700 1077 ίδίντα
726 1038 767 1088 με
791 1013 844 1077 καί
869 1017 953 1078 λίποι
980 1015 1052 1078 αίοίν

330 1127 436 1193 κτῆσιν
459 1118 534 1192 ἐμήν
559 1117 665 1193 δμῶοίς
690 1143 725 1182 τε
747 1119 798 1182 καί
823 1121 973 1198 ὑψερεφές
999 1118 1088 1196 μέγα
1113 1119 1210 1195 δῶμα.

137 1226 321 1312 Displionit
354 1226 414 1291 hoo
449 1224 658 1309 quibusdam:
708 1225 815 1302 κομιδή
852 1227 914 1303 ροὶρ
950 1225 1151 1306 σμικρολόγος
1188 1223 1337 1305 φαίνεται

141 1333 276 1410 Ulixes,
313 1330 491 1410 προτοίσσων
522 1338 579 1394 τῶν
612 1330 776 1412 φιλτοίτοιν
808 1333 862 1406 τήν
894 1340 1011 1407 κτῆσιν.
1058 1331 1122 1413 At,
1149 1332 1206 1396 Pio
1231 1330 1339 1394 defen·

140 1440 243 1505 dente
272 1446 324 1523 (ut
355 1445 443 1523 patet
473 1459 511 1502 ex
543 1436 628 1520 PQ),
661 1439 695 1501 ἐκ
728 1438 835 1502 τούτου
862 1440 1046 1503 ἐνδείκνυται
1085 1434 1130 1503 ὅτι
1167 1437 1218 1501 καί
1245 1433 1338 1507 αὖτίς

138 1547 212 1610 ἐστι
243 1551 302 1609 τῶν
331 1545 464 1623 έχίντων
495 1545 665 1619 κτήματα,
696 1546 756 1625 οὐχ
780 1541 837 1616 οίος
863 1546 893 1610 δὲ
918 1548 1037 1625 ίραται.
1067 1561 1118 1594 -“··
1144 1542 1265 1618 ἔνδειξιν
1289 1537 1339 1606 οὖν

135 1653 233 1717 έποί
239 1676 272 1716 ει
301 1650 346 1715 ὅτι
378 1653 410 1715 οὖ
439 1649 695 1729 παρημελημένος
729 1646 761 1723 ήν
792 1666 862 1715 κτλ.
889 1651 942 1736 (Τ)
972 1657 1016 1717 At
1039 1654 1189 1737 quoniam
1213 1671 1269 1734 pro
1295 1651 1338 1713 ἐν·

136 1759 315 1824 δείκνυσθαι
347 1765 421 1823 noto
448 1779 507 1822 usu
532 1755 654 1832 ἔνδειξιν
678 1763 827 1822 ποιεῖσθαι
856 1759 983 1828 dieitur.
1010 1780 1072 1823 non
1096 1766 1208 1830 ποιεῖν.
1235 1757 1338 1822 scribe

135 1868 301 1941 exaravit,
328 1873 411 1929 oerte
435 1884 563 1929 exorere
585 1864 716 1946 debuit,
741 1862 861 1939 ἔνδειξιν
888 1861 935 1928 οὖν
958 1873 1149 1929 ποιεῖται.

161 2103 226 2161 »η,
260 2075 337 2141 232.
368 2075 421 2140 Ad
455 2076 631 2154 ἀμφίπολοι
661 2075 687 2139 δ’
716 2075 909 2151 ἀπεκόσμεον
933 2075 1023 2140 ἔντεα
1047 2076 1149 2149 δαιτός
1175 2079 1207 2141 in
1232 2077 1258 2140 P
1282 2077 1338 2141 ad-

136 2189 292 2249 notetur:
324 2182 367 2246 τίι
399 2180 482 2246 ὅπλα
515 2187 564 2245 νῦν
595 2180 753 2261 τραπέζας
785 2182 884 2258 λέγει.
930 2183 1001 2248 Non
1033 2188 1154 2268 opinor,
1178 2185 1237 2247 etsi
1262 2182 1339 2247 Vul-

137 2298 222 2378 gete
255 2290 340 2354 idem
364 2289 482 2354 habent
507 2289 561 2372 (τίς
587 2284 672 2352 ίπλα
697 2297 751 2362 τής
778 2290 931 2372 εὐωχίας,
956 2286 1012 2353 οἷον
1039 2291 1195 2371 τραπέζας
1219 2288 1272 2352 καί
1297 2290 1338 2353 τοὶ

138 2398 309 2477 τοιαῦτα),
344 2395 417 2460 sed:
450 2397 492 2458 τοὶ
531 2392 615 2459 ὅπλα
647 2399 698 2457 νῦν
734 2395 939 2476 τραπέζης
979 2396 1077 2473 λέγει.
1124 2397 1338 2460 Fideiussoree

139 2503 227 2567 mihi
259 2504 323 2565 sint
355 2507 387 2565 et
416 2499 557 2583 scholion
589 2501 622 2565 in
653 2499 756 2566 BP'P:
788 2503 829 2565 rol
854 2503 946 2574 σκεύη
972 2504 1012 2566 τοὶ
1038 2503 1153 2581 ἔχοντα
1179 2526 1208 2575 τι
1234 2501 1340 2568 ἔσωίεν

139 2616 204 2673 τῶν
236 2609 280 2680 είς
319 2592 485 2687 εὐωχίαν,
504 2603 560 2672 οἷον
592 2616 756 2688 κρατῆρες,
793 2609 939 2691 πίνακες,
964 2609 1125 2693 κύπελλα,
1150 2616 1182 2675 et
1205 2609 1340 2694 Apollo-

139 2720 219 2780 nius
252 2718 274 2778 i.
304 2736 335 2778 v.
368 2712 505 2778 ἔντεα;
536 2714 580 2777 τὰ
611 2713 713 2791 ὅπλα,
746 2713 861 2790 κυρίως
886 2716 928 2778 τὰ
960 2717 1041 2787 ἐντὸς
1073 2718 1256 2796 περιέχοντα
1288 2716 1340 2781 τὸν

139 2821 251 2901 ἄνδρα.
277 2822 431 2897 --λέγει
467 2821 496 2885 δέ
532 2822 595 2885 οίπὸ
630 2829 684 2895 τής
723 2822 819 2893 αὐτῆς
856 2821 968 2892 ἐννοίας
1005 2823 1056 2885 καί
1093 2823 1143 2885 τοὶ
1175 2824 1338 2899 ἀγγεῖα

140 2926 256 3009 ἔντεα,
290 2928 352 2991 ἀπὸ
382 2930 435 2990 τοῦ
468 2927 550 2998 ἐντὸς
583 2927 682 2991 αὐτῶν
711 2950 780 2992 τινα
812 2928 980 3006 περιέχειν,
1006 2925 1062 2993 οίον
1088 2930 1285 3011 ,ἀμφίπολοι
1311 2928 1337 2992 δ’

140 3033 339 3110 ἀπεκόσμεον
361 3031 452 3097 ἔντεα
472 3033 603 3104 δαιτίς.”
637 3033 699 3099 Sed
720 3037 861 3118 optimus
881 3032 1045 3099 fideiussor
1064 3035 1161 3100 codex
1182 3037 1249 3120 ipse
1262 3038 1339 3118 erit,

141 3141 201 3226 qui
224 3138 309 3224 quod
332 3141 522 3222 reponebam
545 3142 614 3204 sine
638 3139 709 3204 labe
734 3142 875 3205 servavit
899 3161 917 3204 a
941 3139 1104 3206 Dindorlio
1127 3143 1245 3207 iniuria
1269 3162 1340 3205 mu·

141 3253 263 3312 tatum.

192 3481 225 3533 η,
251 3455 326 3520 241.
356 3457 463 3523 Ulixes
486 3460 525 3524 eb
550 3459 648 3524 Arete
673 3460 710 3524 de
736 3460 878 3524 vestibus
902 3481 979 3544 quas
1003 3468 1094 3548 geret
1114 3463 1339 3550 interrogatus,

143 3563 243 3651 longo
275 3571 306 3628 et
338 3564 401 3629 elte
432 3569 532 3650 petits
563 3566 702 3631 oratione
728 3566 904 3650 respondet.
951 3567 1120 3632 Monemur
1143 3568 1182 3632 ad
1205 3568 1284 3632 heeo
1307 3572 1341 3632 in

143 3669 219 3750 1le
253 3671 288 3735 τὸ
317 3673 374 3746 μὲν
398 3671 537 3750 ε’ροίτημα
565 3672 692 3751 βραχύ,
720 3672 809 3736 πίίεν
834 3672 933 3750 ἔλαβε
957 3678 1010 3744 τήν
1035 3674 1167 3747 ἕσίητα·
1194 3674 1207 3737 o‘
1233 3675 1263 3738 δέ
1287 3677 1341 3739 οὐκ

142 3777 233 3847 εὐθὺς
271 3777 358 3849 δηλοῖ
390 3775 435 3842 ὅτι
472 3780 558 3855 παρὰ
594 3786 648 3851 της
680 3779 877 3851 Νανσικοίας.
927 3778 1033 3865 Magis
1064 3779 1219 3863 placeret:
1253 3781 1341 3844 πόθεν

142 3880 279 3958 ἔλαβες
304 3909 333 3946 τ.
357 3886 481 3958 ε’σίήτοι.
506 3886 584 3950 Mox
598 3892 737 3951 oorreote
749 3889 1002 3970 interpunctione
1015 3887 1217 3951 scribendum
1230 3905 1237 3948 :
1251 3890 1339 3951 οὶλλοὶ

141 3991 369 4066 κεφαλαιωδῶς
392 3992 579 4070 οίποδιίρεται
600 3992 658 4062 τοὶς
672 3993 783 4056 ἑαυτοῦ
796 3994 957 4073 συμφορὰς
980 4028 999 4040 -
1010 4028 1029 4040 -
1043 3995 1095 4056 καί
1109 3994 1159 4056 τὸν
1173 3992 1269 4071 ἔρωτα
1282 4005 1337 4066 τής

140 4088 241 4179 θεοῦ,
262 4097 298 4161 δι’
324 4095 362 4162 ὧν
385 4101 546 4171 συστήσειν
573 4101 683 4162 ἑαυτὸν
711 4099 862 4181 ἔμελλεν,
899 4099 936 4168 ὡς
960 4100 973 4162 ί
998 4101 1236 4180 καταφρονήσας
1268 4108 1340 4164 τῶν

139 4206 240 4270 θεῶν
259 4205 313 4268 οὐκ
333 4205 371 4268 ἂν
398 4207 439 4288 είς
463 4207 506 4270 σα
526 4203 696 4280 οἰνίροίπινα
718 4214 905 4282 παρανομεῖν
927 4204 1081 4282 ὑπέμεινε.
1108 4205 1179 4271 Hoo
1190 4209 1339 4292 impium,

138 4310 198 4376 sed
223 4308 355 4376 fortasse
379 4315 496 4377 rectius
520 4315 597 4377 erit:
624 4315 661 4385 ὡς
687 4315 700 4376 ί
726 4314 965 4393 καταφρονήσας
992 4314 1085 4400 (που)
1109 4317 1167 4377 τοῖν
1191 4315 1273 4380 θεῶν.
