2978 4950
630 176 696 248 453

50 366 151 449 μένον
176 363 281 448 αθθέρα
309 372 416 449 Φησθν.
465 369 704 457 Supplendum:
730 372 744 435 θ
768 372 932 450 Εὐριπίδης
957 373 1021 457 (Al
1029 377 1065 456 α)
1091 373 1142 438 τὸν
1167 373 1254 452 ὑπερ-

61 478 233 556 τεταμένον
256 477 360 559 αἰθέρα
385 480 491 559 φησίν.
527 478 617 545 Idem
641 478 806 544 Mehlerus
830 478 931 561 vidit,
944 479 1003 544 sub
1024 484 1148 544 textum
1169 486 1253 551 Ζῆνα

61 592 135 671 post
169 583 333 666 Εὐριπίδης
369 589 548 672 proposito,
584 594 693 671 postea
721 589 755 651 in
786 584 997 671 Mnemosyne
1030 585 1093 650 Δθα
1117 587 1253 670 inserto,

60 691 118 758 sed
141 692 211 760 loco
235 692 344 756 minus
366 692 489 759 idoneo.

107 894 146 965 G.
178 897 290 966 XXIII
322 902 365 989 (p.
393 899 467 989 50):
501 901 563 967 Τθν
595 900 620 966 δ’
652 901 806 981 ὑπένερθεν
830 898 907 980 ύέρα
930 902 1139 982 ύλληγορνκῶς
1164 901 1252 975 ύΐδην

61 1005 293 1087 προσαγορεύει.
329 1007 431 1085 μέλαν
467 1008 529 1088 γοὶρ
564 1008 648 1073 τουτὶ
684 1010 719 1073 ri
748 1015 908 1087 στοιχεῖον.
937 1042 957 1057 ·
981 1008 1058 1088 δίχα
1090 1013 1164 1085 γοῦν
1194 1013 1253 1072 τῶν

60 1112 294 1195 ααταφωτθζειν
331 1113 503 1192 δυναμένων
537 1115 691 1191 ύλαμπύς
718 1115 817 1183 Ιἐστιν.
870 1112 1089 1199 supplendum
1122 1122 1154 1179 et
1181 1115 1253 1180 hie:

61 1215 141 1297 δθχα
166 1235 207 1297 γ.“
229 1227 286 1284 τῶν
310 1221 541 1303 καταφωτέζειν
565 1222 736 1300 δυναμένων
760 1216 794 1302 (d
803 1221 834 1304 ν)
858 1220 1012 1298 ύλαμπθς
1038 1221 1129 1284 έττιν.

109 1426 147 1497 Ο.
172 1429 282 1497 XXIV
300 1433 349 1519 ¹(p.
375 1432 448 1519 50):
481 1433 540 1497 Καὶ
566 1432 632 1513 περὶ
658 1434 751 1497 αὐτοῦ
776 1431 883 1509 μηδεὶς
907 1432 1046 1515 λεγέτω,
1072 1439 1134 1504 πῶς
1157 1433 1251 1510 μένθ

61 1537 150 1616 αἶθθηρ
175 1540 432 1620 προσαγορεύεται
459 1539 553 1616 Ζεύς,
579 1538 665 1612 οὶθδην
689 1536 717 1603 δ’
746 1537 886 1620 ὀνομάζει
910 1541 961 1603 τδν
986 1539 1081 1623 οὶέρα,
1105 1539 1156 1605 καὶ
1177 1565 1255 1618 συμ-

61 1643 202 1722 βολικοῑς
236 1644 361 1724 θνθματι
392 1646 446 1721 τὴν
476 1647 664 1727 Φιλοσοφίαν
696 1648 840 1725 οὶμανροῖ.
873 1644 1042 1724 παρύδοξνν
1066 1646 1129 1728 γὰρ
1153 1647 1250 1727 οὐδέν,

62 1751 90 1816 el
115 1752 242 1827 ποιητής
266 1776 309 1817 τε
334 1752 371 1817 ὢν
395 1755 581 1832 ἀλληγορεῖ,
603 1751 654 1816 καὶ
677 1759 733 1816 των
755 1752 985 1831 προηγουμένως
1005 1752 1253 1834 Φιλοσοφούντων

63 1859 163 1939 τούτῳ
199 1860 240 1940 τῷ
271 1860 370 1941 τρθπῳ
401 1860 574 1940 χρωμένων.
607 1859 620 1923 ὅ
644 1864 718 1936 γοῦν
746 1858 895 1930 σκοτεινὸς
919 1858 1116 1938 Ἡράκλειτος
1141 1863 1255 1940 οὶσαφῆ

63 1966 118 2032 καθ
149 1965 201 2031 διοὶ
224 1965 391 2044 σνμβθλων
415 1966 589 2049 εἰκάζεσθαι
613 1965 769 2041 δωνύμενα
793 1967 932 2044 θεολογεῖ
952 1966 994 2030 τοὶ
1018 1966 1148 2047 ovatus.
1195 1966 1256 2032 Re·

63 2076 175 2159 quito:
208 2076 232 2138 εἰ
257 2073 382 2147 ποιητθς
407 2098 468 2145 τις
493 2072 531 2137 θον
555 2074 738 2152 ἀλληγορεῖ,
764 2077 812 2137 et:
838 2073 889 2137 sal
915 2072 965 2137 διδ
988 2073 1154 2150 σνμβύλων
1181 2073 1255 2159 (μύ-

63 2181 144 2267 νον)
168 2178 342 2260 εἰκάζεσθαι
365 2178 531 2258 δννύμενα.

110 2388 148 2457 Ο.
182 2389 277 2456 XXV
308 2391 352 2476 (p.
379 2391 447 2475 54).
478 2391 590 2479 Pergit
621 2397 732 2456 auctor
762 2392 917 2477 indicare,
942 2394 1099 2479 quomodo
1122 2394 1256 2462 insidiae

62 2497 136 2566 Iovi
168 2503 306 2564 structae
337 2496 507 2585 allegorice
531 2497 684 2582 explicari
708 2501 837 2582 possint.
885 2497 1009 2584 Nempe
1033 2499 1190 2566 elementa
1213 2502 1255 2567 si·

63 2603 258 2693 gallicantur
281 2607 383 2670 causis
403 2605 594 2689 quibusdam
615 2606 790 2669 commixta
809 2613 841 2670 et
861 2606 1057 2672 conturbata.
1082 2613 1197 2673 Ταῦτα
1218 2608 1252 2683 δη

63 2713 109 2777 τοὶ
133 2721 275 2792 στοιχεῖα
301 2711 494 2791 πρῶτονμὲν
518 2719 658 2789 συγγενῆ
690 2711 739 2776 διὰ
764 2714 818 2785 την
843 2713 872 2776 ἓν
896 2713 1043 2786 αλλήλοις
1067 2715 1252 2794 ύνθκρασιν·

62 2815 138 2884 εἶτα
173 2819 357 2900 συγχύσεως
389 2818 477 2896 παρα
506 2816 612 2898 μικρὸν
641 2820 740 2882 αὐτῶν
772 2816 935 2896 γενομένης
965 2820 1064 2899 εύρέθη
1097 2821 1204 2898 βοηθὸς
1236 2822 1253 2895 θ

64 2922 201 3006 πρθνοια.
239 2924 357 2991 Vocem
385 2934 523 3003 συγγενῆ
549 2926 667 2990 vitium
688 2923 771 2989 alere
790 2923 928 2989 Mehlero
946 2925 1083 2992 libenter
1101 2930 1254 3014 concedo,

64 3051 165 3120 quam
194 3037 302 3098 tamen
330 3052 405 3098 cum
430 3031 525 3097 addat
549 3030 601 3096 vel
624 3052 687 3096 una
709 3032 923 3118 grammatice
946 3035 1067 3098 ratione
1091 3034 1253 3107 damnari.

63 3158 131 3206 non
157 3160 265 3225 capere
290 3159 342 3205 mo
366 3140 433 3204 eius
456 3141 645 3204 sententiam
668 3140 806 3225 ingenue
828 3136 985 3223 profiteor.
1033 3140 1071 3204 In
1094 3162 1169 3206 vera
1184 3136 1254 3207 ¹lec-

65 3248 155 3313 tione
185 3246 409 3334 investiganda
439 3245 556 3311 frustra
586 3266 619 3311 se
643 3244 810 3310 desudasse
835 3244 938 3309 editor
961 3247 1081 3311 scribit.
1132 3247 1254 3334 „Ipsius

64 3355 229 3439 scriptoris
251 3373 385 3418 manum
408 3373 554 3419 revocare
577 3371 730 3436 perquam
755 3353 815 3416 erit
840 3349 1000 3417 difficile.''
1025 3337 1194 3434 Attamen,
1217 3362 1254 3421 ut

63 3462 100 3526 in
133 3480 168 3526 re
199 3460 383 3546 desperata,
418 3458 582 3542 »ἡσύχαζε
609 3463 665 3523 aut
688 3456 794 3522 simile
817 3456 916 3541 quid”
941 3479 998 3543 pro
1021 3468 1159 3537 συγγενῆ
1183 3464 1255 3527 sub-
1317 3459 1326 3480 ⁸

32 3566 267 3645 ,stituendum
310 3567 492 3632 arbitratur.
559 3566 770 3650 Experiamur
804 3563 915 3649 ecquid
949 3564 1105 3631 feliciores
1141 3570 1254 3633 simus.

63 3672 210 3739 Fuerunt
245 3672 402 3739 elementa
432 3694 496 3738 non
527 3678 662 3761 cognata
686 3671 783 3755 olim,
809 3709 849 3718 -
874 3670 955 3735 nihil
980 3674 1064 3736 enim
1087 3695 1171 3739 nunc
1195 3675 1254 3741 hoc

64 3779 107 3847 ad
141 3800 210 3845 rem
243 3819 284 3828 —
310 3781 364 3845 sed
388 3778 511 3864 placida
534 3785 623 3845 erant
647 3784 679 3843 et
699 3778 824 3862 quieta,
851 3783 884 3842 at
907 3783 982 3841 tunc
1006 3780 1088 3844 irata
1110 3779 1254 3865 interque

63 3906 99 3954 se
130 3889 316 3975 pugnantia.
364 3892 480 3951 Ταῦτα
511 3887 545 3960 δη
578 3887 619 3950 τα
649 3891 792 3962 στοιχεῖα
817 3890 929 3963 πρῶτον
951 3885 1007 3959 μέν
1031 3887 1179 3961 εὐμενῆ
1204 3887 1255 3951 διὰ

63 3997 122 4070 την
155 3994 187 4058 έν
221 3994 370 4067 αλλήλοις
402 3993 586 4074 οὶνύκρασιν·
618 3987 688 4056 εἶτα
712 3990 896 4072 συγχύσεως
922 4025 940 4038 -
966 3991 1129 4068 γενομένης
1154 3993 1255 4073 εὑρέθη

62 4103 176 4182 βοηθὸς
203 4103 219 4177 ἡ
244 4099 374 4180 πρθνοια.
423 4100 566 4186 Respicit
588 4097 848 4185 philosophorum
869 4098 1045 4163 doctrinam
1065 4105 1174 4184 postea
1192 4102 1253 4167 sibi

63 4201 373 4292 commemoratam,¹
397 4228 459 4293 qua
482 4207 646 4272 elementis
670 4205 767 4284 Φιλία
791 4211 823 4269 et
846 4213 940 4277 νεῖκος
966 4203 1160 4270 tribuuntur.

112 4316 245 4402 Pergit:
269 4314 360 4380 Θέτιν
384 4316 409 4380 δ’
435 4315 530 4387 αύτθιν
554 4315 622 4399 (την
647 4312 796 4399 πρόνοιαν)
823 4312 958 4389 εύλθγως
983 4312 1148 4392 ύνύμασεν.
1174 4312 1252 4396 αὕτη
