2978 4950
720 141 785 213 4³0

155 330 350 401 Aristarchei
374 356 501 401 versum
526 333 730 402 damnabant.
778 337 921 402 Breviter
944 335 1081 421 Didymi
1104 334 1325 420 excerptumin

155 441 189 506 H
212 442 252 507 ad
275 463 321 508 vs.
349 439 432 505 329:
458 443 472 506 θ
498 442 636 513 Σιδώνιός
661 449 756 523 Φησιν
781 443 954 507 ἀθετεῖσθαι
976 445 1027 507 τὸν
1048 443 1171 521 στόχον.
1192 440 1328 529 Integtior

156 560 281 614 servata
311 555 359 613 cst
386 551 557 614 Aristonici
581 555 655 614 nota
678 553 785 616 veram
809 547 876 614 240
900 550 1076 634 adscripta:
1102 549 1177 626 πρὸς
1200 548 1252 621 τὴν
1272 546 1327 623 ἑξῆς

155 653 296 729 οξθέτησιν
320 650 365 719 ότι
390 656 424 717 τό
449 661 538 731 σῶμα
563 654 652 730 μόνον
677 658 849 733 ἠλλοιοῦτο,
876 658 893 730 η
920 656 950 720 δὲ
974 659 1067 735 dvxi
1092 655 1200 730 ἔμενεν
1223 654 1326 730 dwi-

156 762 284 839 βλητος.
310 768 372 833 πῶς
397 758 445 826 οὖν
470 762 508 824 όιν
533 763 618 839 λέγοι
646 763 712 839 „coi
736 763 768 827 δέ
793 787 839 832 τις
865 762 896 826 ἕν
918 763 1079 836 στήθεσσιν
1101 763 1255 834 incitares
1278 759 1327 832 ιόιι

156 867 276 945 ἔστόν,”
309 869 347 938 ὡς
380 867 432 932 aab
465 872 518 931 τοῦ
552 874 599 932 νοῦ
624 869 842 944 >iniciendum
868 868 983 954 (HQT)
1004 866 1040 950 ¹).
1077 867 1152 934 Non
1174 873 1275 954 potest
1291 887 1329 933 res

154 974 350 1039 luculentius
373 977 497 1059 exponi.
545 973 579 1039 Si
604 975 793 1051 comitibus,
818 978 924 1047 aiunt,
949 977 1048 1039 etiarn
1072 981 1204 1059 sumpto
1227 993 1328 1039 veneno

155 1080 345 1165 admotaque
368 1083 461 1166 virga
484 1083 628 1167 magica,
654 1086 718 1152 νοῦς
744 1077 777 1154 ἦν
800 1080 930 1158 ἔμπεδοι
954 1083 991 1150 θι
1014 1083 1049 1146 τὸ
1070 1080 1167 1159 τόμος
1189 1078 1329 1165 mmcd

155 1184 245 1252 Circe
276 1189 386 1251 mirari
417 1192 522 1271 potest
553 1189 580 1250 si
613 1186 702 1251 'Ulixi
732 1188 817 1252 idem
842 1184 980 1252 accidit?
1026 1186 1146 1252 Stricta
1168 1187 1226 1252 boc
1248 1188 1328 1250 nimis

155 1301 249 1378 atque
272 1296 383 1371 anxie,
407 1303 441 1358 at
465 1315 538 1358 vere
563 1302 680 1359 tamen.
728 1293 925 1381 Porphyrius
949 1304 1077 1366 autem.
1103 1297 1161 1379 qui
1184 1303 1218 1358 et
1241 1310 1329 1358 versut

155 1400 194 1464 de
224 1400 398 1464 comitibus
429 1407 559 1486 agentes
585 1399 676 1483 (239,
702 1399 783 1481 240)
807 1411 840 1465 et
862 1399 956 1464 illum
980 1400 1019 1465 de
1045 1399 1144 1465 Ulixe
1167 1398 1268 1487 (3⁸29),
1286 1398 1328 1465 sed

155 1508 299 1590 spurium
336 1506 532 1580 iudicatum,
570 1512 718 1591 utrosque
749 1512 887 1571 retentos
919 1497 1007 1580 vult,
1041 1503 1327 1591 interpretandoda

156 1632 245 1677 more
269 1620 301 1677 et
324 1611 588 1677 comminiscendo
612 1613 775 1677 molestias
798 1612 921 1678 elevare
940 1619 1086 1677 conatur.
1123 1611 1192 1679 Iam
1211 1612 1249 1678 nd
1266 1611 1326 1677 bane

154 1718 259 1783 lucem
293 1716 421 1804 singula
452 1719 570 1781 iterum
602 1720 818 1803 inspiciamus.
853 1720 890 1783 Ei
923 1719 987 1797 γὰρ
1011 1718 1140 1800 σώζουσι
1163 1722 1218 1792 την
1240 1720 1324 1796 istic

155 1825 243 1897 τόνην
266 1824 391 1901 γνώμην
416 1824 467 1887 καὶ
493 1824 631 1899 πιόντες,
656 1832 718 1896 πῶς
743 1825 962 1896 Ὀδυσσεὺς
988 1825 1161 1907 bauaida}
1186 1825 1323 1903 οὐδὲνγὰρ

155 1930 407 1995 πεπόνθασιν
430 1927 601 2007 ἀλλότριον.
648 1931 719 1995 Nou
745 1935 871 2016 opinor:
896 1952 1056 2017 nusquam
1080 1931 1193 1998 Ulixes
1216 1930 1321 1997 hocad-

153 2039 289 2102 miratus
319 2056 387 2101 esse
418 2036 572 2112 traditur,
606 2044 748 2121 essetque
779 2058 816 2102 ea
839 2059 889 2102 res
912 2058 1118 2122 summopere
1141 2037 1320 2112 absurdas

153 2142 341 2209 traderetur.
387 2141 591 2228 Lugendum:
618 2149 680 2215 πῶς
706 2145 907 2209 Ὀδυσσέα
931 2144 1086 2224 θοιυμοθζει
1108 2143 1243 2230 (Ciree);
1261 2142 1318 2207 oitb

154 2250 216 2329 γὰρ
250 2250 450 2314 τέτσνθεν
479 2249 647 2326 ἀλλότριον.
696 2249 857 2315 Ultimum
887 2253 921 2314 in
953 2254 1022 2334 ipso
1047 2251 1157 2317 codiee
1179 2220 1317 2316 estaelrei

152 2357 340 2441 praebente,
373 2375 452 2440 quae
479 2356 615 2420 eduntur
646 2354 785 2421 Prellero
818 2366 945 2441 accepta
966 2358 1148 2422 referimus.
1185 2356 1316 2424 Hactenus

152 2464 199 2529 de.
223 2465 419 2548 quaestione:
455 2483 538 2525 nunc
570 2460 759 2525 solutionem
788 2465 1007 2547 respiciamus.
1041 2464 1165 2537 Ῥητὲον
1190 2460 1236 2529 σόν
1257 2459 1315 2527 θτιθ

152 2571 208 2646 μὲν
236 2569 407 2639 Ὀδυσσεὺς
431 2570 482 2631 οὐκ
509 2567 636 2646 ἐθέλχθη
662 2569 722 2630 οὐδ’
747 2567 866 2642 ἤλλαξε
892 2569 925 2632 τό
952 2578 1005 2643 τῆς
1031 2575 1161 2647 γνώμης
1184 2573 1266 2636 δῖον.
1291 2568 1313 2632 ln

152 2678 258 2764 codice
290 2684 337 2740 est
370 2674 460 2755 διότι,
494 2676 643 2737 eorrectio
668 2673 799 2738 Prelleri
824 2683 889 2745 est.
916 2697 978 2739 nou
1003 2677 1090 2741 mala
1117 2678 1174 2743 illa
1198 2679 1312 2764 quiden,

151 2785 203 2849 sed
242 2792 348 2845 tamon
380 2780 534 2865 praefero:
568 2780 601 2841 τό
635 2789 688 2851 τῆς
722 2784 845 2856 γνώμης
871 2781 1024 2860 διόλου,
1052 2790 1204 2868 quoniam
1227 2785 1312 2852 biorn

151 2910 242 2975 prosa
277 2888 416 2953 oratione
452 2908 511 2948 uon
543 2886 586 2949 sic
618 2887 796 2951 adhibetur.
844 2888 1016 2973 Sequitur:
1050 2894 1076 2955 oi
1111 2895 1144 2956 δὲ
1176 2887 1313 2970 ἑταῖροιθ

152 3000 278 3075 τοινθτη
303 2995 358 3057 τινὶ
380 2992 439 3067 ἕξει
460 2993 595 3068 ἐγένοντο
617 2991 692 3056 ὥστε
713 2993 796 3071 ἔχειν
815 2998 871 3068 μὲν
893 2997 946 3066 την
968 2999 1157 3073 οὶνθρεοτόνην
1178 3003 1311 3077 ψυχήν...

148 3104 251 3180 μέντοι
291 3102 342 3165 καὶ
374 3102 424 3163 τὸν
457 3106 522 3160 νοῦν
555 3101 755 3175 ἕνουγοοότοι.
804 3100 896 3165 Nihil
929 3102 1018 3166 deest
1051 3115 1177 3188 praeter
1209 3100 1312 3191 negandi

147 3209 356 3295 perticulam:
383 3206 449 3291 (οὐ)
473 3208 574 3278 μέντοι
596 3229 622 3267 κ.
638 3229 666 3268 τ.
689 3212 753 3268 νοῦν
776 3208 980 3286 ἐγρηγορότα,
1005 3213 1090 3293 quod
1110 3222 1142 3275 et
1164 3207 1313 3277 Dindorfitlt

147 3318 310 3401 proposuit
343 3315 437 3396 (App.
464 3333 492 3395 p.
521 3312 597 3392 780)
623 3314 666 3385 μη
692 3314 869 3377 coniiciens.
920 3314 1063 3380 Prellero
1089 3318 1233 3401 debetur,
1253 3333 1312 3379 nunc

146 3422 276 3506 quidem
311 3427 411 3492 recte,
444 3415 501 3491 ἕξει
530 3418 684 3492 ἕγένονσοι
710 3421 830 3482 scribae
858 3420 1031 3496 ἐξεγένοντο
1058 3445 1188 3488 exarare
1211 3422 1309 3508 placuit·

146 3528 224 3592 Post
257 3527 333 3588 baec
365 3526 494 3586 fortasse
527 3544 598 3584 curn
625 3525 796 3607 disputatio
822 3528 948 3612 integra
971 3526 1143 3614 legebatur
1166 3529 1308 3596 loconia-

146 3641 319 3707 venerunt‚
353 3650 432 3713 quae
461 3629 499 3691 de
523 3631 556 3692 vi
580 3648 615 3691 ao
639 3638 792 3712 potestate
819 3634 904 3697 verbi
929 3636 1054 3711 θέλγειν
1078 3639 1112 3700 iu
1136 3641 1230 3703 variis
1248 3631 1304 3699 coli·

149 3800 322 3812 ---——-—-

180 3886 206 3946 1)
233 3882 346 3945 Sequitur
371 3881 396 3927 in
424 3879 483 3941 HQ
511 3874 570 3932 ἡδέ
590 3875 659 3934 λόσις
680 3875 705 3926 ἔνι
725 3885 770 3935 τῆς
792 3877 893 3939 λέξεως.
918 3885 989 3947 inque
1015 3886 1052 3934 his
1072 3887 1150 3935 vorbis
1167 3883 1299 3950 abruptcnde
1355 3881 1357 3885 ’

145 3966 238 4013 desinit
264 3969 294 4012 At
312 3963 331 4010 Τ
350 3962 477 4009 rectissime
495 3962 585 4008 omittit
604 3962 671 4018 haec,
691 3979 749 4025 quor
768 3971 822 4011 scrut
841 3967 1006 4029 epitornotoris
1024 3971 1162 4026 cuiuslarn,
1183 3966 1298 4029 incogitantes
1354 3957 1358 3998 '-

146 4048 297 4096 Aristarchus
322 4061 375 4093 cum
403 4044 574 4108 Porphyrionis
599 4045 791 4107 con-glutinantia.
820 4049 991 4111 coniungenda
1009 4058 1091 4099 autern
1112 4053 1167 4099 baec
1184 4053 1297 4099 ultimae
1353 4063 1358 4106 ᾗ

145 4130 233 4177 scholio
256 4145 283 4176 en
308 4128 390 4175 iisdem
408 4125 525 4173 codicibus
543 4126 623 4173 statim
641 4133 764 4190 sequente,
785 4129 828 4176 etsi
848 4130 883 4176 vel
903 4131 935 4178 sio
954 4132 1117 4195 fragmentum
1135 4140 1223 4182 tanturn
1237 4126 1297 4175 &⁵2²¹

144 4233 242 4279 magnae
264 4215 433 4281 disputationis
458 4212 613 4274 ἀπόσπασμα
639 4216 761 4279 apparebit
787 4218 961 4269 conscientibus
987 4223 1154 4286 Porplryrisnn
1179 4224 1205 4269 ad
1221 4234 1249 4265 sss
1268 4211 1295 4258 91³

146 4304 168 4343 ot
188 4301 243 4346 329.
