2978 4950
632 296 696 364 113

72 482 158 550 Hinc
182 483 367 551 Scholiastis
395 486 538 550 nascitur
568 490 689 553 occasio
717 492 884 574 praecepta
914 506 1041 551 morum
1066 484 1257 551 inculcandi.

71 592 269 669 Οἰκονομικὸν
287 608 329 641 -·
351 593 502 677 inquiunt
528 629 569 641 -
593 595 627 658 τὸ
660 596 830 679 διανόημα,
861 591 907 659 θτι
942 595 994 657 οὐκ
1013 594 1065 662 4εῖο
1101 594 1155 664 τὴν
1189 593 1256 656 καθ’

72 697 184 777 ἡμέραν
206 698 347 772 δαπάνην
370 699 412 778 τῷ
437 699 543 778 αὐτῷ
567 703 701 781 χρῆσθαι
725 704 888 782 προσήκει,
908 700 984 763 ἀλλ’
1008 698 1189 764 ἀποκεῖσθαι
1213 697 1256 762 τοὶ

71 805 233 884 τιμιώτεροι
264 809 306 877 εἷς
340 803 492 885 ἐξαίρετον
520 804 634 888 χρόνον.
683 807 736 874 Sic
765 807 884 874 habent
913 805 986 887 EQ,
1018 812 1050 871 ot
1072 809 1110 869 ut
1135 802 1259 869 videtur

72 908 187 994 (Praei.
217 935 247 999 p.
274 914 386 999 κινῇ),
419 910 611 978 Harleianus
640 935 773 1000 quoque.
821 913 942 980 Matres
965 910 1125 996 familiae,
1150 911 1260 995 credo,

68 1013 164 1084 aliter
182 1021 385 1097 iudicabunt,
410 1039 512 1104 neque
534 1019 723 1109 intellegent
746 1043 803 1087 cur
825 1019 1007 1097 οἰκονομικὸν
1036 1022 1199 1083 censeatur
1219 1018 1259 1084 ad

67 1135 214 1211 sumptus
248 1125 449 1210 quotidianos
480 1128 522 1203 τῷ
552 1127 636 1207 αὐτῷ
674 1129 728 1207 μὴ
766 1128 909 1208 χρῆσθαι.
956 1123 1063 1189 Immo
1100 1122 1163 1189 alia
1196 1122 1260 1188 fuit

66 1216 152 1296 boni
175 1234 274 1318 patris
305 1230 463 1309 familias,
489 1233 543 1317 qui
567 1233 645 1298 haec
667 1235 913 1310 consarcinavit,
938 1232 1112 1297 sententia:
1137 1224 1182 1295 θοι
1206 1230 1259 1294 οὐκ

66 1333 106 1404 εἷς
148 1339 197 1411 τὴν
229 1340 298 1402 καθ’
329 1338 446 1413 ἡμέραν
477 1337 618 1410 lanciano
640 1341 683 1418 τῷ
708 1338 862 1419 &picco
886 1341 1020 1420 χρῆσθαι
1044 1337 1204 1416 προσήκει,
1230 1344 1288 1402 et.

66 1440 113 1504 ita
144 1444 270 1510 demum
294 1446 451 1530 oppositio
474 1459 558 1510 recte
580 1445 694 1510 babet:
718 1448 792 1510 ἀλλ’
818 1446 1001 1511 οὶιιοιεεῖοθαι
1025 1444 1067 1508 τοὶ
1094 1445 1262 1521 τιαιθτεοοι

52 1546 105 1616 cis
147 1551 294 1630 ἐξαίρετον
326 1550 441 1632 χρόνον.
490 1548 582 1616 Talia
610 1553 749 1637 profecto
772 1550 908 1618 Homeri
930 1551 1028 1617 verba
1052 1552 1166 1615 eximie
1188 1549 1264 1615 illu·

66 1659 187 1735 strant,
217 1657 349 1722 sonasse
380 1659 537 1742 quispiam
562 1657 689 1722 dixerit.
734 1658 781 1723 At
804 1665 879 1723 eunt
902 1657 1053 1723 millenae
1076 1655 1262 1722 huiusmodi

65 1755 320 1839 observationes,
350 1782 413 1827 non
444 1764 552 1827 minus
582 1762 641 1828 hac
666 1764 843 1848 lutiliores‚
866 1762 957 1829 nulla
980 1770 1087 1829 tamen
1112 1767 1180 1827 tam
1203 1762 1264 1828 fes·

65 1862 142 1932 tiva
179 1889 276 1954 qnam
317 1876 365 1933 est
399 1869 476 1933 haec
512 1868 551 1934 ad
584 1869 678 1935 Iliad.
715 1879 739 1935 Ζ
774 1869 837 1935 165
873 1890 968 1956 super
1000 1871 1173 1948 μιγήμεναι
1209 1870 1263 1934 οὐκ

65 1969 229 2057 dissocias,
266 1996 361 2061 quam
396 1977 496 2040 animi
527 1996 621 2041 causa
653 1976 811 2043 adscribo:
839 1984 920 2057 τρεῖς
952 1975 1054 2056 τοθποι
1087 1972 1200 2054 μῖξεονν
1226 1974 1261 2060 (1.

63 2075 127 2154 MS
139 2106 221 2161 soc,
255 2089 351 2166 atque
382 2083 428 2147 ita
457 2082 554 2147 codex
577 2082 808 2170 Scorialensis)·
833 2083 850 2159 ἢ
875 2081 1028 2164 βούλεταί
1050 2105 1095 2154 τις
1120 2083 1165 2160 μὴ
1188 2082 1262 2160 βου·

62 2189 180 2270 outre
210 2197 358 2268 μιγῆναι.
390 2191 429 2259 ὡς
460 2194 510 2253 νῦν
533 2185 618 2261 οὗτος
644 2189 841 2271 λοιδορεῖται·
870 2190 887 2265 ἢ
911 2192 958 2267 μὴ
979 2186 1166 2267 βουλόμενοι
1190 2189 1262 2267 βον-

62 2295 199 2381 calep,
230 2298 269 2367 ὥς
303 2293 475 2366 Ὀδυσσεύς
508 2299 603 2376 »παρ’
636 2299 688 2361 οὐκ
720 2296 827 2361 ἐθέλων
859 2294 1021 2375 ἐθελοθσν”
1046 2295 1094 2380 (ε,
1121 2295 1199 2380 155)
1223 2304 1261 2377 τῇ

62 2399 233 2483 Καλυψοῖ·
264 2401 281 2477 ἢ
306 2403 344 2472 ὥς
371 2400 515 2478 Αἴγισθος
539 2412 577 2483 τῇ
602 2403 865 2488 Κλυταιμνήστρα
888 2403 996 2469 ἐθέλων
1027 2401 1170 2481 ἐθελούσῃ
1206 2402 1261 2487 (y,

61 2493 161 2594 272).
185 2508 449 2586 τέοαιτοιιδὲ
472 2506 621 2589 τρόπος
646 2512 714 2575 οὐκ
739 2506 872 2574 ἔστιν·
897 2508 1027 2581 οὐδεὶς
1053 2509 1130 2589 pap
1153 2506 1262 2575 ἄκων

60 2606 222 2698 &acics
252 2615 465 2693 μίγνυται.
514 2615 622 2701 Atque
651 2616 709 2681 hae
741 2616 933 2704 quisquiliae
960 2618 994 2681 in
1018 2621 1154 2702 quatuor
1176 2614 1261 2681 codi-

60 2713 179 2800 cibus,
209 2721 330 2788 Veneto
361 2720 406 2799 B,
438 2720 641 2800 Scorialensi‚
675 2721 841 2801 leidensi,
866 2720 1058 2808 Harleian0,
1080 2721 1187 2788 locum
1210 2721 1260 2786 in·

61 2834 239 2899 venerunt!
595 2849 596 2852 ’

108 3038 167 3105 Ad
190 3037 326 3105 eundem
350 3056 479 3103 versum
500 3038 534 3100 in
558 3037 624 3103 solo
648 3037 811 3105 Marciano
836 3039 1181 3129 (M)1eguncurhaeo.
1206 3039 1258 3109 dv:

66 3155 115 3213 θΡ·
155 3145 204 3209 καὶ
237 3140 359 3225 μικρόν,
389 3138 425 3205 ἵν’
455 3137 489 3221 ᾗ,
522 3142 604 3207 ἐστὶν
633 3145 695 3209 ἀπὸ
720 3151 773 3211 τοῦ
800 3143 849 3216 dv.
873 3149 911 3220 oa
936 3148 971 3211 τὸ
998 3148 1090 3224 „raer’
1112 3147 1260 3226 ἀμύμονα

66 3246 266 3317 Πηλιῖονιι”.
299 3253 335 3337 (Β
369 3248 461 3332 674.)
502 3247 594 3314 Nihil
633 3255 749 3317 attinet
777 3252 893 3318 horum
925 3254 1113 3331 verborum,
1145 3256 1261 3340 quibus

10 3394 12 3447 ἦ
67 3364 129 3418 nec
164 3364 258 3443 caput
289 3360 413 3421 constat
442 3375 500 3420 nec
530 3376 605 3440 pes,
637 3356 840 3424 difficultates
872 3358 1063 3446 singillatim
1096 3380 1259 3446 exponere.

68 3446 181 3528 Unum
213 3475 363 3551 tangam,
396 3463 421 3525 si
454 3459 493 3526 de
523 3465 612 3529 varia
639 3462 775 3530 lectione
798 3460 836 3530 ὧν
857 3486 913 3551 pro
937 3460 968 3529 θν
991 3466 1044 3531 hic
1067 3487 1170 3533 sermo
1194 3475 1261 3544 est,

69 3564 101 3622 lt
129 3569 267 3636 estsine
290 3568 405 3652 dubio,
429 3567 505 3652 quid
533 3569 594 3633 sibi
617 3569 731 3636 volunt
753 3571 849 3637 verba
874 3593 911 3637 ex
931 3570 1030 3637 lliade
1050 3574 1148 3638 citata
1168 3575 1261 3651 »μετ’

68 3663 219 3749 &adarna
250 3675 411 3750 Πηλείωνα
420 3674 452 3758 ,”
492 3675 607 3760 quibus
641 3683 755 3743 neutra
786 3676 882 3744 lectio
916 3699 974 3743 nec
1009 3678 1171 3744 stabilitur
1204 3701 1262 3745 nec

68 3781 245 3849 evertitur?
276 3783 381 3866 Atque
402 3781 479 3846 haec
503 3788 612 3847 tamen
636 3789 703 3849 tam
729 3784 861 3850 obseura
884 3806 922 3849 ex
945 3783 1165 3850 emendatione
1187 3806 1260 3871 prov

69 3871 158 3951 fecta
187 3897 278 3964 sunt,
315 3887 481 3971 adscriptis
517 3890 614 3953 etiam
647 3887 852 3955 confirmandi
882 3893 989 3978 gratia
1018 3889 1132 3955 scholii
1155 3892 1261 3958 verbis

10 4046 13 4055 .
72 3977 109 4065 β,
152 3991 210 4059 213
245 4000 288 4080 (p.
325 3992 400 4070 101,
426 3994 477 4079 7):
511 3994 582 4073 πρὸς
607 3994 841 4069 descisceretis
874 4000 941 4061 τοῦ
973 3999 1040 4075 ἀφ’
1075 3991 1117 4061 οὗ
1148 3997 1260 4077 γέγονε

10 4140 12 4145 -
76 4087 236 4172 θθλλοντος
271 4101 397 4185 (nempe
428 4101 531 4178 πρήσω
557 4122 575 4166 a
598 4103 820 4189 grammaticis
850 4101 992 4185 fictum),
1018 4124 1098 4188 quae
1121 4109 1154 4170 et
1175 4107 1258 4171 inte·

79 4206 209 4277 terrimo
238 4214 313 4271 sunt
345 4213 376 4271 et
408 4205 491 4271 nihil
525 4206 644 4272 habent
667 4229 740 4272 cum
765 4211 881 4273 vitioso
903 4207 987 4290 ῖνῇ,
1012 4211 1095 4275 ἐστὶν
1117 4212 1180 4276 cini
1204 4217 1258 4278 τοῦ

83 4296 107 4363 lv
133 4327 302 4380 commune.
349 4311 412 4378 Sed
435 4315 561 4379 omissis
583 4314 634 4379 his
657 4317 726 4400 ipss
749 4312 875 4380 Codicis
897 4315 937 4381 M
959 4315 1055 4382 lectio
1086 4319 1260 4385 considere

88 4409 155 4489 tm,
183 4426 217 4486 ut
252 4421 420 4489 videamus
461 4419 576 4505 ecquid
617 4419 691 4486 inde
726 4440 835 4486 eruere
872 4421 966 4489 detur
999 4423 1083 4508 quod
1117 4423 1264 4514 intellegi
