2978 4950
730 229 773 296 94

153 417 264 502 Itaque
295 424 328 483 et
350 421 417 502 ipae
444 421 592 504 -quod
621 427 653 486 et
672 421 886 487 Schmidtium
907 425 1094 487 innuentem
1120 420 1189 486 vidi
1213 422 1258 506 (p.
1287 418 1371 486 118

154 529 186 588 et
218 523 296 609 157)
322 525 555 610 -aliquando
585 528 766 614 cogitabam
797 529 835 594 de
866 536 960 593 ποιεῖν
988 529 1021 592 in
1046 536 1232 604 μεταποιεῖν
1256 528 1376 594 oorri-

155 632 268 719 gando.
316 634 468 698 Attamen
499 655 573 698 oum
604 643 699 698 ποιεῖν
732 633 789 699 illa
820 627 882 719 qua
913 635 981 699 dixi
1005 633 1241 722 significatione
1265 638 1376 699 semel

156 739 198 802 sit
229 739 262 801 in
287 736 439 815 scholiis,
464 760 544 824 quae
568 742 713 806 omnium
738 762 891 806 consensu
915 740 1055 827 Didymo
1080 741 1275 805 tribuuntur
1300 739 1360 826 (Il.

152 853 200 927 A,
232 843 316 908 423:
353 843 419 909 ἔνιοι
451 846 483 910 δὲ
518 851 675 911 ποιοῦσι
719 850 823 925 »μετὰ
855 847 967 912 aaran?
997 867 1053 932 pro
1086 846 1227 934 vulgata
1265 853 1366 913 καπά

153 951 281 1035 δαῖτα),
307 957 338 1015 ei
361 957 460 1015 novies
482 955 516 1016 iu
541 953 750 1018 Aristonioeis
774 953 826 1037 (ll.
851 963 896 1030 H,
922 952 960 1017 9:
981 957 1094 1036 ’Ἀρνητ
1118 951 1164 1017 ότι
1186 953 1368 1028 Ζηνόδοτος

152 1059 182 1120 ἕν
213 1058 270 1134 μὲν
302 1060 343 1138 τῷ
373 1058 542 1139 καταλόγῳ
568 1061 787 1135 πεποίηκεν
814 1059 865 1137 „oi
884 1085 918 1124 τε
942 1059 1187 1140 πολυστάφυλον
1211 1064 1366 1142 Ἄσκρην

152 1163 252 1244 ἕχον”,
278 1164 381 1228 ἕνόάδε
407 1165 439 1228 δὲ
463 1164 549 1229 είασε
572 1169 627 1241 τὴν
647 1170 770 1245 Ἀρνην.
791 1205 832 1217 -
856 1177 894 1241 Θ,
919 1166 984 1232 312
1006 1167 1046 1232 ad
1071 1151 1356 1247 Ἀρχεπτόλεμονε

152 1268 197 1335 ὅτι
223 1272 356 1334 ε’νταῦόα
380 1273 590 1336 καταλέλοιπε
612 1272 771 1347 Ζηνόδοτος
792 1275 1064 1353 Ἀρχεπτόλεμον,
1085 1274 1298 1348 πεποίηκε
1325 1275 1368 1340 δὲ

151 1376 212 1441 ἀνω
227 1379 286 1459 (vs.
303 1375 380 1460 128)
392 1378 542 1456 Ἰφιτίδην
555 1377 825 1456 Ἐρασιπτόλεμον,
842 1386 873 1443 et
885 1380 930 1444 sio
944 1389 983 1463 Δ,
999 1378 1074 1455 123;
1088 1390 1129 1463 Λ,
1144 1378 1200 1456 97;
1213 1388 1256 1457 Ν,
1274 1379 1368 1459 315;

153 1492 199 1553 Ο.
227 1481 291 1546 626
310 1484 456 1567 -quod
478 1483 625 1549 Scholion
649 1483 783 1570 Didymi
807 1484 903 1549 habat
927 1485 1141 1562 Schmidtius,
1168 1485 1368 1553 Aristonici

151 1588 413 1672 Friedlinderue,
446 1592 498 1654 eui
529 1587 719 1674 adstipulor,
748 1612 806 1664 —;
832 1600 875 1663 Π,
904 1589 967 1666 89;
999 1600 1036 1660 Τ,
1060 1590 1146 1668 283;
1173 1603 1220 1676 x,
1246 1590 1362 1679 378),

151 1718 224 1762 oum
257 1698 360 1783 igitur
389 1697 483 1760 όοοία
506 1696 544 1760 de
568 1695 679 1761 eadem
703 1716 736 1760 re
762 1717 889 1760 summa
912 1701 1088 1762 constantia
1112 1698 1226 1763 eodem
1251 1699 1363 1766 modo

151 1807 304 1890 seriptum
340 1804 483 1891 legatur,
520 1802 598 1866 desii
633 1803 805 1866 scribarum
843 1823 978 1867 errorem
1013 1806 1169 1889 suspicari
1206 1824 1246 1869 ao
1283 1808 1361 1871 iam

150 1910 236 1976 malo
260 1913 476 1994 antiquiorum
509 1911 810 1995 grammaticorum,
843 1909 972 1974 fortasse
1007 1913 1110 1994 ipsius
1147 1912 1360 1988 Aristarchi,

150 2018 209 2082 hoo
237 2019 328 2102 quasi
359 2017 470 2092 ίδίωρια
502 2014 627 2079 habero.
673 2013 875 2080 Recentioree
903 2036 994 2089 vero,
1019 2023 1057 2079 ut
1080 2015 1120 2080 ad
1144 2017 1366 2101 propositum

150 2131 305 2207 revertar,
336 2123 375 2188 de
405 2123 503 2187 variis
525 2120 715 2187 lectionibus
737 2141 799 2186 non
822 2120 956 2202 νροίφειν
980 2127 1107 2186 tantum
1132 2123 1188 2187 sad
1213 2129 1249 2188 et
1274 2124 1372 2188 ἀνα-

150 2231 306 2308 γινώσκειν
326 2228 495 2310 adhibont,
515 2233 552 2291 ut
569 2248 600 2291 v.
614 2247 641 2308 e,
665 2251 697 2303 α,
714 2225 795 2290 112:
817 2224 940 2300 ἀμεινόν
953 2234 1047 2306 Φησιν
1061 2229 1244 2306 Ἡρωδιανὸς
1257 2231 1366 2295 ἀνα-

150 2336 365 2413 γινώσκειν
391 2334 464 2411 „aoel
490 2332 644 2415 πρότιόεν,
668 2333 712 2396 ποί
737 2331 769 2396 δὲ
794 2332 854 2381 -”
879 2335 948 2418 (pro
973 2335 1165 2419 προτίθεντο,
1191 2335 1279 2421 ίδέ.).
1310 2373 1354 2386 -

150 2467 183 2518 α,
198 2441 280 2505 32οε
302 2441 315 2504 ὁ
336 2440 392 2514 μὲν
414 2440 618 2518 Ἀρίσταρχος
641 2438 776 2503 ἀνόπαια
796 2440 1060 2518 προπαροξυτόνως
1081 2444 1360 2518 ἀναγινώσκει

149 2547 245 2623 ὄνομα
268 2545 373 2624 όρνιόος
397 2544 498 2624 λόγων
521 2560 589 2609 κτλ.
613 2581 654 2593 -
675 2568 712 2620 α,
728 2544 809 2609 355:
831 2547 859 2608 ἕν
880 2547 971 2626 Τροίη
991 2547 1116 2611 πολλαὶς
1139 2549 1349 2622 ἀδοαστόλως

150 2651 454 2730 ἀναγνωστέον·
477 2653 490 2716 ό
511 2651 573 2731 γὰρ
587 2649 754 2721 Ὀδυσσεὺς
773 2653 824 2714 οὐκ
841 2653 869 2715 ἕν
887 2653 981 2735 Τροία
999 2653 1152 2718 ἀπώλετο.
1168 2692 1211 2702 --
1227 2681 1250 2731 ι,
1271 2656 1358 2722 116.

149 2761 280 2840 λάχεια,
294 2760 420 2824 ἀπὸτοῦ
434 2758 588 2838 λαχαίνω.
602 2754 693 2829 οὕτως
715 2759 993 2834 ἀναγνωστέον.
1010 2761 1079 2844 (cfr.
1093 2761 1132 2826 ud
1146 2785 1174 2836 κ,
1191 2762 1291 2847 509).
1309 2803 1353 2812 -

148 2893 180 2948 ρ,
207 2867 289 2932 455:
323 2867 383 2930 οὐδ’
415 2861 498 2929 ἀλαε
533 2862 624 2935 οὕτως
655 2864 858 2943 Ἀρίσταρχος
888 2865 1094 2941 ἀνέγνωκε
1119 2867 1172 2930 καὶ
1200 2868 1356 2935 ἀπέδωκε

148 2975 218 3046 τοὺς
250 2971 344 3042 ἀλας.
377 2973 390 3036 ό
422 2973 453 3035 δὲ
487 2972 720 3048 Καλλίστρατος
754 2969 920 3052 »οὔδαίαξ
945 2972 987 3034 τά
1012 2971 1133 3051 κόπρια.
1182 2972 1360 3042 Similiter

148 3079 252 3157 λέγειν
279 3083 431 3162 usurpant
454 3082 486 3140 et
509 3076 627 3157 φάναι,
652 3095 732 3160 quae
756 3096 846 3159 parea
865 3080 1102 3162 conspiciuntur
1120 3081 1153 3143 in
1174 3082 1218 3144 iis
1236 3103 1359 3168 gram-

148 3186 338 3251 maticorum
363 3188 507 3248 veterum
528 3183 702 3264 excerptis,
724 3202 803 3265 quaa
824 3181 941 3247 Veneto
963 3185 990 3246 A
1010 3190 1139 3269 accepta
1160 3186 1353 3273 referimus,

147 3291 360 3357 abundantius
383 3288 478 3374 paulo
503 3288 536 3350 in
559 3289 617 3368 iis,
643 3307 722 3370 quae
747 3308 784 3350 ex
808 3288 948 3351 lontibus
974 3293 1080 3371 minus
1103 3293 1244 3378 integris
1271 3315 1353 3380 pro·

147 3399 283 3463 dierunt.
310 3395 394 3461 Nam
417 3403 461 3457 ter
485 3398 609 3458 tantum
635 3413 671 3457 ea
694 3392 805 3456 offendi
829 3396 861 3456 in
889 3393 1056 3480 Didymeis
1081 3417 1120 3461 ex
1155 3396 1284 3465 Veneto
1317 3403 1353 3468 A

146 3505 262 3577 editis,
294 3501 332 3566 ad
365 3511 412 3573 A,
439 3497 522 3561 519:
558 3497 762 3577 Ἀρίσταρχος
792 3497 826 3560 τὸ
848 3499 924 3575 Ἥρη
952 3500 1023 3562 κατ’
1049 3503 1168 3567 εάόεῖἀν
1193 3509 1347 3585 Φησιν,

146 3613 179 3674 οὐ
210 3609 295 3672 κατα
320 3607 438 3678 δοτικήν
463 3619 547 3679 κτα,
573 3625 652 3687 quae
676 3603 795 3689 iisdem,
812 3605 876 3668 fere
900 3607 1005 3670 verbis
1029 3610 1205 3695 perscripta
1230 3611 1348 3699 lagun-

146 3720 199 3779 tur
221 3717 255 3777 in
279 3712 397 3782 Veneto
423 3710 459 3774 B.
475 3747 510 3756 -
529 3710 568 3773 ud
592 3718 636 3792 E,
661 3707 744 3774 227:
766 3706 865 3772 ἵππων
886 3711 1104 3789 ἀποβησομαιε
1130 3716 1345 3798 Ἀρίσταρχος

146 3819 350 3896 ἀποβήσομαι
387 3818 417 3881 δὲ
453 3813 553 3879 ἵππων
588 3815 681 3893 ἔφη·
821 3815 1006 3890 Ζηνοδότειος
1044 3819 1075 3883 δὲ
1108 3824 1123 3893 ἦ
1156 3821 1209 3885 διά
1244 3825 1344 3889 rou}

147 3923 387 4002 ,,ἐπιβάσομαι”.
415 3960 454 3968 -
483 3929 527 3997 ll,
555 3919 634 3984 143:
670 3921 828 4001 ὑποΦόάςε
856 3957 909 3970 --
935 3923 1141 4004 Ἀρίσταρχος
1174 3927 1208 3991 δέ
1241 3938 1342 4010 φησι

145 4031 196 4094 καί
220 4027 409 4113 ῃάναστάςῆ
431 4021 487 4090 οἷον
510 4028 543 4090 εἰς
564 4025 659 4104 λόχου
680 4027 830 4098 ἀναστάς.
867 4027 927 4092 Sed
947 4032 1109 4112 imprimis
1135 4032 1169 4097 hi
1195 4034 1263 4101 duo
1284 4037 1343 4102 loci

144 4134 369 4201 memorabiles
382 4141 473 4198 eunt:
491 4144 521 4214 Β,
536 4131 602 4196 302
617 4134 824 4216 (Aristonici):
839 4131 884 4195 ὅτι
899 4136 1057 4207 Ζηνόδοτος
1071 4139 1148 4215 aaa
1159 4144 1227 4217 Φει
1243 4142 1344 4219 „aaa

144 4241 260 4320 τωρες”,
294 4241 307 4302 ὁ
341 4239 367 4303 δ’
390 4241 526 4316 Ὅμηρος
553 4237 644 4307 οὕτως
670 4239 898 4317 ἕσχημάτικεν·
925 4242 1021 4315 ,,Ζεὺ’ς
1047 4245 1072 4305 δ’
1097 4241 1183 4319 ἀμμ’
1210 4249 1343 4328 ἐπιμάρ.

143 4371 228 4426 τυρος
253 4345 358 4422 ἔστω”,
392 4341 425 4408 οὗ
449 4343 483 4406 τὸ
508 4345 708 4416 πληόνντιιιὸν
736 4344 902 4425 »μάρτυροί
925 4346 1027 4410 ἐστε”.
1054 4349 1106 4412 sic
1132 4348 1278 4419 Venetus
1303 4359 1342 4421 A.
