2978 4950
713 144 779 213 479

144 336 260 412 μαίωνν
292 334 323 401 δὲ
353 333 528 414 προστοίξαν
560 351 641 412 κτλ,
665 338 806 401 oratioue
830 337 868 402 de
892 357 981 402 more
1003 340 1131 421 repente
1152 336 1186 398 in
1208 333 1343 399 indirec-

144 450 213 507 tum
238 463 329 508 verse
352 450 384 508 et
407 446 472 508 iem
496 442 587 508 nulls
610 442 723 513 lacuna
745 444 913 508 statuendo
937 445 1101 529 supererit.
1125 441 1249 525 Nempe
1267 449 1343 506 noto

144 549 399 642 tschygrephice
422 571 478 635 pro
502 551 557 614 καί
580 549 750 634 quemdam
775 549 925 616 fefellisse
952 550 1086 615 videtur.

143 812 145 817 ⁴
193 777 236 838 λ,
262 759 338 826 359.
362 762 425 828 Pro
448 763 607 842 πλεοοτίρρ
631 765 686 828 σὺν
708 765 788 843 χειρί
813 762 1042 849 Aristophanes
1066 762 1216 851 legebat:
1240 780 1344 828 πλειο-

144 867 268 951 since
303 871 406 949 χερσί.
437 869 451 933 ί
481 869 566 947 μετὰ
598 868 730 937 πλεθνονν
763 871 904 936 ἀπελθὼν
934 873 987 935 τοῦ
1017 894 1103 936 ποτε.
1141 869 1199 956 (Η)
1239 868 1344 936 Immo

145 1000 225 1041 τοον
248 1000 335 1044 ποτε.

197 1207 234 1268 λ,
260 1189 337 1256 385.
384 1191 489 1256 Ἀλλὰ
516 1190 569 1253 καί
594 1191 608 1255 ί
634 1190 773 1270 Σίσυφος
798 1191 948 1271 atomos
973 1192 1011 1256 ὣν
1035 1190 1085 1257 διὰ
1106 1191 1138 1255 τί
1158 1187 1342 1270 κολοίζοταν;

145 1297 184 1362 τὸ
218 1295 405 1376 κακότροπον
435 1297 448 1361 θ
481 1300 620 1367 Γλαῦκος
651 1300 705 1362 τοῦ
737 1296 883 1376 προγόνου
914 1300 958 1371 είς
990 1297 1110 1362 σθνεσον
1140 1297 1344 1375 μετήνεγκεν.

147 1401 235 1487 (TV)
262 1403 312 1468 De
341 1424 376 1468 re
399 1405 468 1487 ipse
491 1416 562 1487 poet
586 1403 821 1467 Buttmannum
847 1402 924 1468 olim
949 1404 1110 1489 disputavi
1131 1408 1165 1468 in
1189 1403 1342 1470 Observv.

148 1532 180 1595 p.
214 1508 275 1585 29,
311 1507 411 1574 simul
445 1511 593 1573 correctis
632 1509 730 1574 huius
765 1509 879 1575 scholii
909 1513 1071 1587 extremis.
1119 1510 1212 1576 Nunc
1243 1513 1276 1574 in
1307 1513 1347 1575 iis

147 1637 235 1703 quse
265 1615 415 1702 descripsi
445 1618 572 1682 inverso
603 1615 711 1681 ordine
741 1636 840 1699 eoque
870 1616 1010 1682 ustursli
1034 1620 1190 1703 scriptum
1215 1615 1345 1681 malim:

148 1724 188 1788 τὸ
213 1722 400 1803 κακότροπον
423 1727 475 1786 τοῦ
499 1720 647 1801 προγόνου
671 1722 684 1786 θ
709 1727 848 1793 Γλαῦκος
874 1723 916 1791 είς
941 1722 1006 1786 πνίν.
1031 1726 1242 1807 μετήνεγκεν,
1265 1743 1347 1807 quae

148 1850 216 1918 quo
243 1834 464 1894 consuessent
488 1828 670 1912 accipienda
693 1826 910 1899 Buttmannus
934 1799 1052 1893 dccdit.

200 2057 234 2117 λ,
261 2040 337 2107 428.
384 2041 496 2108 Ulixes
527 2044 778 2131 Agamemnonis
801 2042 898 2108 verbs
920 2042 1016 2107 refert
1039 2042 1123 2128 opud
1147 2043 1263 2109 inferos
1286 2043 1348 2107 sibi

149 2149 231 2215 dots
253 2155 286 2212 et
308 2148 372 2214 alie
396 2155 428 2214 et
450 2149 544 2216 hoec:

336 2255 374 2326 ὣς
398 2259 451 2322 οὐκ
474 2255 633 2322 αἰνότατον
659 2256 710 2321 καί
736 2258 873 2335 κύντερον
896 2256 977 2322 ἄλλο
1001 2257 1144 2334 γυναικός

340 2363 421 2447 [ἥτις
446 2364 481 2437 st
504 2368 637 2428 τοιαῦτα
661 2364 745 2440 μετὰ
771 2363 878 2444 Φρεσίν
903 2362 980 2442 ἔργα
1003 2363 1182 2448 ceineas}

151 2469 350 2536 Ulteriorem
373 2490 501 2535 versum
526 2477 558 2535 et
580 2469 714 2555 plurimi
738 2473 948 2535 recentiorum
973 2475 1194 2554 expunxerunt
1216 2477 1248 2535 et
1268 2470 1349 2535 anti·

149 2585 322 2663 quiorum:
355 2577 407 2642 Ἐν
437 2585 562 2648 πολλοῖς
586 2577 620 2641 οὐ
643 2575 791 2657 φέρεται.
817 2579 854 2647 τίς
881 2577 994 2641 ἐκλύων
1019 2578 1069 2642 τὸν
1094 2578 1201 2654 θυμόν,
1226 2580 1259 2642 οὐ
1284 2579 1348 2666 γὰρ

150 2678 202 2747 θπν
236 2685 307 2760 πρὸς
339 2684 501 2762 θεραπείαν
534 2685 665 2761 Ἀρήτης
699 2683 712 2747 θ
744 2682 930 2753 Ὀδυσσεύς·
960 2685 996 2747 οὐ
1020 2684 1083 2761 γὰρ
1108 2685 1280 2760 αναγκαῖον
1305 2688 1347 2766 τῷ

152 2788 374 2868 ὑποκρινομένῳ
406 2793 447 2855 τί
471 2790 627 2868 πρίσωπον
658 2789 894 2867 ’Λγαραίμνονος
919 2791 1218 2866 περοίστασθαί
1242 2814 1278 2854 το
1303 2793 1351 2855 εί-

151 2903 262 2960 πεῖν.
292 2895 353 2980 (H)
385 2894 435 2960 Ite
464 2896 541 2961 haee
572 2896 606 2961 in
638 2893 842 2960 Diudorfiane
870 2895 1018 2960 eduntur.
1069 2895 1141 2959 Nisi
1167 2918 1219 2962 me
1243 2899 1350 2962 omniu

150 3001 290 3076 fallunt,
333 3001 468 3087 Didymi
510 3003 563 3067 hio
596 3003 693 3067 verbo
724 3009 870 3067 tenemus
902 3023 974 3066 eum
1005 3022 1135 3067 versum
1169 3003 1351 3070 damnantis

152 3111 232 3194 qui,
268 3108 407 3173 Porsouo
440 3109 563 3185 iudice,
599 3108 759 3193 „piofecto
790 3110 935 3173 omnium
967 3109 1032 3173 fere
1066 3111 1121 3194 qui
1153 3130 1210 3195 pro
1233 3114 1350 3195 spuriis

151 3220 309 3280 notentur
327 3213 537 3302 dignissimus
556 3213 861 3302 qui-expungatur.”
884 3213 968 3279 Note
988 3220 1096 3278 temen
1121 3215 1154 3279 iu
1178 3214 1351 3280 Schmidtii

152 3318 284 3406 sylloge
320 3318 531 3389 desideretur.
568 3321 700 3386 fortasse
734 3321 818 3405 quod
852 3340 915 3384 uon
950 3319 1104 3403 habebat,
1138 3321 1214 3407 quid
1246 3323 1351 3387 verbis
1436 3366 1437 3370 =

153 3430 274 3492 misere
294 3429 450 3512 corruptis
465 3428 683 3492 substitueret.
708 3429 858 3491 Attamen
879 3427 1032 3510 dispicere
1044 3427 1127 3491 mihi
1142 3427 1259 3501 videor,
1273 3427 1349 3512 quid

153 3535 391 3622 grammaticus
421 3532 552 3598 dederit.
601 3534 654 3596 Ἐν
685 3542 811 3603 πολλοῖς
845 3533 877 3595 οὐ
909 3532 1057 3615 Φέρεται,
1089 3535 1127 3601 ὥς
1159 3533 1275 3597 ἐκλύων
1298 3533 1349 3597 τὸν

155 3640 263 3717 θνραθν.
288 3640 321 3703 οὐ
344 3639 406 3718 γὰρ
431 3637 476 3705 ὅτι
501 3640 756 3719 episcoparetur
776 3637 905 3718 Ἀρήτης
927 3637 1100 3715 είρνρταν.
1121 3641 1154 3703 οὐ
1174 3640 1236 3719 γαρ
1250 3641 1350 3717 οἰναγ-

156 3752 246 3810 καΐον
268 3747 310 3816 τῶ
337 3746 551 3826 ὑποκρινομένῳ
573 3745 608 3808 τὸ
633 3744 790 3823 πρόσωπον
811 3743 1047 3822 Ἀγαμέμνονος
1065 3746 1349 3825 παρίστασθαι

156 3850 177 3918 θ’
205 3876 245 3917 τι
277 3847 406 3928 είπεν,
438 3871 518 3937 quse
550 3853 754 3935 antiquorum
787 3853 1073 3938 grammaticorum
1104 3856 1137 3914 et
1160 3851 1349 3917 brevitatem

157 3966 193 4026 et
216 3958 380 4023 indicendi
404 3960 572 4023 sanitatem
597 3956 734 4022 feliciter
757 3956 908 4021 referunt.
956 3956 1139 4021 Eiiciendus
1161 3977 1272 4022 versus
1294 3965 1351 4035 est,

157 4067 276 4151 inquit.
323 4063 395 4128 Non
426 4065 511 4128 enim
534 4083 570 4128 so
595 4061 826 4146 defendendus,
852 4062 935 4146 quod
958 4061 1068 4127 Ulixes
1092 4062 1177 4127 hunc
1201 4063 1289 4128 addit
1312 4085 1352 4129 nc

156 4173 275 4238 Aretes
308 4171 454 4235 animum
490 4167 636 4235 offendat.
684 4167 812 4233 llteuim
848 4188 910 4232 non
947 4189 985 4233 er
1021 4189 1079 4233 sus
1103 4190 1186 4233 nuno
1210 4167 1352 4253 loquitur

160 4297 296 4366 persono
325 4276 381 4342 ssd
409 4297 448 4342 ex
478 4277 747 4364 Agamemnonis,
776 4294 877 4360 neque
900 4294 980 4363 opus
1003 4279 1051 4340 est
1074 4279 1111 4338 ut
1133 4274 1231 4349 huius
1254 4276 1353 4343 dicto·
