2978 4950
703 146 770 218 ate

144 338 272 427 quidem
305 338 346 406 ad
369 359 475 406 meam
498 343 647 407 notitiam
670 346 896 428 pervenerunt,
919 345 1043 409 eertum
1067 347 1101 409 et
1123 342 1244 409 vitium
1267 358 1311 408 ει

145 448 372 534 deprehensum
408 455 440 513 et
470 452 646 515 remedium
677 447 833 514 adlatum.
879 450 929 514 ad
959 467 1096 527 versus,
1129 468 1210 536 qnos
1242 468 1311 515 unu

144 557 278 640 quisque
312 554 376 620 fere
410 558 497 620 tenet
527 556 728 620 memoriter:
759 556 806 624 τίς
837 552 909 633 τ’ἀρ
939 553 1023 641 (πάρ)
1058 562 1146 636 σφωε
1169 558 1244 620 θεῶν
1268 553 1309 635 tp

146 659 271 737 ξυνέηκε
295 660 478 742 aexterae
511 662 529 735 ΙΙ
551 665 672 736 Λητοῦς
696 661 748 725 κοί
774 659 845 732 Διὸς
870 662 942 733 υίύς.
966 676 1037 726 κτλ.
1060 663 1212 728 observat
1234 682 1311 751 grau

138 768 284 833 ‚matieus
315 768 420 833 neseio
446 769 534 852 quis:
565 767 615 833 έπί
639 768 674 833 τδ
694 767 919 845 διηγηματικὸν
941 768 1053 846 μετιὼν
1077 769 1258 847 ὑποβάλλει
1282 791 1311 833 τι

146 874 300 952 διηγήσεις
332 873 544 951 οιύτομάτσυς,
574 872 623 939 tva
647 875 692 952 μίρ
715 875 786 955 δοκῇ
810 883 872 946 τοῖς
896 875 1037 940 ἀκούουσι
1061 877 1227 955 προσκορίρς
1253 870 1311 940 είνι

145 979 259 1045 ἀλλά
297 978 348 1045 διά
383 979 518 1053 πεύσεως
555 981 607 1045 κοιί
641 981 826 1060 ἀποκρίσεως
859 980 910 1045 τδν
947 988 1004 1046 τῶν
1041 981 1240 1062 ἀκροωμένων
1275 986 1311 1046 νοί

145 1086 294 1164 ἀνοιρτῶν,
319 1084 372 1149 κοί
398 1084 480 1164 ὑψῶν
504 1085 616 1159 ιιύτοὺς
642 1085 780 1168 πρίτερον
807 1096 846 1167 τῇ
870 1087 990 1164 πεύσει,
1015 1082 1085 1153 είτοι
1104 1090 1160 1164 τίρν
1179 1086 1311 1167 ἀπύκρισ

147 1189 286 1268 ἐπάγων.
334 1189 424 1270 Quod
449 1193 504 1276 qui
529 1193 575 1256 ita
594 1191 690 1275 dioit,
714 1191 796 1257 nihil
819 1191 908 1257 dicit.
945 1192 1120 1282 Subiungit
1142 1195 1311 1259 narration

149 1332 190 1344 -
214 1297 385 1381 inquit-
411 1304 539 1382 sponte,
563 1297 769 1382 simpliciter,
794 1300 861 1362 sine
885 1310 970 1381 arte,
994 1299 1107 1383 idque,
1132 1302 1161 1363 si
1189 1299 1252 1364 (lis-
1272 1297 1311 1384 pl

148 1404 216 1480 oet,
249 1421 289 1467 ne
319 1401 489 1468 lectoribus
519 1403 660 1468 taedium
685 1403 806 1468 afferet.
852 1402 1026 1490 Subiungit
1049 1411 1158 1470 autem
1184 1425 1238 1470 eas
1261 1407 1311 1471 sin

148 1508 286 1594 pliciter,
309 1545 349 1558 -
369 1510 423 1572 aed
443 1529 499 1595 per
521 1511 801 1597 interrogationem
824 1515 856 1575 et
881 1508 1132 1595 responsionem!
1159 1510 1241 1591 Quis
1264 1510 1311 1577 ba

150 1611 343 1700 concoquat?
373 1612 573 1682 Contrarium
599 1616 682 1680 dixit
705 1622 828 1691 aneton,
853 1621 954 1682 artem
978 1621 1088 1701 poetae
1110 1619 1178 1682 iarn
1202 1617 1280 1682 inde
1308 1648 1311 1675 2

150 1722 244 1787 initio
275 1720 442 1799 extollens,
476 1723 526 1787 έπί
559 1725 592 1786 τδ
616 1722 840 1800 δικριρμοιτικδν
864 1724 974 1799 μετιὼν
999 1722 1175 1799 ὑποβάλλει
1199 1728 1261 1794 τάς
1281 1722 1311 1787 δ.

152 1829 259 1906 ρύσεις
281 1829 307 1911 (ο
318 1828 373 1911 ύκ)
392 1827 598 1904 αὐτομάτους,
612 1864 632 1878 -
647 1863 666 1878 ·
680 1864 699 1878 -
719 1829 830 1892 ἀλλά
849 1828 900 1892 διά
920 1826 1055 1900 πεύσεως
1073 1829 1125 1892 κιιὶ
1139 1829 1311 1910 ἀποκρίσει

152 1937 257 2020 Atque
286 1934 346 1999 hoo
376 1933 505 2019 quidem
535 1940 679 2018 apertum
703 1955 770 2000 esee
791 1935 941 2019 arbitror,
966 1956 1050 2001 nuno
1072 1938 1225 2002 omissam
1247 1956 1311 2024 neg

150 2043 271 2107 tionem
294 2043 328 2106 in
351 2040 487 2106 Soholiis
509 2040 548 2105 ad
572 2038 745 2127 Odysseam
773 2043 1034 2129 pervestigemus.

196 2148 302 2237 Ign'tur
320 2147 408 2213 deest
428 2149 460 2211 ού
481 2145 520 2211 ed
544 2145 568 2224 β
595 2146 674 2211 17οι
701 2149 734 2212 ού
756 2149 820 2226 γάρ
844 2150 1006 2228 ἀπείρητος
1030 2148 1240 2227 μαντεύομαι,
1264 2149 1311 2213 ά)

153 2251 186 2320 εὖ
210 2253 310 2336 είδύς,
334 2253 372 2318 ad
397 2273 477 2339 quae
499 2251 549 2316 H:
576 2288 630 2303 --
653 2254 691 2325 ὥς
716 2256 914 2338 συνεχῶς,
946 2255 1040 2329 ἤγουν
1072 2253 1213 2333 ἀπειρος,
1246 2256 1311 2321 οούπ

153 2360 360 2438 μωντεύομοιι.
383 2359 494 2443 Neque
517 2360 679 2438 ἀπείρητος
704 2363 877 2445 nequeatis
898 2361 1059 2438 ἀπείρητος
1081 2359 1242 2448 signifieat
1259 2384 1311 2426 συν

155 2474 239 2550 χῶς,
272 2467 326 2531 sed
358 2467 509 2531 eorrectio
539 2468 746 2551 inpromptu
770 2473 834 2532 est:
860 2468 898 2537 ὡς
922 2467 1105 2551 συνετός,
1130 2468 1225 2546 ἤγουν
1250 2467 1311 2551 (οὐ

153 2573 291 2651 ἄπειρος,
318 2573 410 2642 οιύτδς
436 2571 643 2647 μοιντεύομκι.
665 2609 705 2620 -
730 2571 851 2636 Iterum
877 2573 965 2637 de'e‘st
988 2598 1005 2644 ν
1032 2573 1091 2637 14;
1116 2575 1169 2638 sal
1193 2575 1206 2638 ί
1230 2575 1287 2651 ἀὴρ

155 2680 207 2743 aa>
233 2683 249 2753 ἡ
275 2680 331 2756 ἀίιρ
355 2678 390 2740 τδ
415 2677 502 2741 οούτύ.
530 2679 626 2755 ύάὶρρ
650 2679 713 2756 yso
739 2681 755 2753 si
787 2680 927 2757 ἀορκσίοο,
954 2680 966 2742 ί
992 2681 1047 2755 ἀὴρ
1073 2680 1098 2743 εί
1131 2683 1175 2755 μὴ
1208 2678 1274 2761 ἔχει

153 2784 294 2865 φωτίζον.
319 2784 371 2869 (Ε)
395 2781 595 2866 Discrimen,
619 2784 702 2869 quod
726 2783 870 2848 nonnulli
893 2786 1092 2868 statuebant,
1115 2785 1232 2851 melius
1249 2805 1311 2869 exp

155 2894 253 2956 situm
276 2895 323 2953 est
348 2890 387 2952 ab
410 2887 580 2972 Apollonio
603 2887 751 2973 Sophista
776 2893 797 2953 i.
811 2912 841 2955 ν.
866 2897 898 2954 at
921 2891 973 2954 hic
998 2893 1232 2967 confusissime;
1260 2889 1311 2956 illr

156 3003 263 3062 tamen
287 3001 433 3080 apparet,
458 2996 628 3060 discrimen
653 3017 719 3060 esse
744 3003 919 3078 statutum,
944 3000 1166 3082 quamobrem:
1195 3001 1284 3076 ίάίρρ
1309 3036 1311 3055 ι

156 3104 208 3169 κοιί
234 3106 250 3177 ἡ
275 3105 331 3178 ἀὴρ
355 3103 419 3186 (ού)
444 3101 477 3164 τὸ
502 3100 579 3165 ariri
603 3104 709 3166 verius
732 3104 801 3165 erit.
831 3140 872 3149 —
898 3101 1024 3167 (lertius
1055 3111 1102 3168 est
1133 3109 1146 3167 t
1173 3104 1256 3182 246,
1285 3102 1311 3167 ul

154 3210 309 3275 Alcinous
331 3208 435 3273 Ulixi:
461 3209 492 3271 ού
510 3209 573 3285 γάρ
595 3208 763 3286 πυγμάχοι
785 3209 868 3283 είμέν
888 3209 1043 3285 ἀμύμονες
1065 3211 1132 3274 oter
1152 3227 1311 3275 πκλοιιστυ.

153 3318 203 3384 Ad
234 3318 310 3381 haec
342 3314 468 3399 quidam
501 3316 534 3376 in
563 3312 607 3377 T:
640 3315 812 3393 ἐφύσιιμεν.
845 3316 896 3378 ούκ
922 3314 975 3387 ἤδη
999 3319 1053 3387 τὴν
1078 3316 1208 3392 δύνωμιν
1231 3315 1311 3382 ’Λλκί

154 3448 214 3495 νοος
240 3421 418 3497 ἐσεμνύνετο
442 3420 506 3498 περί
533 3426 589 3483 τῶν
614 3420 693 3484 ίδίων
717 3427 858 3501 πολιτῶν,
883 3421 973 3483 ὀπύτε
998 3421 1028 3484 δὲ
1061 3422 1138 3499 ἔγνω
1173 3423 1311 3488 ε’λάττονο

154 3528 323 3611 πεφηνέναι
355 3526 425 3597 τοὺς
462 3526 603 3597 Φιιίοικιις
636 3532 688 3590 τοῦ
722 3525 903 3609 Ὀδυσσέως,
937 3528 1100 3603 προσέύνκε
1132 3531 1166 3593 τὸ
1201 3531 1311 3607 „epto

154 3636 236 3719 νες”,
267 3636 327 3713 οὐχ
352 3632 551 3714 ύπερέχοντές
576 3632 678 3709 ἔσμεν.
725 3633 834 3697 Priora
857 3654 948 3696 sensu
974 3654 1060 3697 casse
1084 3655 1122 3697 er
1146 3636 1252 3702 codiee
1273 3640 1311 3722 ips

155 3744 348 3829 peritissime
377 3742 423 3804 ita
454 3741 594 3804 restituit
626 3739 847 3803 Ludwiohius:
882 3742 942 3816 ἐφ’
976 3737 1063 3802 ίσον
1087 3742 1159 3814 μὲν
1183 3743 1237 3806 οὐκ
1260 3744 1311 3825 ᾖδε

157 3852 222 3934 τὴν,
241 3849 368 3923 δύνοιμιν
398 3847 553 3917 Ἀλκίνοος
577 3846 754 3923 ἐσεμνύνετο
780 3847 846 3916 περὶ
871 3851 929 3908 τῶν
954 3845 1031 3909 ἰδίων
1055 3855 1198 3913 πολιτῶν.
1234 3848 1311 3913 Inu

156 3955 245 4020 timis
275 3973 409 4038 pervum
440 3952 592 4016 mendum
623 3951 770 4017 relietum
804 3959 860 4017 est.
908 3952 970 4017 Res
1003 3955 1089 4016 enirn
1123 3957 1192 4040 ipsa
1226 3955 1311 4020 clami

156 4062 251 4126 scribi
283 4065 439 4143 oportere:
471 4055 564 4121 δπύτε
593 4057 624 4121 δὲ
648 4056 724 4135 ίγνω
751 4059 920 4129 ἐλάττονας
946 4059 1117 4136 πεφννένοιι
1143 4084 1172 4123 τ.
1199 4063 1311 4126 Φκίοικι

157 4192 185 4232 τ.
215 4165 403 4240 Ὀδυσσέως,
437 4165 599 4242 προσέθηκε
624 4166 657 4228 τὸ
685 4168 799 4249 ,(ούκ)
829 4168 985 4239 ἀμύμονες
1000 4165 1031 4240 ,”
1056 4169 1116 4247 οὐχ
1143 4169 1311 4248 ὑπερέχοντι

156 4277 259 4349 έσμεν.
293 4308 324 4317 -
360 4271 476 4336 κῖίΟῦ.
524 4269 675 4337 Servatur
703 4271 809 4335 Ulixes
833 4295 850 4336 a
876 4273 1039 4334 fraudibus
1064 4273 1189 4344 Circes,
1215 4286 1311 4363 accepi
