2978 4950
728 292 732 297 ·
772 258 838 330 158

205 453 277 536 quis
299 449 422 517 nescit?
446 474 519 517 cum
544 452 660 519 Ovidio
681 454 832 529 dixerim,
858 453 966 538 quiin
987 449 1281 534 Metamorphoseon
1303 447 1325 513 l.
1348 456 1352 476 '
1405 468 1460 493 ’Ν
1477 470 1489 519 ι

205 559 264 643 (vs.
292 555 367 623 690
401 562 500 645 seqq.)
535 560 668 626 eandem
704 559 845 625 subulam
883 578 945 623 non
980 557 1084 623 solum
1116 554 1314 621 luculentius
1346 603 1351 611 »
1396 598 1431 620 ;
1449 598 1489 627 ,n

204 667 301 732 otiam
332 667 462 730 uberius
490 670 640 732 narravit.
688 667 813 731 Procris
844 664 980 751 pelicem
1010 666 1055 729 sic
1078 664 1220 728 invocari
1242 664 1475 749 suspice-:s

203 775 237 838 in
260 773 424 839 frondibus
448 796 481 839 se
505 774 713 840 abscondidit.
738 773 857 839 Marito
881 776 999 837 iterum
1024 792 1136 837 auram
1159 773 1336 847 invocante,
1441 834 1455 857 ,

203 881 271 966 ipse
294 888 419 958 narret,
446 917 487 929 -

507 986 620 1053 Subito
643 991 786 1076 gemitus
809 990 893 1052 inter
915 1007 988 1052 mea
1011 987 1109 1052 rerba
1132 984 1266 1051 ridebat

299 1092 414 1157 Nescio
437 1112 516 1177 quos
538 1094 672 1158 audisse.
699 1093 822 1170 „Veni”
847 1102 954 1158 tamen
980 1090 1138 1179 „optimal
1163 1092 1243 1157 dixi.

295 1199 418 1264 Fronde
440 1198 546 1264 levem
571 1221 681 1265 rursus
704 1203 875 1286 strepit-um
899 1201 1035 1266 iaciente
1059 1200 1178 1265 caduca

294 1304 375 1371 Sum
397 1312 485 1370 retus
508 1327 575 1370 esse
599 1307 717 1384 feram,
742 1305 908 1393 telumque
932 1306 1063 1373 volatile
1086 1308 1172 1371 misi.

296 1411 423 1478 Procris
445 1418 522 1478 erat.
547 1412 718 1499 Medioque
741 1420 851 1478 tenens
873 1418 907 1478 in
932 1422 1056 1499 pectore
1082 1411 1215 1489 vulnus,

298 1518 382 1596 „Hei
406 1520 488 1584 mihi
498 1517 523 1583 l’'
548 1520 737 1586 conclamat.
763 1520 834 1585 Vox
860 1528 907 1585 est
930 1521 987 1584 ubi
1010 1521 1139 1607 cognita
1161 1517 1243 1584 fidae

296 1623 466 1713 Coniugis,
491 1627 530 1691 ad
555 1648 665 1692 vocem
690 1648 837 1711 praecepa
862 1647 1032 1712 amensque
1055 1628 1197 1697 cucurri,
1222 1662 1242 1675 ·
1256 1659 1307 1676 ··

344 1768 364 1781 -
378 1768 398 1782 ·
422 1748 455 1798 et
478 1754 614 1798 errorem
641 1741 710 1797 tum
735 1733 870 1817 denique
892 1735 1032 1797 nominis
1050 1753 1118 1796 esse

262 1910 266 1919 ,
296 1838 338 1903 Et
362 1843 444 1904 sensi
469 1851 501 1904 et
523 1840 627 1905 docui.
651 1838 714 1904 Sed
737 1840 813 1924 quid
839 1840 982 1904 docuisse
1005 1838 1162 1904 iuvabat?

296 1945 449 2023 Labitur,
475 1956 507 2011 et
531 1966 646 2031 parvae
670 1947 802 2033 fugiunt
826 1967 901 2011 cum
925 1948 1079 2032 sanguine
1103 1947 1195 2010 vires.

295 2050 445 2136 Dumque
469 2052 590 2136 aliquid
616 2062 757 2137 spectare
781 2060 902 2138 potest,
928 2074 981 2117 me
1004 2058 1144 2137 spectat,
1167 2058 1201 2117 et
1222 2054 1258 2117 in
1280 2072 1330 2118 me
1418 2078 1422 2083 ·

299 2157 465 2223 Infelicem
491 2162 631 2224 animam
656 2166 825 2244 nostroque
850 2158 978 2224 exhalat
1000 2161 1034 2223 in
1058 2179 1120 2224 ore.

298 2262 360 2329 Sed
384 2264 478 2329 vultu
503 2265 634 2331 meliore
657 2272 740 2330 mori
764 2286 875 2330 secure
897 2266 1034 2332 videtur.

208 2373 226 2446 ἡ
251 2369 283 2434 δὲ
307 2371 424 2448 ἱστορίαι
448 2375 536 2449 scca
561 2372 710 2450 Φερεκύδῃ
729 2371 759 2434 ἒν
780 2372 907 2451 ἑβδόμῃ.
938 2410 975 2419 -
1001 2370 1099 2457 ¹Porro
1119 2395 1138 2433 c
1157 2369 1225 2436 229
1245 2372 1285 2437 ad
1303 2360 1456 2441 κμέῦι

206 2478 233 2541 δ’
261 2475 307 2540 ἔτι
340 2479 442 2551 νήπιος
473 2473 513 2549 ἦε
535 2481 623 2543 varia
647 2478 741 2543 lectio
765 2478 886 2566 legitur
909 2478 1004 2543 haec:
1031 2479 1192 2556 γρὰΦετνιι
1220 2479 1301 2560 (καὶ
1323 2476 1451 2553 ima.)

208 2585 334 2661 „ccipere
370 2584 401 2647 δέ
434 2608 467 2647 κε
499 2585 600 2657 νήπιος
634 2584 729 2657 εἷκν.”
874 2585 979 2661 μὲγκς
1005 2584 1054 2666 δέ,
1080 2584 1144 2659 ἤτοι
1170 2585 1275 2662 με’γνις
1300 2584 1336 2649 ὢν
1418 2586 1449 2656 τῦ

207 2693 325 2772 ἡλικίᾳ,
347 2692 363 2764 ἢ
386 2688 513 2753 dilexero
534 2692 603 2753 uxi
629 2692 861 2761 ἕκιτὰνεως
889 2692 951 2776 {s’rrl
978 2691 1095 2759 τὰεεεις
1121 2690 1160 2770 Q)
1187 2686 1266 2757 eluar
1292 2692 1445 2770 μέγας

206 2797 304 2875 μωρὸς
340 2797 408 2860 cias)
447 2804 498 2860 τοῦ
534 2797 617 2861 arduo
652 2797 793 2879 ἀνόητος,
827 2800 864 2868 ὥς
897 2799 949 2862 καὶ
983 2800 1012 2862 ἐν
1043 2807 1082 2876 τῇ
1123 2799 1275 2882 σννηθείᾳ.
1301 2794 1390 2879 (IL
1404 2785 1446 2872 (ἁ)

206 2903 369 2969 Sententia
400 2906 468 2988 ipsa
498 2912 621 2968 tantum
649 2925 709 2968 non
733 2904 851 2969 clamat
875 2906 1096 2991 corrigendum
1122 2927 1207 2970 esse:
1229 2906 1247 2981 ἢ
1272 2906 1387 2970 δύνει
1405 2914 1446 2955 W

207 3012 294 3073 κατ’
321 3011 515 3074 ἐπίτασιν
539 3006 615 3074 εἶναι
642 3010 745 3086 μέγας
771 3013 867 3088 μωρὸς
888 3013 954 3074 cirri
978 3015 1030 3074 τοῦ
1051 3011 1133 3075 essu
1155 3009 1292 3085 ἁνὰκτνς.
1316 3010 1349 3077 (5
1378 3018 1447 3062 1111]

207 3119 279 3181 κατ’
308 3120 341 3180 iu
373 3117 423 3180 scri
450 3118 597 3188 abiisset,
623 3118 848 3202 compendium
873 3118 1103 3182 terminationis
1127 3117 1212 3183 male
1237 3117 1351 3204 explet
1366 3124 1448 3168 ‘'lm

207 3231 254 3288 est
287 3226 320 3286 in
356 3222 406 3298 H;
442 3225 544 3288 scriba
575 3224 692 3288 codicis
720 3223 747 3303 Q
779 3232 985 3289 correctorem
1020 3245 1117 3311 agens
1147 3225 1236 3289 dedit
1267 3228 1319 3290 xci
1410 3210 1448 3274 3²³

206 3330 337 3400 τάσεως.
352 3367 393 3378 -
413 3328 574 3394 Ultimum
596 3331 692 3395 huius
709 3332 900 3396 confusionis
922 3331 1005 3415 quod
1025 3331 1205 3397 notabimus
1216 3333 1342 3419 exempl
1366 3337 1449 3383 ‘¹¹ss²

208 3444 255 3503 eat
281 3463 302 3500 ω
328 3435 413 3500 419;

275 3543 345 3616 τοὺς
372 3543 397 3605 δ’
423 3544 457 3626 (i.
472 3564 498 3607 e.
522 3548 710 3629 μνηστῆρες)
737 3544 769 3619 ἐξ
792 3545 919 3610 ἁλλὰων
943 3546 1054 3609 πολίων
1078 3541 1191 3610 οἶκόνδε
1215 3543 1367 3611 ἕκαστον

278 3652 402 3725 πέμπον
425 3646 515 3727 ἁγειν
539 3650 660 3716 ἁλιεῦσι
684 3654 750 3725 θοῆς
776 3652 826 3715 ἐπὶ
852 3653 934 3724 onoc)
960 3651 1099 3723 τιθέντες.

207 3758 257 3823 Ad
280 3759 358 3822 haec
380 3760 413 3820 in
438 3755 516 3837 HQ:
542 3758 641 3830 ἁλιεῖς
667 3766 774 3822 καλεῖν
798 3757 983 3823 εἰώθασιν
1008 3759 1057 3822 ὁτὲ
1082 3759 1139 3830 μὲν
1162 3759 1234 3825 τοὺς
1259 3744 1440 3840 ἰχθνψβὸ·

208 3879 297 3938 λιυς,
321 3862 370 3935 οὓς
395 3863 447 3925 καὶ
474 3865 601 3938 ,ἁλιῆες
626 3872 723 3928 κοῖλον
748 3866 777 3933 ἐς
804 3865 949 3941 νιῖγιιιλὸν
970 3872 1075 3938 πολιῆς
1099 3862 1222 3930 ἔκτοσθε
1242 3866 1434 3932 tcadrcrr

207 3970 316 4048 δικτύῳ
342 3969 533 4048 ἕξειρνσσοιν”
559 3971 597 4052 (χ
618 3970 683 4034 384
704 3992 787 4055 seqq.
812 3972 869 4035 ubi
892 3993 993 4035 nuuc:
1020 3969 1189 4053 ε’ξὲρινσκν),
1212 3974 1262 4038 ὅτε
1282 3975 1313 4039 δὲ
1331 3962 1425 4038 falc

207 4076 439 4157 κλιϊζιμένννς.
468 4078 519 4151 „ds
545 4076 571 4140 δ’
596 4076 700 4155 ε’ρέτκς
726 4078 840 4150 ἁλιῆας
864 4078 1053 4154 ἁγείρωμεν”
1078 4080 1115 4162 (rr
1140 4077 1217 4163 349,
1243 4061 1414 4145 obinunt

207 4191 292 4251 recto
311 4185 498 4260 ἀγείρομεν).
520 4189 570 4247 νῦν
592 4183 620 4246 δ’
641 4184 834 4263 ἑκὰτερνν
855 4185 999 4265 ἐγχωρεῖ.
1024 4183 1095 4249 Duc
1108 4187 1141 4249 iu
1154 4185 1205 4250 his
1217 4178 1400 4275 corrigenda

207 4297 291 4358 sunt.
340 4291 488 4355 Primum
517 4290 615 4361 ἁλιεῖς
650 4300 757 4355 καλεῖν
790 4291 839 4354 ὁτὲ
869 4292 925 4366 μὲν
949 4290 1018 4357 τοὺς
1042 4291 1264 4371 ἱχθνοβόλννς,
1296 4295 1344 4358 διε
1367 4288 1392 4355 δὲ

208 4400 277 4473 τοὺς
301 4396 517 4477 πλιϊζομένινς
543 4417 605 4462 non
629 4397 776 4482 risitaret,
801 4397 855 4463 sed
888 4397 1043 4482 εἴωθεν,
1076 4420 1191 4484 nempe
1224 4402 1238 4467 ὃ
1268 4400 1386 4476 tresde.
