2978 4950
717 194 781 267 1⁹8

152 410 255 456 errore
289 390 328 454 ad
362 389 464 472 φρόνιν
495 388 652 465 traheret,
683 408 768 455 nunc
798 387 985 467 κατθφρονιν
1018 391 1041 454 i.
1053 409 1085 473 q.
1114 384 1328 468 καταφρόνησιν

151 502 278 584 poetam
310 497 427 562 dixisse
458 496 520 560 sibi
552 498 718 580 persuasit
768 494 851 561 Vera
881 498 1100 581 interpretatio
1123 496 1257 561 fortasse
1279 492 1328 558 He

152 604 318 669 rodiauum
341 603 438 669 habet
461 607 640 678 auctorem,
664 603 693 665 si
717 601 911 689 Etymologo
939 601 1059 690 Magno
1091 599 1169 667 fides
1200 599 1328 666 habenda

151 716 201 776 est
229 713 276 776 ita
306 710 470 775 scribenti:
505 707 662 784 Φρθνιςε
693 704 832 788 Ὅμηρος
864 710 971 786 ,sarsi
1002 708 1105 789 Φρθνιν
1137 708 1246 785 ἤγαγε
1270 721 1328 772 πολ

152 815 247 890 λην”;
276 854 319 866 -
344 817 357 881 θ
390 815 447 890 μὲν
480 814 657 890 Ἡρωδιανὸς
681 816 769 894 παρὰ
791 819 847 889 την
870 815 1032 899 Φρόνησιν,
1056 818 1143 880 κατὰ
1166 814 1325 892 συγνωπθο

152 925 166 989 θ
199 923 231 988 δὲ
256 919 382 1002 Ὦρος·
406 922 440 986 ἐκ
463 928 519 996 τῆς
543 921 642 1000 φριθν,
668 921 793 1002 Φρσνθς,
817 931 941 999 γενικῆς
964 923 1088 999 γίνεται
1112 921 1227 1001 Φρθυις.
1275 919 1328 985 Ntt

149 1037 258 1096 autem
289 1029 349 1094 hoc
379 1027 553 1093 admodum
584 1026 712 1092 infirmo
743 1029 875 1094 tibicine
899 1027 984 1094 ultro
1008 1027 1162 1102 concedo,
1185 1030 1328 1112 itaquae

149 1140 222 1223 quis
245 1133 339 1201 malit
361 1134 421 1200 hoc
444 1155 506 1199 non
530 1133 656 1199 credere
679 1155 714 1199 ac
739 1137 844 1219 potius
868 1137 1001 1200 sanioris
1022 1134 1234 1200 enarrationis
1255 1131 1328 1196 Aris

145 1243 295 1309 tarchum
328 1239 444 1306 habere
472 1246 656 1326 parentem,
688 1243 791 1323 cuius,
810 1244 1000 1306 sententiam
1031 1238 1237 1309 Herodianus
1268 1258 1328 1324 qua

148 1370 272 1436 cunque
295 1348 424 1413 tandem
449 1348 487 1412 de
512 1368 605 1413 cansa
629 1346 790 1431 retulerit,
814 1368 876 1413 non
900 1348 1093 1436 repugnabo.

78 1591 82 1600 ·
196 1560 230 1636 ὃ,
264 1557 343 1626 744.
373 1559 390 1634 ἢ
420 1559 459 1624 θα
482 1561 512 1624 ἐν
538 1558 683 1639 μεγάροις
708 1559 786 1632 τινὲς
809 1559 972 1625 δασύνουσι
996 1561 1032 1626 τὸ
1057 1559 1075 1636 ἦ
1098 1562 1137 1633 ὥς
1161 1558 1284 1641 ἄρθρον,
1304 1558 1328 1624 τι

149 1666 181 1729 δὲ
216 1665 254 1729 ἔα
288 1666 402 1751 [ῥῆμα]
436 1666 554 1745 πρώτου
585 1666 742 1742 προσώπου
773 1667 890 1746 φασίν,
922 1664 958 1731 ἵν’
988 1664 1025 1748 ᾗ,
1051 1664 1116 1742 ἥτις
1141 1667 1224 1745 ἥμην
1246 1668 1328 1747 ἱστᾷ

149 1771 288 1852 μεγάρῳ.
313 1771 408 1856 (Po.)
431 1772 490 1837 Hst
512 1770 653 1837 scholion
677 1793 716 1836 ex
739 1771 921 1839 Herodiano
944 1781 1148 1859 excerptum,
1171 1776 1208 1838 in
1230 1792 1325 1860 quos

151 1880 438 1964 interpunctionem
471 1881 611 1953 mutavi,
647 1916 690 1928 —
719 1879 802 1963 apud
833 1877 1050 1952 Dindoriium‚
1082 1884 1173 1966 quasi
1198 1878 1328 1948 absoluti

152 1985 327 2069 sententia,
357 1990 513 2070 punctum
545 1991 612 2050 erat
640 1990 712 2070 post
742 1983 859 2064 ἄρθρον,
885 2022 928 2037 -
952 1990 985 2052 et
1006 1990 1092 2066 ρ’νῑροα
1115 1986 1328 2054 secludcuduu

150 2092 266 2157 iudico.
313 2089 554 2157 Observandum
585 2096 763 2176 praeterea,
795 2089 895 2171 ἄρθρον
927 2092 1034 2159 valere
1063 2114 1228 2176 pronomen
1260 2093 1328 2158 σσθι

152 2199 253 2263 ticum.

195 2405 227 2483 δ,
256 2404 333 2473 754.
359 2403 479 2471 Suadet
502 2404 660 2492 Euryclea
681 2406 873 2492 Penelopae,
897 2429 937 2474 ne
961 2408 1084 2475 Laidis
1102 2409 1263 2476 auxilium
1281 2411 1328 2475 im

148 2511 261 2598 plorat.
308 2512 396 2584 Μηδὲ
424 2512 553 2591 γέροντα
579 2513 673 2576 κάκου
698 2513 916 2590 κεκακωμένον.
965 2513 1049 2580 Nam
1074 2502 1180 2583 iudice
1205 2517 1328 2603 quodut

149 2640 188 2683 ex
220 2639 335 2706 genere
367 2620 426 2681 τῶν
456 2624 586 2682 λυτικῶν
610 2619 643 2682 in
667 2619 711 2682 H:
736 2622 767 2683 οὐ
793 2622 872 2684 θέλει
897 2621 910 2684 θ
933 2620 1070 2701 Ὅμηρος
1096 2629 1230 2698 μηνῦσαι
1254 2627 1328 2688 τοῦτ

148 2729 189 2806 τῷ
223 2726 346 2805 Λαέρτη
376 2727 414 2796 ὠς
439 2726 501 2788 ἀπὸ
524 2732 579 2797 τῆς
605 2725 797 2798 Πηνελόπης.
822 2729 838 2802 ἢ
863 2727 926 2804 γὰρ
951 2731 983 2792 οὑ
1010 2729 1103 2794 πείθει
1129 2733 1199 2803 τοὺς
1226 2732 1328 2800 ’rossa

147 2834 246 2910 σιόυς,
271 2833 322 2896 καὶ
348 2830 412 2894 ἔστι
438 2831 583 2910 δυσχερὲς
609 2833 691 2912 αὐτῷ
716 2833 760 2909 μη
785 2856 848 2902 πως
872 2835 1046 2912 βιάσωνται
1068 2839 1187 2913 αὑτήν·
1208 2839 1225 2913 ἢ
1248 2838 1328 2903 πείθω

147 2939 259 3008 αὐτοὺς
283 2939 335 3002 καὶ
362 2937 509 3002 κωλύουσι
535 2939 605 3009 τοὺς
628 2949 826 3018 μνηστῆρας,
851 2941 903 3003 καὶ
928 2947 1018 3006 τοῦτο
1049 2942 1127 3007 ἀπὸ
1156 2945 1317 3024 ἱστορία

148 3047 215 3109 οὐκ
248 3042 334 3107 ἔστι
368 3046 410 3124 τῷ
443 3045 578 3125 Ὁμήρῳ.
612 3045 637 3108 εἱ
671 3046 734 3125 γὰρ
763 3047 998 3122 συνεστάλησαν
1023 3050 1048 3113 οἱ
1073 3061 1264 3130 μνηστῆρες,
1290 3050 1328 3116 οὗ

147 3152 184 3216 ἂν
214 3150 464 3224 ἀπεκτάνθησαν.
511 3151 614 3216 Locus
645 3171 707 3215 non
740 3153 860 3237 optime
891 3156 1029 3237 scriptus
1059 3156 1154 3240 plane
1184 3179 1248 3223 non
1278 3176 1328 3243 per

146 3261 315 3344 spicietur,
343 3293 381 3305 -
408 3256 484 3341 quid
517 3259 602 3321 euim
635 3257 696 3320 sibi
727 3258 820 3323 velit:
853 3260 933 3335 „boc
960 3262 1090 3345 quidem
1115 3263 1260 3329 Homero
1283 3283 1328 3328 no

146 3386 184 3429 ex
215 3364 350 3428 historia
378 3363 452 3445 est”,
476 3383 537 3427 non
562 3363 674 3447 video,
699 3371 731 3428 et
754 3365 837 3449 quod
861 3367 992 3431 obscure
1015 3367 1198 3456 significare
1219 3371 1328 3436 videtu

146 3491 220 3535 cum
249 3469 312 3534 loci
336 3470 492 3533 sententis
515 3474 655 3555 pugnat,
682 3490 762 3553 quae
785 3478 892 3555 aperte
916 3479 1098 3536 contrarium
1122 3478 1277 3560 requirit,
1301 3510 1328 3525 -

147 3577 244 3641 donec
268 3574 561 3639 emendaverimus:
587 3575 638 3637 καὶ
664 3580 754 3640 τοῦτο
778 3578 855 3640 ἀπὸ
882 3579 961 3663 (νοΙι
987 3578 1077 3649 ἄπο)
1096 3583 1233 3660 ἱστορίας
1249 3584 1328 3667 [οὖν

147 3683 212 3746 ἐστὶ
250 3682 292 3758 τῷ
336 3683 471 3760 Ὁμήρῳ.
519 3680 590 3745 Ηοο
625 3681 761 3747 Homeri
795 3687 966 3748 narrationi
998 3686 1123 3770 obesse,
1158 3692 1328 3754 institutus

145 3787 333 3853 narrationis
364 3785 456 3850 filum
489 3787 616 3851 turbare
648 3788 784 3853 videtur.
833 3787 1025 3874 Saepissime
1049 3797 1127 3858 talia
1150 3795 1273 3861 iactant
1294 3812 1328 3860 σε

146 3897 300 3959 centiores
330 3895 534 3977 interpretes,
566 3892 744 3958 Homerum
776 3895 835 3959 hoc
860 3895 911 3960 vel
936 3895 1017 3961 illud
1035 3874 1097 3963 'aut
1123 3922 1267 3967 narrasse
1289 3918 1328 3965 at

145 3999 272 4064 finxisse
301 4007 357 4064 aut
387 3999 550 4076 omisisse,
584 3996 633 4062 ira
658 4002 701 4074 μη
726 4002 800 4080 λυθῇ
826 4003 867 4064 τοὶ
893 4008 947 4073 τῆς
973 4004 1157 4078 ὑποθέσεως.
1184 4010 1276 4072 ouius
1297 4025 1328 4070 rt

145 4104 330 4190 exemplum
365 4113 397 4170 et
431 4126 526 4189 supra
558 4104 656 4169 aliam
690 4106 729 4169 ob
758 4127 885 4172 causam
917 4110 984 4172 iam
1016 4114 1226 4196 apposuimus
1256 4101 1328 4179 oti

143 4213 347 4297 sequentibus
373 4210 513 4295 plurima
533 4211 642 4275 ordine
663 4219 826 4294 ponentur.
854 4213 901 4276 Ad
922 4215 1095 4281 dictionem
1117 4221 1181 4284 οὶτὸ
1205 4221 1255 4286 vel
1278 4218 1328 4285 cia

144 4321 277 4396 ἱστορίας
310 4316 393 4400 quod
426 4319 558 4388 attinet,
592 4335 629 4380 sa
655 4316 887 4383 eiusdemmodi
911 4326 959 4383 est
984 4329 1079 4407 atque
1102 4325 1166 4390 ἄπο
1196 4324 1328 4405 γνιθριηεΙ
