2978 4950
707 230 774 304 mo

145 424 180 494 in
203 425 340 494 Scholiis
363 427 403 494 ad
426 425 602 516 odysseam
625 428 747 496 factum
771 450 838 496 essa
860 430 926 495 iam
959 424 1151 512 quibusdam
1182 444 1281 511 exem]

145 533 260 600 adlatis
280 534 403 599 ostendi
424 536 461 622 in
479 533 659 601 Observatt.
675 558 706 622 p.
722 537 761 602 ll
777 556 874 622 seqq,
890 534 1006 620 quibus
1017 552 1102 597 nunc
1114 553 1217 598 uuum
1232 531 1281 598 adl

145 662 234 730 gam,
254 640 368 720 β397,
390 641 446 708 ubi
466 644 607 727 primum
620 642 811 729 simpliciter
822 640 897 708 RT:
918 636 964 704 θτι
979 640 1016 726 (ol
1029 648 1199 719 μνηστῆρες
1211 658 1281 705 nem

145 749 198 814 οὐκ
216 748 247 813 ἓν
267 758 305 830 τῇ
328 748 500 819 Ὀδυσσέως
519 749 599 833 οθκθρι
621 750 797 827 ἐκοιμῶντο,
819 748 932 815 deinde
953 747 1117 813 verbosius
1133 748 1166 812 in
1179 734 1281 828 uPQ'}

144 851 350 921 tetracola
372 856 398 920 ol
418 852 495 931 ξέναι
517 857 576 921 τῶν
594 861 771 936 μνηστήρων
795 857 881 935 παρὰ
905 856 1008 935 Φθλοις
1032 851 1200 918 testantes.
1223 850 1281 930 οὓς

144 960 281 1043 ἐθάρρουν
314 964 423 1039 μετὰ
459 960 572 1046 (Oodd.
603 965 704 1050 παρὰ)
738 971 796 1030 τῶν
831 963 1007 1034 Ἰθακησθυν
1040 960 1220 1041 μνηστῆρυν
1245 960 1277 1025 ἕν

144 1068 213 1150 einp
233 1067 404 1141 Ὀδυσσέως
428 1068 595 1134 καθεύδειν.
617 1068 898 1150 strepinneium
922 1067 974 1132 καὶ
1000 1070 1017 1142 ἡ
1039 1068 1180 1133 θτθλεια
1195 1066 1281 1142 ἐγνθι

147 1176 266 1258 Quidni
298 1168 401 1264 igitur'
428 1177 528 1241 nostri
559 1197 684 1263 quoque
715 1176 828 1243 scholii
859 1176 1011 1262 primaria
1035 1175 1136 1240 forme
1157 1172 1281 1239 hascfl

145 1279 191 1347 θ’τι
223 1284 275 1346 νῦν
304 1282 337 1346 οὐ
367 1282 423 1355 riv
453 1279 526 1356 θληυ
557 1291 617 1362 γῆν
646 1285 733 1362 λέγει
765 1282 953 1362 structum,
982 1280 1071 1345 ἄλλα
1101 1281 1136 1346 ri
1161 1283 1258 1346 κοινὸν

145 1394 204 1474 γιῑρ
228 1386 323 1466 ὄνομα
344 1391 468 1466 μᾶλλον
491 1391 562 1454 κατ’
587 1391 723 1455 irritares
745 1388 910 1472 χαρίζεται
934 1389 976 1470 τῷ
999 1388 1094 1467 μικρῷ
1120 1387 1218 1462 αὐτῆς
1241 1387 1281 1463 μθ

192 1494 349 1575 Quorsum
382 1493 617 1562 autemhaecl
648 1495 774 1582 Nempe
806 1504 843 1562 ut
873 1515 1010 1562 errorem
1043 1494 1221 1583 corrigam,
1245 1512 1281 1578 qt

145 1603 180 1666 in
209 1600 269 1666 hac
300 1602 370 1687 ipsa
400 1601 525 1667 dicendi
552 1603 654 1669 lorma
677 1603 754 1669 olim
778 1606 812 1669 in
836 1601 1014 1669 Observatt.
1040 1600 1122 1665 meis
1144 1602 1260 1665 erravi.

145 1706 258 1793 nelops
285 1707 391 1775 dolore
415 1709 549 1775 infracta
575 1709 626 1775 ἔτ’
651 1711 737 1776 rideri
758 1705 803 1791 θζι
828 1709 1094 1786 πολυκμήτου
1119 1706 1281 1786 θαλθμι

148 1815 178 1900 (d
202 1812 282 1900 718)
305 1813 358 1880 Ad
381 1815 460 1880 haec
483 1818 580 1882 verha
600 1815 750 1883 Scholion
769 1819 868 1883 estin
889 1816 932 1880 P:
954 1817 987 1880 οὐ
1010 1814 1117 1880 κατὰ
1136 1813 1171 1876 τὸ
1185 1802 1281 1879 ’ἔσιθι

146 1921 223 1986 αλλ’
248 1919 315 2000 ἔχει
339 1922 394 1996 την
418 1923 577 2004 ἀναφορὰν
601 1924 673 2005 τρθς
698 1924 739 1988 rai
760 1923 840 2003 ἔργα
860 1927 913 1989 τοῦ
933 1920 1231 1993 κατασκευάσαντος
1249 1945 1281 1985 αι

146 2027 330 2098 Ὀδυσσέως.
354 2027 402 2094 De
424 2028 475 2095 his
498 2029 576 2097 olim
601 2030 647 2096 ita
666 2031 887 2117 disputabam:
902 2050 1041 2113 „sensus
1060 2030 1157 2093 etiam
1177 2046 1218 2093 ex
1237 2048 1281 2093 ve

148 2137 305 2221 corruptis
336 2134 429 2202 facile
453 2144 598 2223 apparet,
719 2138 773 2203 sed
795 2138 872 2222 quid
896 2142 960 2202 est:
986 2137 1027 2201 οὐ
1051 2134 1218 2199 κατὰτὸ
1241 2135 1281 2199 ἔτι

146 2238 219 2307 rori
254 2241 325 2307 Non
358 2262 431 2308 sane
455 2243 488 2308 id
512 2244 594 2328 quod
618 2247 775 2310 sententia
798 2242 954 2330 postulat,
979 2238 1281 2321 aestuarium,

148 2348 314 2432 παρέλκει,
348 2348 509 2434 epitheton
538 2350 590 2416 hio
615 2353 680 2415 vim
704 2371 794 2416 suam
819 2344 952 2415 exercet.
976 2347 1164 2437 Lugendum
1189 2349 1281 2413 conii<

147 2457 215 2520 οὐκ
252 2457 375 2533 ἀργὸν
411 2457 446 2520 τὸ
483 2457 635 2534 ἐπίθετον,
668 2457 932 2543 quemadmodum
965 2478 994 2540 p.
1022 2454 1100 2529 342,
1127 2453 1170 2518 30
1202 2454 1233 2539 (η
1263 2452 1281 2518 2

147 2564 283 2628 dicitur:
317 2564 390 2638 „orire
423 2565 523 2641 ιἰργῶς
557 2567 572 2637 ἡ
599 2563 860 2643 τρουνοθκρουσις”.
885 2562 929 2650 (p.
958 2560 1024 2644 67.)
1056 2562 1148 2627 Nunc
1172 2559 1281 2626 intelle

147 2689 199 2733 me
228 2672 261 2734 οὐ
291 2667 377 2732 κατθ
408 2668 491 2735 male
522 2672 700 2735 coniectura
724 2677 870 2735 tentasse.
918 2669 1050 2733 Sensum
1076 2688 1170 2752 quem
1196 2666 1281 2731 dicel

150 2796 241 2840 verus
272 2782 337 2852 est,
366 2774 420 2840 sed
452 2778 480 2839 is
504 2778 571 2861 ipse
594 2779 658 2842 iam
682 2780 765 2841 inest
788 2780 821 2841 in
845 2778 885 2840 οὐ
909 2776 994 2840 κατ’
1019 2775 1172 2857 ἐπίθετον,
1196 2773 1281 2859 quod

146 2883 209 2948 loci
240 2903 278 2947 ex
310 2880 483 2947 Aristonici
513 2882 552 2947 ad
583 2883 716 2948 Iliadem
740 2882 869 2948 scholiis
892 2902 986 2963 supra
1010 2880 1100 2945 allati
1125 2879 1281 2944 demonstr

148 2997 180 3055 et
209 2991 315 3076 magis
343 2991 441 3054 etiam
467 2989 680 3055 memorabilis
704 2990 840 3076 Didymi
864 2987 1039 3073 disputatio
1063 2987 1102 3051 ad
1127 2996 1148 3049 B
1177 2985 1257 3062 111,

148 3096 248 3182 ipsius
272 3096 447 3160 Aristarchi
473 3097 569 3161 verba
592 3099 731 3162 citantur
755 3097 881 3162 haecce:
915 3094 944 3159 ἕν
973 3117 1029 3158 τινι
1051 3099 1108 3156 τῶν
1130 3092 1281 3171 ἦκριβωριι

149 3200 376 3278 ὑπομνημάτων
408 3200 526 3283 γροθφει
558 3207 663 3266 ταῦτα
696 3203 925 3287 (Aristarchus)
949 3201 1033 3264 κοντοὶ
1058 3197 1157 3273 λέξιν·
1185 3199 1227 3263 αθ
1252 3224 1272 3264 κ

149 3308 336 3372 ἐπίθετον
372 3309 458 3384 λέγει
494 3307 617 3385 μέγας,
655 3311 743 3373 αθλλοὶ
780 3307 851 3387 τρθς
886 3309 1118 3376 ἀντιδιαστολὴν
1154 3309 1209 3369 τοῦ
1242 3306 1279 3369 ir

148 3413 288 3485 Αἴαντος.
337 3414 444 3500 Igitur
478 3418 511 3478 in
546 3417 651 3481 verbis
683 3418 715 3481 ιθ
747 3415 853 3480 κατα
883 3416 955 3498 [τὸ]
989 3415 1124 3477 ἐπίθετον
1153 3412 1193 3476 ad
1227 3410 1244 3474 θ
1279 3413 1281 3440 '

146 3520 229 3586 nihil
260 3522 322 3585 nisi
353 3521 387 3584 ri
420 3519 590 3586 delendum
614 3529 662 3587 est
686 3523 816 3587 fortasse
841 3542 878 3586 er
905 3521 1091 3606 repetitione
1116 3525 1242 3595 ortum,
1269 3540 1281 3584 σ

148 3628 283 3712 bamque
304 3628 336 3691 οὐ
360 3630 465 3713 κατὰ
491 3628 626 3694 ἐπίθετον
651 3629 792 3712 dedisse,
818 3629 1035 3693 Aristonicum
1061 3630 1164 3711 ipsum
1190 3627 1231 3689 σθ
1257 3651 1276 3690 κ

149 3733 344 3810 ἐπίθετον,
370 3737 443 3797 ἀλλ’
466 3733 532 3815 ἔχει
552 3736 712 3818 ἀναφορὰν
733 3737 803 3815 πρὸς
825 3735 868 3799 τοὶ
888 3732 964 3812 ἔργα
990 3771 1004 3782 -
1027 3774 1033 3783 ·
1060 3731 1251 3804 Ὀδυσσέως,
1278 3754 1281 3795 1

146 3840 224 3904 satis
247 3846 367 3904 certum
392 3863 457 3907 esse
477 3845 597 3927 opinor.
647 3842 864 3907 Aristonicum
893 3842 1028 3926 prudens
1053 3842 1217 3922 sciensque
1240 3859 1281 3903 no

148 3946 241 4020 navi;
265 3945 361 4010 huius
385 3951 468 4012 enim
494 3955 526 4013 et
550 3949 608 4014 hoc
633 3947 781 4015 Scholion
806 3971 872 4013 esse
897 3956 929 4013 et
948 3952 1171 4034 argumentum
1192 3954 1225 4010 et
1245 3967 1281 4011 νε

149 4053 363 4117 demonstrare
384 4053 466 4117 mihi
488 4054 647 4122 videntur.
1276 4124 1279 4129 ,

193 4156 274 4221 Utar
302 4158 410 4224 eadem
441 4160 500 4225 hac
531 4165 710 4246 occasione,
740 4167 776 4227 ut
808 4165 905 4227 etiam
940 4160 1018 4226 alios
1042 4159 1195 4245 quosdam
1222 4181 1281 4225 eru

149 4265 324 4352 corrigam,
355 4287 432 4350 quos
457 4267 535 4333 olim
559 4270 706 4335 commisi
730 4291 804 4334 cum
830 4268 1071 4334 Observationes
1095 4288 1182 4332 meas
1206 4288 1281 4334 cons

148 4372 273 4450 herem,
304 4393 381 4458 quos
413 4396 496 4441 nunc
527 4375 660 4442 meliora
691 4377 838 4452 edoctus,
869 4378 935 4441 sive
959 4374 1093 4440 aliorum
1119 4394 1156 4439 aa
1180 4395 1281 4468 cura*
