2978 4950
722 124 809 213 ort.

155 316 277 400 πολλόν
297 324 386 399 όντων
407 329 465 399 τῶν
484 332 660 412 μελλόντων
682 338 876 418 εὐωχεῖσθαι.
896 337 948 402 κοί
966 336 1089 416 Κροίτιςς
1112 333 1142 400 δέ
1154 334 1188 400 τό
1200 330 1319 401 scotti

154 443 257 505 πινόεν
288 443 391 513 adrolo
416 441 538 514 ποίντιις
564 441 695 521 οἰόμενος
720 446 790 515 τοὺς
817 445 960 515 Φιιίοικσις
985 445 1168 524 εὐωχεῖσθαι
1191 445 1264 526 πσρὰ
1281 461 1316 508 τ

156 547 312 628 Ἀλκινόῳ.
348 550 388 612 οὐ
423 549 498 627 γὰρ
534 545 568 622 ἦν
598 551 633 615 τό
664 553 778 624 πλῆθος
808 553 1010 629 ἠθροισμένον,
1036 551 1126 614 ἀλλὰ
1149 550 1254 615 haidau
1272 542 1319 629 μέ

152 655 318 738 βασιλεῖς,
355 656 448 726 οὗτός
480 656 511 718 δέ
541 655 807 733 τρισκαιδέκατος,
837 659 888 721 ποσί
914 658 939 721 σι’
965 655 1076 727 παῖδες
1102 657 1216 739 αὐτοῦ,
1237 658 1279 721 κοί
1310 681 1319 715 ι

154 760 254 838 έρέτσι
278 770 333 837 τῆς
359 764 424 836 ννὸς
450 763 639 837 πεντήκοντα
660 764 722 828 δύο.
744 762 840 848 (HQ).
866 766 1006 848 Apparet
1026 769 1098 827 ante
1118 763 1319 843 otytpdetns

152 869 284 932 initium
307 877 362 942 τῆς
386 868 516 940 λύσεως.
565 868 655 948 Quod
679 890 738 934 non
764 870 897 934 absurde
921 873 967 933 ita
990 869 1207 935 revocabitur:
1232 906 1268 917 --
1288 890 1319 932 r

153 973 310 1057 Ἀλκινόῳ.
335 977 411 1060 (οὐκ
430 972 497 1060 εὖ.)
521 978 560 1040 οὐ
584 977 664 1057 γὰρ
690 972 722 1050 ἦν
746 977 779 1039 τὸ
805 977 917 1051 πλῆόσς
944 974 1149 1054 ἠθροισμένον,
1171 976 1319 1041 ἆλλίιιιτι·

197 1184 227 1259 ό,
256 1179 330 1246 163.
378 1181 417 1246 In
450 1181 510 1250 fine
546 1183 770 1269 disputationis
806 1183 845 1248 de
877 1184 981 1250 verbis
1014 1183 1128 1262 φόρτον
1159 1207 1195 1248 τε
1217 1185 1319 1263 poian

152 1289 204 1352 nat
243 1289 412 1360 ’ἐπίσκοπος
452 1291 574 1354 variam
614 1289 784 1355 lectionem
822 1290 1045 1375 Aristophanis
1086 1292 1235 1378 praebent
1264 1288 1319 1370 rt]

154 1432 195 1448 --
221 1395 445 1475 Ἀριστοφάνης
481 1397 512 1461 δέ
545 1397 613 1460 olori
650 1403 703 1461 τοῦ
740 1397 903 1468 ἐπίσκοπος
936 1399 1120 1477 ἐπίστροφος
1152 1403 1319 1476 σνμεισῡτοι

152 1499 266 1566 Dicine
296 1508 400 1585 potest
435 1500 662 1581 ’Λριστσφοίνης
695 1503 877 1583 ἐπίστροφος
908 1509 1110 1587 σνμειοῦτσιι,
1147 1525 1204 1589 pro
1237 1502 1319 1583 λέγει

153 1607 290 1688 γροίφει,
323 1606 568 1685 σίνοιγιγνίισκειί
616 1607 760 1673 Multum
790 1610 924 1685 dubito,
949 1609 1174 1694 dubitavitque
1197 1616 1265 1677 anta
1283 1631 1319 1675 m

153 1713 318 1779 Nauokius
352 1737 382 1781 v.
419 1714 458 1779 ol.
494 1715 664 1801 legendnm
699 1716 886 1780 coniiciens:
921 1707 935 1778 ό
968 1717 1151 1795 σνμείωσσι.
1201 1715 1258 1782 Sed
1284 1738 1319 1783 τι

153 1820 278 1908 facilins
310 1820 395 1885 idem
426 1843 548 1898 sensus,
582 1843 674 1906 quern
706 1821 762 1887 ille
791 1821 936 1898 volebat,
962 1825 1008 1888 sio
1031 1823 1235 1888 restituetur:
1257 1825 1319 1904 Ἀρ

153 1928 311 2005 στοφοίννς
333 1928 363 1991 δὲ
384 1928 453 1992 οὶντί
474 1933 527 1992 τοῦ
552 1930 714 1999 ἐπίσκοπος
740 1930 940 2008 ἐπίστροφος,
965 1930 1060 2014 (τισί)
1085 1935 1315 2007 σνμειοῦτοι

153 2031 231 2119 (Cfr.
245 2034 284 2098 ad
296 2032 321 2110 β
335 2031 410 2109 313,
424 2059 446 2111 7
462 2033 530 2120 71.)
554 2034 677 2119 Nempe
696 2035 769 2118 κοί,
787 2040 1037 2115 τσχνγροιφιιιῶς
1058 2038 1211 2120 scripturn
1222 2084 1231 2113 ,
1243 2040 1319 2123 post

152 2139 289 2216 excidit,
314 2140 431 2220 γράφει
458 2139 508 2205 vel
532 2140 639 2206 simile
657 2141 734 2225 qnid
752 2140 833 2206 solet
850 2137 966 2206 omitti.
1014 2139 1062 2206 De
1086 2144 1155 2227 ipsa
1178 2151 1319 2209 rector

152 2247 274 2311 anot-ori
297 2245 357 2312 hoo
379 2245 520 2312 scholion
540 2247 747 2312 tribuendum
766 2250 821 2324 sit,
835 2249 868 2311 in
881 2247 981 2313 altera
992 2254 1082 2333 parto
1095 2248 1319 2334 disputabimu

198 2453 231 2530 ί,
258 2450 332 2518 175.
380 2453 429 2518 Ad
452 2454 537 2519 huno
558 2475 685 2519 versum
704 2456 737 2519 in
754 2454 836 2528 Bao
849 2455 1113 2521 adscribunturet
1125 2455 1189 2523 alia
1201 2459 1319 2524 elnae·

151 2579 230 2643 quae
261 2561 366 2644 potius
398 2561 437 2624 ad
467 2568 650 2644 sequentem
682 2601 723 2608 —
749 2564 785 2634 ιίς
819 2563 871 2626 κοί
904 2562 947 2626 σοὶ
973 2560 1051 2635 εἶδος
1076 2565 1132 2641 μὲν
1157 2565 1319 2646 οίριπρετὲ·

151 2664 217 2731 οὐδέ
248 2691 298 2730 κεν
330 2665 433 2738 ἄλλος
457 2673 473 2748 ΙΙ
495 2667 560 2730 οὐδὲ
593 2668 656 2738 όεὸς
681 2667 797 2743 τεύξειε
822 2708 864 2717 -
889 2673 1098 2754 pertinerent:
1126 2675 1142 2746 ἦ
1169 2676 1198 2738 δέ
1223 2674 1319 2739 derisor

150 2772 210 2837 ott·
244 2772 282 2839 όιν
317 2772 379 2844 όεός
407 2773 591 2851 βουλόμενος
625 2777 873 2840 κοιτοισκενσίσσιι.
921 2775 991 2841 Uno
1023 2778 1178 2844 vocabulo
1213 2783 1246 2844 in
1276 2779 1319 2844 su

151 2880 268 2944 inserto
303 2900 412 2944 sensus
447 2882 614 2944 restitutus
656 2885 726 2945 erit.
775 2882 929 2968 legatur:
976 2884 992 2956 ἡ
1032 2885 1063 2948 δέ
1105 2884 1238 2950 διοίνοιοι·
1276 2884 1319 2952 οὖ

150 2985 189 3049 ἂν
222 2987 285 3059 όεὸς
320 2986 505 3062 βουλόμενος
540 2989 778 3052 κοιτσσκευοίσοιι
811 2990 936 3076 (optat.)
972 2992 1207 3076 (κοιλλίονοι).
1254 2993 1319 3058 Fie

150 3099 258 3159 tamen
293 3101 414 3179 potest.
449 3100 486 3158 ut
521 3094 616 3179 paulo
652 3095 745 3180 plura
780 3099 813 3160 in
849 3097 980 3162 eandem
1017 3102 1207 3165 sententiam
1245 3097 1319 3167 νοτ]

150 3202 341 3276 exciderint,
379 3208 410 3266 et
441 3201 651 3286 supplendum
683 3202 725 3266 sit
758 3202 899 3267 scholion
933 3206 965 3267 in
990 3205 1073 3270 hunc
1098 3207 1163 3273 fere
1187 3209 1319 3274 modun

150 3310 211 3375 οὐδ’
241 3308 278 3373 όιν
311 3309 373 3381 όεος
405 3309 589 3386 βουλόμενος
613 3309 850 3375 κσιτσισκενοίσονι
886 3313 1024 3391 (καλὸν
1054 3312 1184 3387 ἄλλως
1217 3340 1319 3381 aare

150 3415 386 3501 σκενοίσοιι.),
423 3416 692 3500 quemadmodum
731 3421 764 3481 in
800 3417 952 3505 Vulgatis
977 3426 1039 3494 est,
1066 3422 1120 3485 sed
1146 3430 1177 3487 et
1201 3424 1250 3488 his
1271 3417 1319 3487 al

148 3531 237 3609 parte
267 3524 408 3588 mutilis:
439 3525 463 3588 εί
489 3524 551 3594 όεός
577 3524 702 3597 όελνίτοιι
729 3527 823 3589 κοιλὸν
848 3533 971 3598 ποιῆσοιι
998 3535 1130 3592 τοιοῦτον
1153 3525 1210 3602 oio-3
1234 3527 1263 3595 εί
1282 3546 1319 3591 6

149 3630 252 3697 Immo
276 3653 368 3697 vero:
395 3634 420 3695 εί
445 3631 506 3703 θεὸς
527 3632 653 3704 όελιίσοιι
674 3636 770 3695 κσλόν
784 3641 924 3708 πσιῆσοιι,
939 3639 1069 3697 τοιοῦτον
1084 3636 1141 3720 (ἂν
1161 3639 1316 3711 cosdra

148 3733 205 3810 σίσς
218 3734 306 3805 εἶσιί.
331 3738 459 3825 Integra
471 3740 566 3815 haee,
580 3739 663 3823 quod
676 3762 749 3804 sane
763 3742 882 3803 mirum
895 3787 902 3814 ,
916 3740 1069 3826 leguntur
1082 3749 1206 3808 tantum
1218 3748 1249 3809 in
1261 3739 1296 3808 Τ

152 3875 312 3884 ——a—

183 3944 209 4007 l)
227 3944 337 3992 Scholion
355 3960 382 3991 ex
400 3945 419 3991 Τ
437 3944 498 4008 apud
518 3944 666 3992 Dindorlium
685 3945 717 3992 sir
736 3945 826 3992 editur:
853 3938 901 3990 ott·
925 3938 953 3990 tls
981 3944 1028 3999 θεὸς
1048 3948 1234 4008 ἐπιβαλλόμενος
1251 3957 1319 3994 ατε

145 4031 262 4081 σκενόσοιι
287 4033 360 4081 καλὸν
386 4025 503 4081 καλλίονα
528 4031 728 4081 νοιτοισκενόσεισ.
759 4031 800 4080 σόν
818 4033 935 4093 ἰβσνλιίόη
955 4032 980 4082 δὲ
1002 4037 1160 4086 extremo
1177 4043 1280 4095 λνπῆσιι
1298 4045 1319 4075 '¹

145 4122 277 4185 μειράκιον,
306 4121 370 4171 trra
396 4124 426 4171 τό
450 4121 541 4179 κόλλσς
568 4119 667 4171 ἐπαινῶν
693 4122 733 4171 cdx
761 4120 853 4171 ἐπιπνεῖ
876 4125 918 4172 τὸν
944 4119 1001 4172 νσῦν.
1041 4130 1167 4180 Contendit
1185 4123 1319 4178 Ludnirhiu

146 4216 178 4281 (p.
199 4218 259 4279 449)
277 4215 301 4263 in
319 4216 397 4263 codice
415 4232 474 4272 esse:
495 4214 629 4274 ἦβσνλιίόη,
649 4215 808 4271 τοιντότοισι,
828 4214 970 4273 ἐπαινέσας,
992 4223 1014 4265 ct
1032 4221 1093 4282 qnod
1110 4221 1203 4268 maioris
1217 4216 1319 4267 montett

144 4312 192 4367 oct,
211 4307 235 4354 in
254 4307 332 4372 priore
349 4310 416 4370 parte
433 4322 507 4368 neque
525 4307 599 4353 nuato
617 4307 695 4353 adesso
715 4323 789 4369 noque
806 4310 934 4364 extricta,
956 4310 994 4355 sod
1019 4315 1084 4355 terto
1109 4326 1151 4374 pro
1174 4310 1246 4374 priore
1266 4312 1313 4351 roff
