2978 4950
719 213 763 282 96

90 398 96 415 “
147 426 209 491 quo
244 409 327 473 facto
361 408 467 493 alique
498 407 611 474 saltem
644 405 701 470 lux
731 407 904 472 sententiae
935 403 1148 471 restituendae
1184 401 1337 490 affulgere

147 516 267 599 coepit,
303 535 338 579 ac
373 521 534 600 praeterea
569 512 655 579 solus
691 511 721 576 D
752 533 810 598 pro
844 512 1021 594 πάσχοντος
1054 513 1209 596 scriptum
1240 509 1344 575 habet·

147 623 290 710 σσρεχοζ
323 621 437 694 <Praei
470 644 501 708 p.
534 622 628 705 ran),
661 620 744 705 qnod
776 620 857 685 nihil
889 619 978 685 alind
1009 624 1057 685 est
1078 638 1174 703 quem
1199 623 1340 680 κακοῖσιν

149 728 252 793 icictcr
283 728 377 791 κακά.
426 728 513 793 Num
544 726 606 792 HD
636 747 760 813 quoque
782 727 1052 811 perversissimam
1077 725 1248 790 uerborum
1272 720 1340 788 ool·

148 834 335 900 locationem
367 845 557 919 sequantur,
591 855 670 918 quae
701 836 735 898 in
767 833 995 899 Mediolanensi
1019 852 1092 898 sane
1116 827 1251 895 mirifica
1273 834 1341 906 est,

148 960 186 1005 er
220 939 376 1006 Dindorfii
410 941 535 1006 indiciis
571 944 604 1005 in
640 940 838 1006 Praefatione
870 941 952 1006 datis
982 938 1104 1004 efficere
1136 958 1199 1003 non
1233 939 1336 1023 potui.

145 1046 333 1113 Proximum
363 1068 438 1114 vero
469 1053 517 1113 est
548 1051 580 1112 in
612 1046 869 1134 Hamburgenei‚
893 1048 948 1131 qni
972 1046 1050 1111 haec
1072 1046 1118 1109 ita
1141 1046 1262 1130 scripta
1285 1064 1353 1109 ex-

146 1153 254 1219 hibere
289 1155 462 1220 censendus
493 1161 540 1219 est
572 1156 666 1239 (App.
698 1176 728 1240 p.
763 1151 857 1238 739):
891 1153 1020 1233 ἐλέγχει
1051 1151 1086 1215 rt
1118 1152 1252 1234 πλῆθος,
1276 1149 1346 1215 ὅτι

146 1263 223 1339 χρὴ
260 1261 299 1325 δὲ
335 1261 396 1346 (bis
426 1264 554 1346 scripta)
592 1261 659 1325 xci
694 1258 733 1346 (i)
765 1259 860 1324 ἄνευ
891 1265 964 1324 τῶν
995 1257 1124 1335 λόγων
1149 1263 1225 1322 τῶν
1248 1260 1335 1337 παρ’

146 1367 272 1430 αὐτοῦ
305 1365 465 1448 πάσχον
498 1381 583 1450 nra,
612 1366 696 1431 unde
720 1366 807 1431 facili
832 1369 961 1454 negotio
984 1385 1058 1430 vera
1080 1363 1177 1429 lectio
1201 1366 1352 1430 emicat:

146 1472 275 1553 ἐλέγχει
289 1475 322 1537 τὸ
336 1465 493 1558 nactust
511 1473 576 1554 (vel
595 1469 681 1553 ὅπερ)
699 1475 792 1554 ἐχρῆν
811 1477 862 1536 καὶ
888 1470 984 1537 ἄνευ
1008 1477 1081 1535 τῶν
1106 1470 1239 1548 λόγων
1264 1473 1355 1536 τῶν

146 1586 233 1659 παρ’
258 1581 383 1644 αὐτοῦ
409 1583 504 1665 (τοῦ)
535 1579 807 1666 rotacgewae)
843 1579 1030 1644 διακωλῦσαι
1060 1579 1103 1643 τὰ
1135 1577 1347 1655 τολμώμενα.

147 1685 314 1754 Caeterum
336 1686 488 1752 molestus
508 1685 662 1757 Dindorfii
681 1706 750 1751 mos
770 1686 1056 1751 animadversiones
1075 1706 1148 1751 snas
1160 1704 1216 1769 per
1233 1683 1358 1750 varios

148 1791 235 1857 locos
262 1813 383 1877 sparsos
414 1791 586 1858 lectoribus
608 1793 814 1859 consulendas
839 1793 1007 1858 exhibendi
1031 1791 1257 1856 Lnduichium
1286 1790 1352 1856 da·

148 1902 241 1984 oepit,
267 1904 300 1964 in
325 1902 591 1965 commentatione
613 1902 738 1984 saepius
757 1899 886 1965 laudata
901 1901 926 1978 ¹)
946 1901 974 1963 ei
995 1899 1236 1983 exprobrantem
1253 1896 1356 1982 qnod

146 2012 264 2071 rectam
288 2009 476 2090 scripturam
502 2005 575 2070 circo
599 2028 654 2092 pro
679 2007 756 2071 αὐτό
779 2027 841 2072 nou
866 2007 1181 2081 commemoraverit,
1207 2003 1349 2087 iniuria,

147 2118 183 2177 ut
214 2113 372 2188 vidimus,
407 2134 478 2177 nam
511 2114 543 2176 in
568 2113 767 2178 Praefatione
790 2116 859 2178 eins
881 2112 1026 2178 lectionis
1050 2111 1171 2177 mantio
1193 2107 1249 2188 fit,
1275 2131 1356 2176 nom

147 2220 276 2304 quidem
298 2240 337 2283 ex
361 2217 397 2294 Τ,
422 2219 476 2284 sed
501 2240 539 2285 ex
563 2219 735 2285 Harleiano
759 2240 794 2285 ac
815 2219 976 2292 Parisino,
997 2218 1079 2302 qnod
1100 2224 1208 2282 tamen
1222 2237 1353 2302 parum

146 2325 259 2391 reterre
289 2329 505 2410 unusquisqne
535 2326 742 2390 existimabit.
790 2325 859 2390 Hoc
891 2331 999 2390 antem
1032 2344 1152 2390 novum
1187 2345 1227 2388 ex
1251 2323 1355 2389 Lnd-

145 2432 253 2497 wichii
280 2432 576 2498 commemoratione
599 2432 714 2507 didici,
739 2437 771 2498 et
793 2435 827 2496 in
852 2432 878 2512 Q
902 2431 1049 2497 Scholion
1072 2437 1157 2496 recte
1176 2433 1352 2516 scriptum

145 2545 268 2610 extare,
294 2576 333 2587 —
364 2561 403 2603 an
426 2541 522 2603 etiam
547 2538 680 2604 meliora
704 2559 799 2623 quam
824 2539 896 2603 inde
921 2539 1043 2603 editum
1068 2541 1115 2602 est
1135 2534 1267 2602 ordinet
1294 2575 1345 2586 -

145 2650 177 2710 et
201 2646 233 2709 in
258 2645 311 2722 M,
338 2646 376 2710 de
399 2666 461 2730 quo
485 2646 590 2710 codice
615 2645 699 2710 edita
722 2666 847 2730 prorsus
871 2651 1045 2708 tacuerunt.

190 2857 224 2933 β.
251 2855 303 2920 68.
337 2858 482 2933 λίσσομαι
516 2857 589 2933 ἡμὲν
614 2856 706 2928 Ζηνὸς
733 2855 911 2931 Ὀλυμπίου
937 2857 985 2931 ἠδὲ
1011 2855 1174 2934 Θέμιστος.
1223 2855 1345 2922 Huius

143 2985 252 3030 versus
282 2964 481 3048 paraphrasis
511 2969 558 3028 est
588 2967 620 3026 in
644 2963 681 3027 S:
715 2963 839 3028 ἱκετεύω
865 2965 946 3039 ὑμεῖς
974 2963 1023 3026 dxci
1048 2966 1101 3025 τσῦ
1126 2965 1198 3033 Διὸς
1224 2964 1346 3042 odpc·

145 3069 217 3133 νὸν.
241 3071 308 3135 An:
334 3070 383 3133 διὰ
409 3075 461 3134 τοῦ
486 3071 557 3142 Διὸς
582 3068 792 3150 odpcciov?

190 3283 226 3360 β.
258 3281 310 3347 70.
349 3282 487 3364 Σχέσθε,
520 3283 624 3366 ditor,
656 3283 709 3346 sai
741 3284 775 3359 μ’
809 3278 865 3347 οἷον
897 3281 1012 3345 ἐάσαιτε
1046 3282 1148 3346 πένθεϊ
1169 3287 1275 3364 λυγρῷ
1311 3285 1327 3360 ΙΙ

146 3390 283 3470 τείρεσθ’.
315 3387 481 3474 Copiosam
507 3390 699 3474 superhaec
724 3389 893 3475 Porphyrii
920 3372 1168 3473 disputationem
1193 3393 1347 3456 servavit

145 3499 209 3562 fere
232 3499 391 3583 integram
415 3495 606 3561 Harleianus
628 3517 646 3560 a
670 3517 764 3561 menn
788 3495 943 3571 secunda,
965 3497 1056 3560 cuius
1075 3494 1345 3562 lacerastantnnx

145 3603 276 3668 lacinias
310 3603 441 3667 antehac
472 3624 526 3687 per
558 3602 736 3687 complures
767 3603 887 3667 codices
927 3601 1073 3689 (MTBE)
1108 3622 1233 3686 sparsae
1270 3610 1347 3669 erat

144 3711 269 3786 videre,
301 3730 381 3793 qnae
408 3717 513 3773 temen
537 3711 718 3773 etiamnunc
742 3709 819 3773 dues
843 3708 883 3772 ad
908 3729 956 3772 res
980 3707 1075 3772 utiles
1099 3729 1166 3773 esse
1190 3715 1342 3793 possunt.

146 3817 229 3883 Nam
262 3823 293 3881 et
326 3814 489 3880 conferunt
524 3815 563 3880 ad
600 3814 804 3880 stabiliendas
837 3814 989 3899 quasdam
1023 3815 1179 3879 uberioris
1215 3815 1347 3880 Schoii'x

180 4048 204 4106 l)
224 4045 300 4093 Verba
317 4044 446 4093 Imdrriehii
465 4044 521 4091 haec
539 4046 607 4091 sunt:
627 4045 671 4091 ‚So
689 4042 817 4091 iehlcrhaft
834 4043 913 4091 uurdc
931 4043 1004 4090 dieses
1021 4041 1099 4090 Schoi.
1118 4045 1198 4091 ruerat
1216 4059 1264 4092 rou
1283 4042 1343 4093 arai

145 4129 219 4186 edint,
243 4128 292 4177 und
307 4127 406 4175 aeitdern
423 4125 553 4189 getreulich
571 4125 709 4174 wiedcrholt
726 4124 761 4173 bis
780 4125 823 4174 aui
840 4124 943 4173 Diodori
957 4123 1042 4182 hereb,
1061 4125 1104 4172 der
1121 4140 1183 4173 zuar
1201 4124 1228 4174 in
1246 4127 1343 4177 sciaena

144 4211 258 4272 Anhangc
280 4208 409 4267 berichtet,
432 4209 484 4255 deas
506 4224 530 4254 ce
552 4207 604 4256 sich
628 4207 687 4255 cuch
711 4207 736 4254 in
758 4207 781 4254 Τ
800 4207 884 4262 findet,
903 4206 958 4255 eber
975 4207 1012 4254 die
1031 4207 1196 4271 nothucndige
1214 4208 1343 4259 Berichti-

143 4316 219 4364 gung,
246 4299 332 4346 uciche
358 4297 377 4345 T
401 4297 486 4354 bietei,
511 4295 552 4343 xci
576 4294 649 4344 itero
670 4298 710 4345 fiir
730 4294 771 4342 καὶ
789 4292 865 4352 αὑτό,
884 4297 1041 4360 ucrschweigt.
1079 4286 1196 4360 Ubrigcns
1214 4297 1258 4346 irat
1274 4297 1354 4356 auch

145 4385 187 4434 dex
206 4401 250 4433 von
268 4382 320 4433 Mai
338 4381 447 4431 beuntne
465 4380 543 4428 Codex
562 4380 606 4446 (Q)
625 4381 665 4428 dea
683 4379 804 4444 Richtigc,
825 4378 908 4428 cbeuso
927 4378 980 4427 Μ.”
