2978 4950
729 222 801 295 163

140 413 248 494 160,
272 414 329 481 16:
356 417 381 482 εί
407 416 440 482 δὲ
463 417 676 496 μακαρίζομεν
700 417 769 488 τούς
795 420 833 482 ἐν
858 419 1034 496 ὑπηρεσίαις
1058 419 1251 498 ἀνθρατοθυιν
1274 421 1360 500 ύπερ-

144 523 312 607 ίχαντας.
342 559 382 573 -·
407 545 439 611 p.
470 522 548 602 214,
583 523 621 590 5:
653 525 772 605 ίλύφθη
804 523 835 590 δὲ
867 526 904 591 ἐν
934 525 1019 607 δθλιρ.
1048 562 1088 575 -
1114 547 1144 613 p.
1180 525 1265 599 435,
1301 527 1359 592 10:

143 627 280 713 σχεδὸν
300 632 366 711 γάρ
396 630 436 696 ίν
465 639 506 712 τῇ
536 638 622 713 <bord
653 633 716 695 πάν
747 632 782 696 τθ
814 637 872 697 τῶν
900 633 1070 710 ὀφθαλμῶν
1095 631 1188 705 πάθος
1214 632 1358 706 ε’διίλοισε.

145 772 195 787 -
243 756 275 823 p.
312 735 398 821 475,
429 735 467 802 6:
500 736 762 814 μαντευσομένους
796 739 834 803 ἐν
864 748 903 821 τῇ
933 743 1024 820 ψυχῇ
1048 744 1101 804 τοῦ
1124 740 1291 817 Τειρεσίου.
1316 778 1358 789 -

142 862 177 928 p.
216 839 308 921 708,
344 840 402 910 16:
436 846 566 916 πιθανῶς
601 843 632 909 δὲ
669 848 787 924 πρώτην
822 845 980 924 ἀριστείαν
1015 845 1212 926 Τηλεμάχου
1248 845 1359 913 θιίθετο

145 947 190 1010 iv
236 945 256 1031 ᾗ
283 950 340 1044 τὸν
363 948 486 1030 πατίρα
511 948 662 1016 διέσωσεν.
711 951 831 1017 Eadem
855 952 939 1038 apud
963 973 1073 1019 omnes
1096 960 1241 1018 auctores
1264 958 1356 1028 eunt,

145 1056 216 1137 qui
253 1063 323 1142 poet
353 1055 572 1122 Alexandrum
605 1056 760 1144 Magnum
785 1056 969 1124 floruerunt.
1017 1059 1123 1124 Instar
1146 1062 1291 1124 omnium
1315 1062 1359 1124 eit

144 1157 250 1227 illud
271 1161 404 1229 Diodori
428 1161 530 1229 Siouli
555 1163 673 1249 (XIlI,
698 1185 725 1229 o.
752 1163 821 1249 14),
846 1168 996 1250 quoiam
1020 1184 1117 1250 snpra
1139 1169 1182 1250 (p.
1203 1163 1260 1250 62)
1281 1185 1357 1231 aeuo

146 1282 258 1333 mm:
289 1268 315 1333 οί
346 1268 385 1332 ἐν
414 1277 484 1341 ταΐς
517 1270 650 1343 ἡλικίαις
683 1271 738 1343 τίρν
765 1271 794 1334 ἕν
817 1272 859 1350 τῷ
884 1269 1009 1351 πολέμῳ
1032 1270 1140 1351 χρείαν
1165 1271 1356 1352 παρέχεσθαι

146 1372 198 1445 uir
247 1374 414 1454 δυνάμενυι.
463 1375 561 1450 Ροιτο
596 1396 670 1442 oum
705 1376 744 1441 de
779 1379 962 1442 tritieeima·
980 1381 1213 1462 permutatione
1241 1398 1356 1444 vooum

146 1484 297 1548 παλαιοί
320 1489 353 1549 et
376 1483 488 1548 πολλοί
510 1503 637 1570 agerem
665 1484 710 1568 (p.
733 1481 789 1563 95)
819 1482 902 1548 male
921 1484 984 1548 huo
1005 1486 1088 1549 traxi
1108 1503 1188 1569 quae
1207 1484 1358 1550 dicuutur

146 1581 189 1647 δᾶ
243 1610 261 1653 ιι
293 1587 376 1654 18οτ
413 1587 475 1660 ἔθος
504 1589 567 1667 γάρ
598 1596 662 1660 τοῖς
695 1598 866 1660 πολλοῖς
898 1587 1066 1669 θαυμάζειν
1096 1591 1139 1653 τά
1169 1592 1231 1656 ἀτί
1254 1589 1356 1670 ἀγρας

145 1686 360 1772 εἰλημμένα,
395 1716 457 1782 quo
488 1694 556 1761 loeo
587 1715 667 1780 quae
696 1693 801 1761 Codex
826 1694 878 1781 (Q)
905 1696 1034 1781 praebet
1057 1717 1131 1760 vera
1154 1705 1229 1760 eunt
1252 1704 1284 1762 et
1308 1718 1356 1762 ea-

143 1794 307 1868 nissima.
354 1801 497 1868 'l'andem
522 1801 562 1866 ad
585 1799 691 1878 5128
715 1820 777 1867 non
801 1801 972 1867 debueram
996 1800 1168 1867 eollioitere
1192 1803 1235 1887 (p.
1260 1802 1355 1889 101):

144 1899 288 1977 Φύσεως
324 1908 509 1986 ἀνθρωπίνης
545 1907 659 1986 ίδίοομα
690 1909 725 1973 τύ
754 1907 820 1987 περὶ
855 1915 912 1972 τῶν
942 1908 1124 1985 ἀναγκαίων
1145 1909 1355 1983 ἀπιστοῦντας

143 2000 249 2086 ‘letio
273 2006 353 2090 θμυς
378 2011 643 2079 ἀναπυνθάνεσθαι
669 2012 738 2099 (Q),
762 2033 837 2079 nam
861 2020 893 2079 et
916 2012 969 2079 hic
992 2013 1074 2078 nihil
1098 2016 1172 2078 vitii
1195 2019 1313 2080 subeat.

196 2117 316 2207 Atque
345 2121 382 2186 hi
419 2121 483 2186 iere
518 2126 593 2185 eunt
626 2119 689 2185 looi
731 2157 767 2169 -
804 2126 927 2204 praeter
957 2141 1076 2196 uuum,
1113 2120 1151 2185 de
1185 2141 1248 2207 quo
1282 2127 1354 2206 poet

144 2210 379 2310 disputabitur
399 2260 442 2277 -·-
464 2226 638 2311 dequibus
658 2225 824 2291 remelius
843 2232 1007 2311 perepeota
1029 2247 1112 2291 nuno
1134 2227 1352 2313 usurpandum

145 2315 241 2398 ‘luxi
263 2333 346 2400 illud
369 2332 623 2400 Stesichoreum:
648 2333 701 2396 ούιι
725 2330 789 2396 ἔστ’
814 2330 922 2410 ἔτυμος
948 2334 1041 2409 λθγος
1064 2328 1160 2403 οὗτος.

207 2542 260 2611 Ad
291 2547 380 2611 tertii
411 2544 485 2610 libri
517 2542 645 2610 Scholia
675 2544 774 2609 redux
805 2544 887 2610 duae
909 2540 1040 2610 lacunae
1063 2546 1256 2630 supplendae
1278 2553 1353 2612 eunt

150 2633 198 2707 i¹¹
225 2648 352 2718 Sobolio
377 2671 415 2717 ex
439 2649 466 2716 Τ
489 2653 554 2716 iam
578 2653 613 2715 in
637 2651 739 2716 fronte
762 2649 865 2716 lacero
889 2651 926 2716 ad
950 2674 973 2729 γ
999 2650 1080 2716 464:
1104 2651 1207 2733 σθφριι
1231 2652 1262 2717 δὲ
1285 2661 1352 2729 Τη-

153 2749 304 2838 λίμαχον
327 2762 436 2823 λοῦσεν
463 2759 546 2830 neat
568 2757 767 2830 Πολυκάστη.
792 2756 941 2823 Scholion
965 2762 1014 2824 eat
1037 2759 1212 2824 eiusmodi:
1235 2758 1352 2823 ἀδύνα-

152 2866 216 2927 ‘aa
233 2865 297 2944 γάρ
321 2867 364 2945 τῷ
389 2863 519 2943 Νύστορι
543 2910 640 2930 .....
671 2862 813 2943 παρθένον
838 2859 913 2926 εἶναι
937 2864 1105 2943 θυγατέρα.
1131 2864 1241 2929 λύεται
1266 2863 1294 2929 δ’
1318 2867 1351 2930 εἰς

149 2972 218 3034 *ab
248 2969 341 3044 ίθους.
377 2968 502 3050 ἔφαμεν
537 2971 599 3047 γάρ
631 2971 676 3046 μη
707 2964 785 3034 εἶναι
818 2968 962 3047 παρθένου
994 2967 1079 3048 ἔργον
1111 2969 1147 3034 πθ
1171 2968 1287 3055 λούειν,
1312 2973 1359 3044 de

148 3057 364 3160 ’λρίσταρχος
390 3075 496 3142 οίεται.
530 3077 581 3141 Ita
603 3076 680 3141 haee
703 3078 736 3141 in
761 3082 850 3140 textu
874 3075 1075 3140 exhibentur.
1106 3075 1144 3141 ln
1167 3075 1351 3162 Appendioe

127 3172 207 3270 (p.
238 3182 305 3252 aba
336 3186 359 3250 i.
374 3184 409 3267 f.)
446 3185 547 3269 ipeiue
579 3182 695 3248 codicis
726 3188 996 3246 commemoratur
1026 3183 1183 3266 scriptura
1218 3184 1346 3249 haeooe:

150 3282 289 3368 „demet
312 3290 377 3368 γάρ
399 3289 442 3368 τῷ
467 3289 596 3366 Νίστορι
617 3335 717 3353 .....
739 3286 877 3370 (lacuna)
901 3285 918 3351 θ
924 3311 984 3352 ντι
1006 3287 1172 3366 θυγατέρα.
1198 3323 1218 3339 -
1231 3323 1251 3339 -
1264 3325 1285 3338 -
1303 3291 1348 3368 μη

144 3386 241 3462 δντι
273 3397 421 3479 παρθένου
454 3394 540 3476 ἔργον
570 3397 604 3459 τὸ
636 3395 735 3460 λούειν
770 3400 828 3459 eto.
859 3392 919 3458 ἀντι
943 3393 1103 3460 Prellerue
1126 3397 1293 3482 utrobique
1316 3400 1350 3462 in
1453 3384 1458 3395 ’

144 3499 234 3570 οίναι
258 3501 431 3570 mutavit.”
477 3502 578 3583 Quam
602 3499 720 3566 vellem
742 3498 929 3566 Ludwiohio
953 3506 1033 3565 teete
1056 3506 1090 3566 et
1113 3508 1240 3567 auctore
1263 3508 1349 3569 oerto

105 3628 113 3635 ·
148 3613 310 3679 eoiremue
341 3630 381 3674 un
411 3607 493 3674 nihil
525 3606 614 3673 aliud
645 3612 769 3691 praeter
791 3606 868 3672 heeo
892 3607 1052 3694 fragmina
1074 3609 1108 3672 in
1132 3608 1239 3674 codiee
1261 3630 1349 3675 men·

148 3718 231 3785 doao
263 3723 296 3783 et
325 3714 430 3780 lacero
453 3713 591 3803 legatur.
637 3711 732 3778 Nune
756 3713 815 3778 hoo
839 3716 966 3778 tantum
991 3715 1068 3778 satie
1090 3712 1213 3799 liquido
1236 3715 1346 3796 video,

150 3822 313 3912 quomodo
324 3821 438 3887 lacuna
448 3827 519 3906 poet
531 3819 660 3897 Νέστορι
672 3818 833 3884 sarcienda
845 3821 896 3882 ait.
911 3819 1075 3884 ’Λδύνατον
1090 3819 1152 3900 γάρ
1164 3823 1206 3901 τῷ
1218 3821 1346 3903 Νέστορι

149 3964 196 3983 -
208 3930 374 4015 inquit-
385 3948 411 3991 π
421 3926 581 4005 αρθθνον
600 3927 653 4012 (an
672 3925 732 3990 hoo
751 3925 942 3991 vocabulum
955 3924 1120 4014 flagitante
1132 3948 1215 3992 nexu
1228 3948 1246 3994 a
1259 3927 1347 3994 Prel-

150 4037 218 4104 lero
241 4045 292 4102 eet
314 4030 493 4115 addituml)
519 4029 595 4097 εἶναι
620 4031 789 4111 θυγατέρα.
813 4029 879 4097 Gur
901 4029 1072 4097 ἀθύνατονί
1089 4032 1202 4113 Quiris
1221 4054 1346 4119 reapon-

149 4142 243 4210 dnt:
276 4141 428 4207 ἀδύνατον
456 4140 519 4218 γάρ
550 4140 592 4216 τῷ
621 4136 751 4217 Νθστορι
781 4137 955 4222 (γέροντι
978 4135 1076 4224 θντι)
1103 4137 1246 4217 παρθένον
1267 4135 1343 4204 είναι

151 4249 332 4332 θυγατέρα,
362 4251 456 4332 atque
484 4226 599 4310 horum
624 4244 755 4310 fortasse
777 4243 945 4309 verborum
971 4243 1120 4329 reliquiae
1144 4250 1289 4310 tenemus
1311 4247 1344 4312 in

149 4360 259 4445 priore
288 4354 370 4428 θντι,
403 4353 487 4443 quod
518 4350 679 4417 Prellerue
708 4351 866 4417 sententia
895 4349 975 4416 duee
1005 4370 1042 4416 eo
1056 4394 1059 4399 <
1073 4349 1141 4416 looo
1171 4370 1233 4438 quo
1260 4374 1345 4420 nune
