2978 4950
556 269 619 336 sn
710 352 711 355 Ν

126 460 176 526 nul
199 458 238 526 ἄν
262 460 405 526 additum
431 463 570 546 oportet:
595 462 621 525 εἰ
646 464 709 539 γὰρ
732 455 827 539 εἶπεν,
851 459 957 534 εὐθέως
982 459 1027 527 ἂν
1054 456 1182 527 διεσπά-

126 568 221 652 reret,
254 565 523 653 quemadmodum
556 569 665 631 statim
698 566 781 632 intra
809 574 894 633 reete
924 571 1078 654 seriptum
1112 574 1182 637 est:

131 672 218 753 ἔγνω.
244 676 296 738 οὐκ
321 672 359 738 ἂν
384 672 538 750 ἐσίγησεν.
584 671 646 738 Sed
669 675 798 761 gravior
820 673 872 738 his
895 676 978 739 inest
1001 674 1180 741 difficultas.

126 782 199 846 anim
223 781 403 846 admonitus
426 800 489 846 non
514 781 649 855 sentiet,
671 801 766 866 quam
787 778 981 847 alienissimo
1000 781 1070 848 loeo
1093 802 1181 848 eom-

151 886 225 952 illa:
260 892 389 951 τοιοῦτον
418 887 481 967 γὰρ
512 887 546 950 τὸ
578 887 646 966 πρίν
677 887 820 963 ἐνταῦθα,
852 908 933 972 quae
963 893 995 954 et
1024 889 1180 955 dirimunt

126 993 275 1071 imenda,
309 1031 350 1041 —
377 993 554 1058 arctissime
587 995 669 1057 enim
704 994 871 1059 cohaerent
903 994 963 1058 οὐδ’
1006 990 1100 1068 ἕλικ’
1117 996 1181 1077 γὰρ

126 1114 199 1164 λλεν
229 1101 337 1166 εἰπεῖν.
370 1101 395 1163 εἱ
426 1099 489 1179 γὰρ
520 1094 626 1178 εἶπεν,
652 1100 756 1172 εὐθέως
782 1114 864 1183 κτλ,
889 1138 930 1148 -
955 1107 987 1166 et
1010 1104 1079 1187 ipsa
1100 1101 1182 1168 nihil

155 1205 234 1285 Quis
269 1209 353 1271 enim
384 1206 605 1291 expositurus,
638 1206 714 1291 quid
745 1207 813 1286 πρίν
843 1206 897 1272 hie
924 1231 985 1273 non
1006 1207 1182 1296 significet,

126 1315 174 1378 oni
210 1312 333 1377 mediae
365 1314 501 1378 inserat:
536 1311 601 1378 tale
633 1312 710 1397 quid
735 1313 769 1377 τὸ
794 1314 863 1392 πρίν
886 1313 938 1378 hie
960 1312 1066 1379 vaiet?
1111 1315 1180 1401 Ap·

126 1438 181 1495 m,
212 1419 309 1483 verba
339 1439 375 1483 eo
403 1418 473 1483 ioco
504 1438 599 1503 quem
628 1439 712 1484 nune
744 1424 898 1503 occupant
928 1439 995 1484 esse
1025 1423 1182 1488 movenda

156 1527 194 1596 ὥς
227 1526 271 1601 μὴ
304 1525 543 1604 ὁμολογήσασθαι
576 1523 765 1590 collocanda.
813 1523 874 1590 Sed
905 1546 944 1591 ne
975 1528 1020 1592 sio
1051 1528 1180 1612 quidem

126 1651 135 1694 ι
160 1651 288 1695 sensum
314 1631 474 1715 praebent,
504 1635 613 1716 utpote
637 1630 768 1696 defecta.
791 1631 919 1696 Excidit
943 1634 1028 1697 enim
1053 1655 1180 1700 summa

126 1736 263 1802 amodo
289 1737 323 1800 τὸ
348 1737 416 1815 πρίν
440 1736 691 1824 intellegendum
716 1739 768 1801 sit.
817 1736 903 1817 Quae
927 1740 1091 1806 commode
1115 1743 1180 1826 peti

126 1863 162 1908 ex
195 1843 349 1929 ampliore
381 1865 476 1929 super
507 1843 587 1908 hane
617 1845 720 1927 ipsam
744 1864 812 1907 rem
837 1844 963 1910 Scholia
987 1867 1025 1911 ex
1048 1846 1177 1928 HMQT

126 1949 293 2015 medentem
318 1971 446 2015 versum
472 1949 648 2034 adscripto,
674 1948 712 2013 de
737 1969 799 2034 quo
823 1970 917 2035 supra
940 1952 1005 2016 iam
1031 1954 1176 2040 egimus,

126 2077 141 2121 e
173 2054 234 2121 fine
267 2059 314 2121 ita
346 2057 500 2141 seriptum
532 2062 595 2122 est:
621 2055 704 2120 ἔστιν
728 2051 776 2120 οὖν
801 2054 899 2135 ὅμοιον
922 2061 963 2137 τῷ
989 2059 1065 2136 υτὴν
1089 2059 1177 2136 utra

126 2189 146 2236 ν,
181 2162 250 2242 πρίν
280 2186 333 2240 μνν
366 2165 416 2227 καὶ
451 2171 549 2242 γῆρας
583 2159 720 2228 rerem
751 2163 792 2247 (A
818 2165 886 2251 29),
916 2164 967 2229 καὶ
999 2164 1084 2240 „oter
1108 2168 1177 2230 ποτ’

128 2321 135 2345 ,
170 2272 239 2349 πρίν
275 2293 328 2347 μιν
359 2271 445 2339 κύνες
478 2270 566 2349 ἀργοὶ
599 2269 715 2335 ἔδονται
748 2278 789 2350 (Σ
821 2268 910 2356 283).
958 2271 1046 2338 Haeo
1075 2273 1177 2361 igitur

126 2398 235 2463 noque
254 2377 373 2443 scholio
393 2378 622 2443 intercalande:
644 2413 663 2425 -
677 2413 697 2427 ·
709 2379 747 2448 ὥς
760 2383 804 2453 μὴ
817 2379 1067 2456 ὃμολονήονιοαν.
1081 2379 1176 2466 (ἔστιν

126 2508 166 2548 νον
199 2519 285 2533 ---
310 2483 397 2563 ἀργοὶ
428 2483 588 2569 ἔδοντνιν.”)
618 2489 749 2548 τοιοῦτον
781 2485 843 2562 γὰρ
875 2485 909 2550 τὸ
934 2485 1001 2565 πρίν
1026 2487 1178 2563 ἐνταῦθα,

126 2611 179 2655 1ne
204 2593 324 2675 optime
348 2597 523 2675 sequnntur
547 2611 582 2655 ae
604 2589 820 2655 concludentis
844 2598 927 2656 sunt.
976 2592 1099 2678 Nempe
1123 2597 1177 2679 qui

129 2698 351 2782 rpretabantur
381 2696 585 2783 grammatici
618 2695 686 2775 πρίν
710 2720 748 2774 γε
773 2698 824 2761 τὸν
847 2712 915 2762 κτλ.
942 2698 1176 2783 quodammodo

126 2832 130 2856 ν
163 2803 359 2876 &reportata
394 2804 577 2888 capiebant,
602 2810 696 2887 atque
719 2805 765 2867 ite
789 2802 917 2868 demum
941 2811 1024 2870 reete
1047 2805 1177 2871 habebit·

126 2910 300 2996 ,biuugitnr
323 2911 412 2983 δῆλον
437 2909 468 2973 δὲ
492 2905 537 2973 ἔτι
562 2909 613 2972 καὶ
639 2910 655 2982 ἡ
687 2907 809 2987 Ἑκάβη
841 2911 950 2986 ἀγνοεῖ
978 2912 1032 2984 τὴν
1064 2911 1177 2975 Ὀδυσ-

126 3017 280 3094 νέλευσιν,
316 3018 431 3101 quibus
459 3015 706 3093 demonstratur,
739 3014 862 3080 nullam
895 3015 946 3081 vel
973 3027 1042 3100 post
1071 3016 1178 3084 Ulixis

126 3144 155 3186 m
182 3121 340 3186 Helenam
364 3124 432 3186 eius
456 3120 522 3187 doli
546 3125 740 3186 mentionem
763 3123 918 3187 iniecisse.
942 3121 1178 3209 Interpretatio·

126 3249 193 3293 sam
224 3235 400 3292 contortam
433 3249 499 3292 esse
529 3249 586 3292 nee
619 3248 747 3306 veram,
779 3234 890 3313 utpote
918 3229 1044 3294 disertis
1066 3235 1178 3315 poetae

126 3334 353 3411 aversantem,
380 3355 473 3419 supra
496 3336 561 3399 inm
587 3336 708 3399 monui.

126 3544 167 3611 56.
216 3544 422 3610 Inreiurando
447 3545 536 3622 dato,
560 3543 612 3609 sai
636 3545 706 3611 τότε
730 3543 764 3619 δή
789 3567 840 3621 μοι
863 3543 970 3609 πάντα
994 3543 1057 3611 νδον
1081 3545 1176 3610 κοτέ-

126 3658 260 3733 Αχοινῶν.
296 3651 347 3715 Ad
372 3651 434 3715 ator
457 3648 625 3726 κατέλεξεν
649 3653 682 3715 in
706 3649 761 3732 ΡΩ
787 3656 851 3716 eet:
875 3646 906 3714 ὃν
930 3645 998 3731 εἶχε
1023 3656 1087 3715 νῦν
1111 3651 1177 3732 περὶ

126 3805 128 3815 s
159 3763 213 3822 τοῦ
244 3755 338 3823 ἵππον
369 3757 547 3834 irritantis.
580 3752 625 3821 ὅτι
659 3757 690 3822 δὲ
723 3757 814 3822 τοῦτο
844 3761 922 3838 <pert
954 3756 1043 3828 δῆλον
1066 3758 1100 3822 ἔκ
1123 3763 1177 3822 τοῦ

144 3866 216 3943 ἐμὸν
254 3873 308 3942 κῆρ
343 3863 469 3943 χοῖρε.”
516 3864 553 3929 In
589 3863 735 3929 Palatino
767 3863 854 3929 deest
884 3868 954 3939 νῦν,
987 3885 1044 3929 nee
1072 3863 1177 3931 hercle

150 3978 199 4037 est
231 3974 314 4035 enim
348 3971 623 4036 molestissimum.
671 3970 736 4036 Nos
769 3975 875 4036 tamen
907 3990 943 4035 eo
967 3975 1094 4036 auctore
1116 3991 1178 4036 non

126 4099 173 4142 tus
205 4077 289 4162 quod
320 4079 479 4142 nescimus
511 4098 567 4141 eur
595 4074 857 4162 interpolaretur,
883 4077 939 4141 sed
962 4078 1174 4164 corrigemus:

132 4189 220 4250 νοῦν
246 4184 312 4263 περὶ
338 4194 392 4258 τῆς
418 4183 468 4248 διὰ
493 4188 547 4248 τοῦ
572 4181 667 4248 ἵππου
692 4183 879 4268 ἐπιβουλῆς,
898 4182 982 4268 quod
1004 4184 1177 4270 interprete

126 4298 152 4356 tt.
