2978 4950
713 148 777 214 401

145 345 281 413 ἐνταῦθα
318 350 438 420 κεῖται,
474 340 525 406 καί
564 336 623 418 ,ὣς
656 338 729 403 -.”
767 340 891 405 Poterit
926 340 971 405 sio
1005 339 1127 404 lenius:
1160 376 1214 390 --
1248 345 1277 406 ἐν
1310 344 1342 408 δὲ

144 451 317 534 Ὀδυσσείᾳ
341 453 389 514 νῦν
415 446 503 513 ἔστι
527 449 622 512 κάκεῖ
643 461 713 512 κτλ.
762 446 920 513 Confundi
943 446 1044 537 siglas
1064 448 1233 513 verborum
1256 449 1288 514 δέ
1307 458 1339 516 et

146 561 217 627 ἐστί
240 559 349 625 doonit
371 559 438 622 iam
461 556 589 622 Bestius
611 577 641 642 p.
668 552 744 620 803.

189 796 221 855 ι,
246 771 301 834 64.
349 769 425 835 Οὐδ’
450 766 512 849 ἀρα
535 791 585 846 μοι
609 767 737 849 προτέρω
762 776 828 844 νῆες
854 769 915 834 κίον
939 768 1168 873 ἀμφιέλισσαι,

352 882 421 964 πρίν
446 906 516 947 τινα
540 889 598 946 τῶν
623 881 727 946 δειλῶν
753 881 865 961 έτάρων
890 882 952 961 τρίς
978 880 1106 947 ἕκαστον
1130 886 1242 964 ἀῦσαι,

355 981 381 1054 οἳ
405 990 491 1054 θάνον
517 990 546 1052 έν
572 989 663 1070 πεδίῳ
688 988 817 1054 Κικόνων
843 987 901 1054 θπο
926 988 1094 1073 δηωθέντες.

144 1095 338 1180 Parapbrasi
360 1096 437 1160 baeo
460 1094 664 1160 illustrantur
687 1097 721 1158 in
748 1094 773 1159 'P
798 1099 831 1160 in
855 1096 940 1160 hunc
964 1096 1112 1162 modum:
1138 1093 1195 1162 οἷον
1217 1100 1249 1164 οὐ
1269 1100 1340 1181 πρό-

144 1226 232 1282 τερον
255 1203 434 1282 ἀνήχθημεν
452 1175 528 1282 ’πρὶν
552 1202 595 1266 τά
621 1200 804 1282 νομιζόμενα
827 1210 889 1272 τοῖς
914 1203 1040 1281 ἑταίροις
1066 1214 1187 1280 ποιησαι
1214 1208 1339 1288 παλαιῷ

144 1309 248 1388 θεσμῷ
281 1313 544 1388 κρατοῦντες.
578 1310 608 1372 έν
636 1308 761 1388 πολέμῳ
786 1309 849 1388 γάρ
874 1309 1083 1382 ἀποθανόντας
1109 1313 1149 1384 είς
1176 1313 1239 1391 τρίς
1264 1315 1340 1377 ἀνα-

146 1422 275 1499 καλεῖν,
309 1414 527 1480 τουτέστιν
561 1415 610 1481 θνα
647 1416 692 1491 μη
729 1439 775 1487 τις
812 1415 964 1488 πολλάκις
1002 1417 1138 1492 ἐμπνέων
1169 1422 1208 1491 ὡς
1240 1421 1339 1499 νεκρὸς

145 1523 358 1602 ἀπολειφθείη.
386 1525 418 1586 od
442 1522 547 1599 μέντοι
572 1523 811 1602 προαπέστημεν
837 1523 1012 1608 ἐμβάντες,
1031 1525 1119 1589 ἀλλά
1140 1549 1341 1607 προσεκαρτε-

145 1633 256 1709 ροῦμεν
274 1627 403 1695 ἕκαστον
416 1629 625 1707 ἀναβοῶντες,
642 1631 666 1693 εί
688 1627 886 1706 δννάμεθά
908 1653 977 1693 τινα
992 1637 1049 1695 τῶν
1063 1633 1340 1709 ἀπολελειμμένων

144 1742 245 1801 σῶσαι
281 1736 339 1799 καί.
370 1739 414 1814 μη
446 1736 628 1800 ἀπολείπειν
660 1736 689 1798 έν
722 1746 760 1818 τῇ
793 1737 940 1819 πολεμία.
965 1737 1025 1801 ,καί
1057 1739 1087 1802 έν
1110 1738 1218 1803 Ἰλιάδι
1246 1741 1340 1822 ,ἀλλ’

146 1841 418 1920 ἀναπεπταμένας
450 1840 520 1921 ἔχον
552 1841 686 1921 ἀνέρες.”
723 1845 771 1929 (Μ
800 1842 888 1922 122.)
912 1843 1061 1923 φαίνεται
1086 1845 1116 1908 δὲ
1145 1845 1195 1909 διά
1221 1852 1341 1912 τοῦτο

152 1947 189 2013 τὸ
224 1947 403 2028 Φιλέταιρον
434 1953 487 2012 τοῦ
518 1948 700 2019 Ὀδυσσέως.
747 1948 890 2014 Priorem
922 1953 1094 2015 sententiaa
1123 1959 1243 2036 partem
1271 1948 1341 2036 (olor

146 2058 181 2123 οὐ
209 2090 228 2103 -
253 2056 492 2136 καταλειφθείη)
518 2060 611 2140 prout
641 2055 726 2120 adita
750 2062 797 2119 est
821 2057 936 2119 misere
959 2055 1154 2134 claudicare,
1178 2061 1340 2124 neminem

146 2164 248 2232 latore
272 2168 383 2248 potest.
430 2161 541 2246 Neque
565 2161 698 2225 editores
722 2159 836 2237 latuit,
860 2181 994 2244 quorum
1020 2160 1202 2227 Dindorfius
1223 2166 1340 2241 „verba

144 2292 212 2338 non
234 2268 376 2356 integra”
400 2268 565 2333 iudicavit.
597 2267 755 2331 Prellerns
779 2269 814 2330 in
838 2272 1018 2345 κρατοῦντες
1045 2266 1202 2344 „Cratetis
1225 2291 1341 2335 nomen

145 2378 248 2444 latere
274 2374 468 2454 „oonieoit,”
494 2376 571 2458 „qui
594 2373 777 2438 nominatur
799 2376 832 2437 in
856 2373 976 2440 scholio
1004 2397 1034 2440 v.
1050 2373 1291 2454 60,'’·infelioi‚
1305 2386 1342 2443 ut

145 2485 232 2568 fere,
262 2482 450 2548 coniectura.
497 2482 569 2566 Ipse
601 2502 673 2544 cunr
704 2483 770 2544 iam
794 2486 866 2544 ante
893 2479 1012 2545 multos
1036 2502 1132 2546 annos
1158 2482 1341 2549 dubitanter

145 2592 183 2655 in
218 2591 363 2675 margine
397 2587 602 2652 adierissem:
633 2581 690 2650 οἷον
727 2587 759 2650 οθ
796 2585 936 2664 πρότερον
967 2588 1164 2668 ἀνήχθημεν,
1198 2589 1265 2668 πρίν
1296 2592 1338 2656 τά

146 2695 333 2776 νομιζόμενα
361 2700 423 2765 τοῖς
456 2693 581 2772 ἑταίροις
615 2699 739 2764 ποιῆσαι
765 2694 890 2772 παλαιῷ
915 2695 1017 2774 θεσμῷ
1042 2701 1282 2770 καλοῦντες.
1308 2699 1339 2761 έν

146 2803 276 2884 πολέμῳ
311 2804 373 2880 μάρ
406 2799 614 2872 ἀποθανόντας
650 2800 692 2871 είς
723 2801 786 2879 τρίς
819 2802 989 2865 ἀνακαλεῖν
1015 2800 1098 2874 ἔθος
1132 2803 1259 2879 ἐστίν,
1288 2800 1338 2870 ἵνα

146 2911 194 2990 μθ
224 2935 270 2980 τις
295 2907 447 2978 πολλοίκις
471 2907 609 2983 ἐμπνέων
633 2909 670 2977 ὡς
695 2906 791 2985 νεκρός
817 2907 1043 2986 ἀπολειφθείη,
1071 2946 1112 2955 -
1136 2909 1213 2975 haee
1237 2912 1339 2996 igitur

147 3039 224 3085 oum
257 3014 335 3081 olim
363 3016 583 3096 coniecissem,
614 3019 722 3098 postea
746 3034 764 3077 a
788 3013 975 3077 Ludwichio
999 3014 1115 3096 didici,
1140 3016 1250 3080 eadem
1275 3017 1339 3082 iere

147 3129 182 3192 in
213 3125 281 3211 ipso
310 3121 416 3187 aodioe
439 3123 554 3205 scripta
580 3126 706 3195 extare,
731 3121 793 3183 uisi
818 3120 901 3203 quod
925 3122 1051 3200 παλαιῷ
1077 3123 1176 3199 θεσμῷ
1201 3146 1249 3185 κα
1258 3147 1340 3203 ρτε·

146 3236 268 3316 ροῦντες
288 3229 371 3305 dat,
405 3227 488 3312 quod
523 3226 611 3291 nullo
646 3227 768 3290 adieoto
804 3228 991 3311 participio,
1023 3227 1132 3311 (paulo
1162 3236 1233 3312 post
1257 3237 1340 3295 recte

146 3341 270 3406 dieitur
304 3339 599 3414 προσεκαρτεροῦμεν
631 3333 855 3414 auserem)
889 3332 941 3397 hie
975 3353 1100 3417 prorsus
1132 3334 1213 3398 nihil
1232 3338 1341 3422 signi·

144 3446 235 3512 fleat.
282 3443 369 3522 Quae
403 3445 471 3526 ipse
506 3441 694 3527 reponebam
729 3440 899 3525 probabam
929 3460 967 3502 ex
997 3442 1037 3503 iis
1066 3461 1145 3523 quae
1170 3441 1207 3505 de
1230 3443 1340 3507 eadem

144 3575 184 3619 ra
212 3552 246 3615 in
274 3549 309 3614 H
338 3530 491 3636 leguntur
512 3550 548 3614 ad
576 3569 623 3612 vs.
650 3547 691 3611 62
717 3547 883 3611 adnotata:
909 3581 928 3593 -
946 3581 965 3594 ·
989 3547 1042 3610 οὐκ
1066 3546 1159 3610 είασα
1184 3549 1242 3620 τάς
1266 3554 1340 3620 ναῦς

144 3663 287 3726 πλεῦσαι
323 3656 409 3734 πρὶν
445 3656 549 3719 κατά
586 3657 628 3717 τὸ
666 3659 842 3731 ἀρχαῖον
878 3653 963 3720 ἔθος
996 3654 1340 3720 ἀνακαλέσασθαι

143 3765 246 3835 τοὺς
283 3761 477 3841 ἑταίρους.
513 3759 602 3843 ᾤοντο
638 3763 700 3837 γάρ
738 3759 808 3830 τοὺς
844 3761 873 3822 έν
909 3760 1076 3841 ἀλλοδαπῇ
1114 3769 1157 3842 γῇ
1187 3762 1340 3838 ἀποθνησ-

143 3893 262 3940 ιοοντας
294 3870 375 3933 δεῖν
407 3877 567 3942 καλεῖν,
596 3863 645 3931 ἵνα
670 3866 849 3944 μετάγωσιν
873 3865 985 3936 αὐτοὺς
1009 3867 1052 3938 είς
1077 3867 1130 3938 την
1155 3868 1290 3947 πατρίδα
1304 3868 1339 3954 ¹),

184 4043 215 4111 l)
239 4044 388 4092 correxerim
414 4044 438 4092 in
465 4044 510 4092 hoo
533 4042 657 4091 ilarleiani
682 4040 770 4089 sobolio
794 4041 851 4095 τούς
871 4035 894 4087 ἐν
912 4036 1042 4104 ἀλλοδαπῇ
1060 4044 1096 4103 γῇ
1115 4040 1341 4101 ἀποθανόντας

142 4142 171 4188 et
198 4135 240 4185 ’ίνα
258 4131 451 4194 κατθγωσιν
477 4131 566 4189 αὐτοὺς
586 4133 618 4188 εἷς
638 4134 684 4189 την
704 4128 824 4192 πατρίδα,
842 4131 886 4179 hoc
903 4147 929 4178 er
948 4131 1073 4180 tritissima
1091 4131 1204 4195 siglnrum
1222 4139 1342 4198 permuta·

143 4229 233 4284 tione,
264 4240 311 4289 qua
336 4227 372 4274 rel
403 4225 597 4286 μετακοιμάσθαι
621 4224 733 4273 scribitur
756 4239 799 4288 pro
816 4221 1010 4282 κατακοιμάσθαι
1027 4222 1062 4288 (p.
1082 4224 1143 4280 506,
1163 4224 1206 4288 ll)
1223 4241 1238 4273 a
1254 4226 1343 4277 (lohato

143 4310 250 4363 undem
267 4307 392 4364 sublatum.
467 4318 488 4365 Ι

1166 4403 1197 4451 26
