2978 4950
629 181 694 247 465

30 374 259 458 ’ίστοροῦντα,
285 374 365 458 δίχα
387 375 417 440 δὲ
442 383 496 447 τῆς
517 374 662 446 τοιαύτης
684 373 901 458 (ἀσεβείας
925 374 1031 450 μετὰ
1054 376 1248 462 Φυσικῆς)

59 486 224 564 ἐμπειρίας
256 484 474 559 αἰνιττόμενον.
524 479 692 557 Ἀσοβείας
723 482 983 545 commemoratio
1014 482 1100 546 enim
1131 485 1165 546 in
1194 484 1254 549 huc

59 595 259 680 oppositione
285 610 412 676 prorsus
435 589 608 654 necessarie
631 596 688 652 cst.
735 585 803 652 lem
826 587 860 651 in
884 590 987 671 prime
1010 589 1112 672 operis
1135 591 1252 676 pagins

58 702 221 789 legimns:
246 698 370 770 ποίντυς
395 695 458 775 γὰρ
479 693 630 771 ἠσέβησεν
652 691 848 779 (Homerus),
869 695 894 757 si
915 694 1010 769 μηδὲν
1032 693 1252 797 ἦλληγίρησεν,

58 817 157 895 etque
180 810 214 873 in
238 807 350 892 quevis
372 802 436 867 fere
459 800 577 888 pagine
598 801 684 866 idem
707 802 850 866 recurrit.
876 798 955 887 (Ofr.
979 801 1000 866 i.
1026 821 1054 866 n.
1078 806 1111 866 et
1132 822 1183 907 pp.
1208 801 1250 871 59

58 921 92 981 et
121 911 213 999 112.)

104 1126 142 1193 Ο.
168 1125 264 1193 ῙιΧΠ
288 1132 332 1213 (p.
359 1125 455 1211 124):
474 1126 564 1198 Ἴδιος
584 1126 682 1191 τοίνυν
702 1129 908 1206 παρεισελθὼν
927 1130 941 1194 ί
962 1134 1028 1201 νοῦς
1050 1129 1250 1206 ίξεπαίδευσο

56 1234 111 1299 τὸν
142 1232 358 1314 Τηλέμαχον,
392 1236 424 1299 οῦ
456 1232 512 1298 Osci
535 1232 799 1313 παρακαίημίνη,
824 1235 877 1298 καί
901 1237 990 1299 ταῦθ’
1013 1227 1036 1299 ίι
1059 1235 1147 1315 λέγει
1169 1264 1250 1320 παρ-

57 1343 189 1407 αινοῦσα
221 1327 491 1411 διαπεττεῦοντος·
525 1339 586 1417 ἄγε
612 1339 667 1422 δη,
692 1339 806 1418 Φησίν,
831 1337 852 1404 ὦ
872 1341 1068 1422 Τηλέμαχε,
1089 1347 1247 1424 μειρακίου

56 1448 123 1526 γὰρ
149 1445 204 1521 ἤδη
229 1468 259 1510 τι
282 1451 401 1526 Φρονεῑς
423 1445 535 1510 πλέον·
559 1445 623 1529 ,νῆ’
644 1445 742 1524 ἄρσας
760 1481 779 1495 ·
792 1445 912 1537 -ἔρχιο
933 1449 1117 1526 πευσόμενος
1131 1455 1247 1532 πατρίς

56 1552 110 1629 δην
136 1552 330 1632 οίχομίνοιο.”
353 1552 438 1632 Quid
460 1552 513 1618 hic
536 1551 825 1618 locorum·codices
848 1554 1031 1638 praebeant,
1052 1576 1091 1621 cx
1109 1558 1248 1626 Mchlcri

54 1636 196 1726 indiciis‘
214 1661 378 1744 perspicue
409 1657 559 1725 conficere
589 1680 652 1724 non
676 1662 783 1744 potui:
807 1679 886 1745 quse
909 1665 1061 1747 exscripsi
1084 1684 1122 1729 ex
1145 1665 1246 1752 ipsius

55 1772 133 1833 sunt
164 1769 361 1843 coniectura,
393 1787 489 1850 qunm
520 1768 567 1830 ite
590 1765 768 1851 praedicet:
796 1768 901 1842 „iusto
924 1767 1058 1834 ibrtssse
1078 1778 1126 1836 est
1149 1774 1245 1841 euda-

53 1874 142 1956 eins‚
172 1871 255 1958 quod
290 1892 395 1937 mecm
428 1873 569 1958 corrupti
595 1870 658 1937 loci
680 1874 891 1936 recensionem
916 1873 949 1937 in
973 1879 1101 1940 textum
1123 1882 1245 1965 recepi,

55 2016 76 2030 ·
89 2014 110 2030 -
135 1999 198 2065 qne
232 1981 378 2064 scriptori
413 1981 602 2045 sententium
634 1998 725 2043 suum
755 1980 915 2063 propriam
946 2001 1013 2046 esse
1043 1987 1245 2073 restitutam,

53 2086 139 2152 mihi
162 2091 210 2152 cst
232 2085 453 2171 pcmuusum.’'
475 2084 562 2150 Mihi
586 2106 678 2168 vcro,
705 2123 740 2134 -
771 2085 875 2150 dicam
899 2092 1022 2171 operte,
1048 2127 1088 2138 -
1113 2112 1175 2158 non
1199 2097 1245 2162 itn

52 2210 242 2279 persuasum
265 2198 323 2258 est.
370 2192 430 2257 Sed
455 2192 596 2277 primum
620 2190 840 2258 Schowiunem
864 2195 1077 2261 recensionem
1107 2200 1246 2268 conferc-

51 2319 145 2365 mus:
177 2299 247 2364 τίνα
276 2300 373 2365 τοίνυν
398 2300 604 2379 παρσισελίὼν
629 2301 642 2363 ί
666 2304 731 2370 νοῦς
755 2298 893 2376 ίξοπαίδ.
918 2323 946 2365 τ.
973 2301 1182 2386 Τηλίμαχον;
1209 2312 1241 2377 οὐ

50 2407 127 2478 tric
152 2405 428 2487 παρακαθημένης,
454 2406 506 2469 καί
531 2410 654 2488 ταῦτα,
679 2406 700 2469 οἳ
725 2405 832 2483 λέγει,
864 2409 1089 2493 παραινούσης,
1118 2410 1244 2481 διαπετ-

49 2617 167 2702 surde,
187 2619 277 2704 (quid
299 2621 382 2683 enim
407 2618 469 2684 sibi
494 2617 566 2685 vult
588 2620 659 2683 τίνοι
683 2619 733 2682 τὸν
758 2618 963 2702 Τηλέμαχον,
984 2628 1056 2699 cut,
1077 2626 1105 2688 si
1122 2630 1244 2712 mavis,

49 2725 122 2792 τίνα
156 2723 380 2806 παριισιλίιίνί
412 2725 490 2810 quid
520 2726 533 2788 ί
558 2730 622 2796 νοῦς
649 2726 719 2798 ίεῦς
744 2725 1037 2814 παρακαίημίνηςί)
1058 2735 1091 2795 ct
1114 2752 1133 2796 a
1156 2734 1241 2815 cudi,-

49 2853 129 2899 cnm
163 2830 353 2921 lectionibus
387 2834 507 2919 megin,
543 2839 581 2897 ut
615 2831 759 2907 videtur,
791 2830 999 2899 Mehleriunis
1029 2836 1241 2907 abhorrentis.

47 2940 80 3005 A
103 2937 267 3005 codicibus
290 2941 376 3003 enim
400 2944 432 3003 et
456 2941 551 3003 αὐτοῦ
571 2946 604 3003 et
623 2937 699 3002 ἀλλ’
722 2938 837 3002 absunt
856 2944 889 3004 et
907 2959 963 3023 pro
982 2945 1142 3027 genetiuis
1156 2946 1238 3026 (θεῖος

49 3080 72 3096 -
85 3078 107 3096 -
131 3045 349 3130 παραινούσης)
375 3044 565 3111 nominativi
590 3043 750 3132 leguntur.
799 3043 835 3109 In
858 3065 895 3110 eo
915 3050 1041 3111 tentum
1063 3034 1252 3118 laudandus

47 3150 234 3235 Schowius,
258 3152 342 3236 quod
366 3152 461 3217 verbu
484 3158 579 3237 prout
602 3151 771 3216 truduntur
793 3171 855 3216 non
878 3151 1044 3218 cohaerere
1066 3154 1240 3241 deprehen-

46 3259 117 3336 dit,
149 3256 226 3324 licet
258 3259 293 3322 in
322 3259 527 3323 connectendi
558 3260 723 3325 eonomine
747 3256 921 3324 offenderit.
970 3258 1108 3326 Mehlcri
1131 3270 1240 3330 sutem

47 3372 161 3433 textus
189 3385 268 3430 num
302 3363 406 3429 multo
436 3367 617 3430 concinnior
640 3361 708 3430 cst?
732 3363 822 3444 Quod
847 3364 930 3430 edit:
955 3363 1026 3439 ίδιος
1050 3367 1064 3431 ί
1087 3373 1152 3441 νοῦς
1177 3369 1240 3448 ἐξε·

46 3471 201 3538 παίδευσο
232 3495 260 3535 τ.
287 3472 501 3554 Τηλέμαχον,
534 3474 566 3535 οῦ
597 3471 651 3535 teci
683 3471 947 3551 παρακαίημίνη,
973 3473 1140 3540 cohaerent
1162 3477 1240 3544 hsce

46 3576 276 3665 etintellego:
304 3583 338 3642 st
361 3599 399 3641 ex
422 3577 462 3641 iis
486 3598 566 3663 qucc
589 3586 765 3662 sequuntur
782 3597 843 3642 non
864 3577 1003 3663 emplius
1022 3600 1075 3645 me
1095 3583 1238 3668 expedio.

48 3683 137 3766 Quid
169 3684 310 3768 ineptius
343 3689 391 3748 est
422 3705 518 3768 quum
552 3685 605 3750 ίειὶ
638 3684 726 3748 ταῦθ’
750 3675 772 3748 ἃ
796 3682 883 3761 utre
907 3686 1122 3763 παραινοῦσαί
1146 3689 1237 3769 Quod

46 3788 219 3856 vinculum
242 3792 275 3855 in
298 3790 367 3855 his:
392 3791 460 3862 ίδιος
486 3791 500 3855 ὃ
525 3797 589 3863 νοῦς
615 3788 830 3866 ίξιπαίδευσε·
861 3788 930 3867 ἄγε
948 3792 1003 3868 δη,
1029 3792 1146 3873 Φησίνί
1175 3795 1238 3862 mx-

47 3897 230 3981 perimor,
262 3897 375 3981 ecquid
408 3917 580 3981 proponere
611 3894 771 3980 possimus
801 3899 906 3984 magis
937 3902 969 3962 et
998 3918 1111 3964 snnum
1133 3907 1166 3967 et
1188 3924 1239 3969 co·
1281 3907 1286 3918 ‘

48 4002 203 4068 haerens:
235 3999 350 4085 (Ὅτι)
383 4003 452 4072 ἴδιος
486 4003 583 4067 τοίνυν
607 4004 811 4079 παρεισελίίον
836 4003 850 4066 ὁ
874 4007 938 4073 νοῦς
961 4001 1164 4080 ίξεοταίῦευσε
1188 4010 1240 4075 τὸν

51 4108 265 4190 Τηλέμαχον,
298 4111 331 4173 οῦ
364 4110 417 4173 Osci
442 4109 705 4187 παρακαίημένη,
732 4113 784 4171 καί
809 4108 898 4172 ταῦθ’
923 4101 944 4174 ἃ
968 4111 1055 4188 λέγει
1079 4123 1238 4192 παραινΕΙ

54 4214 321 4283 ῦιαπεττειίοντος.
358 4216 422 4293 ἄγε
458 4214 514 4292 δή,
551 4216 648 4295 Φησίν
684 4229 753 4279 κτλ.
801 4213 866 4291 lte,
900 4222 938 4280 ut
967 4223 1106 4302 oportet,
1146 4224 1244 4288 verbe

54 4323 143 4390 ταῦθ’
178 4319 200 4388 ἃ
237 4323 325 4400 λέγει
359 4324 403 4406 (in
435 4323 552 4408 quibus
585 4323 674 4386 ταῦθ’
705 4322 796 4387 verbi
826 4324 1159 4400 experrectiorem
1182 4333 1243 4414 cst)

1060 4444 1095 4493 80
