2978 4950
616 259 679 325 111

126 448 205 512 ituit.
253 447 409 513 Restituit
452 447 559 513 κατά
601 447 758 521 κίνησιν
802 469 859 534 pro
900 445 1120 525 κατακίνησις,
1160 439 1243 530 quod

126 555 217 631 sinus
248 554 277 620 D
307 561 417 641 postea
441 576 591 621 excussus
615 560 647 620 et
671 562 764 622 vetus
789 554 1017 636 Quaestionum
1041 553 1139 620 editio
1161 573 1245 619 com·

126 667 274 727 taverunt.
320 660 477 727 Restituit
507 663 719 726 necessarium
752 661 804 726 καί
837 664 920 727 inter
943 662 1187 741 ἀγανακτήσεως
1211 664 1243 726 et

126 774 214 841 τικῆς
246 769 412 849 ἐνεργείας.
458 767 616 833 Restituit
646 769 904 851 inquinatissima
934 769 969 833 in
991 767 1140 833 finesic:
1164 764 1243 831 ἀτό-

126 899 136 946 ς
163 874 220 952 μὲν
249 875 362 957 χόλος,
395 875 513 952 με’νος
544 873 611 938 καί
643 880 780 951 μῆνις·
809 882 928 965 μῆνις
956 872 1242 952 atrebatarum

127 986 257 1061 ηρούσα,
290 980 430 1056 κότος,
462 980 496 1046 id
520 987 568 1046 est
590 982 638 1046 ita
660 980 742 1065 fere,
765 985 803 1045 ut
823 1001 934 1047 revera
956 986 1050 1048 retus
1072 980 1244 1068 Porphyrii

126 1089 151 1154 io
179 1087 296 1173 scripta
326 1108 364 1152 ea
395 1087 534 1153 exhibet.
583 1084 714 1154 Caetera
743 1106 805 1152 non
836 1089 943 1173 potuit
972 1089 1155 1165 restituere,
1186 1109 1245 1170 nec

126 1213 221 1279 quam
252 1196 385 1280 poterit,
414 1196 476 1259 nisi
500 1195 556 1278 qui
580 1194 682 1278 ipsam
706 1193 878 1259 editionem
902 1195 1084 1278 inspexerit.
1130 1193 1243 1280 Itaque

126 1299 221 1366 lenter
260 1300 415 1366 abstinuit
450 1321 602 1378 manum,
636 1299 772 1365 addens:
810 1299 886 1377 „scd
921 1302 1085 1385 sequentia
1119 1321 1243 1386 quoque

126 1410 215 1483 rant;
246 1409 280 1471 in
310 1407 425 1492 quibus
457 1412 564 1472 tamen
596 1406 680 1485 μετά
711 1404 811 1479 λύπης
836 1403 957 1486 ὀρέξεως
982 1411 1030 1471 est
1052 1406 1137 1472 idem
1160 1406 1244 1493 quod

126 1512 282 1593 ἀόρέξεως
306 1518 359 1577 τοῦ
384 1512 517 1577 λνπεῖν”.
543 1512 585 1577 st
608 1517 692 1578 recte
714 1513 799 1577 fecit.
824 1511 901 1593 Quis
924 1514 1010 1577 enim
1031 1510 1149 1597 absque
1168 1513 1244 1579 Por·
1318 1513 1320 1517 ’

127 1621 163 1684 rii
188 1625 280 1685 textu
310 1618 426 1685 dixerit
457 1618 534 1705 quid
566 1621 626 1684 sit:
658 1618 710 1683 καί
745 1615 825 1683 ἔστιν
963 1616 1062 1683 ὥστε
1096 1617 1243 1692 ἀπόόετος

135 1723 224 1806 χόλος
248 1724 336 1803 μένος
363 1761 450 1775 ---
473 1726 525 1790 καὶ
550 1720 649 1796 ὅπως
675 1726 750 1803 όρμῆ
776 1760 863 1775 -·-
891 1728 907 1800 ri
932 1725 1025 1805 ύργῆ,
1056 1725 1109 1791 καί
1140 1722 1242 1800 ὅπως

126 1830 285 1908 ἀαύξησιν
306 1856 335 1895 τ.
350 1834 375 1896 ό.
394 1828 538 1909 γίνεταιί
562 1827 679 1897 Contra
701 1832 806 1915 ipsum
830 1830 1002 1918 Porphyrii
1025 1835 1149 1896 textum
1173 1852 1244 1898 con-

126 1939 262 2004 rantibus
291 1960 341 2004 res
377 1944 425 2004 est
460 1937 707 2023 simplicissima.
755 1935 801 2001 Ut
831 1957 925 2023 supra
955 1938 1021 2003 iam
1045 1935 1243 2025 significavi,

126 2051 163 2111 tor
191 2046 399 2130 disputationi
431 2047 520 2129 quasi
550 2043 713 2130 epilogum
744 2042 833 2108 addit
864 2063 1000 2128 eumque
1031 2045 1101 2108 κατ’
1133 2044 1244 2110 ἀνακε-

126 2151 250 2228 αίωσιν,
285 2154 376 2216 cuius
406 2157 513 2216 tamen
542 2152 646 2236 prima
677 2152 774 2214 verba
804 2169 867 2213 non
889 2154 964 2215 sunt
987 2149 1039 2214 καί
1064 2148 1163 2232 ἔστιν,
1188 2150 1244 2217 sed

126 2259 302 2324 retrabere.
351 2257 422 2322 Iam
446 2257 591 2323 tenebrae
614 2255 762 2320 disiectae
783 2262 867 2320 sunt.
913 2253 1086 2335 Είρηται
1110 2257 1244 2322 τοίνυν

150 2367 165 2440 t
187 2366 244 2442 μὲν
269 2364 374 2428 κοντοὶ
400 2363 559 2438 κίνησιν
583 2358 760 2442 πρόσκαιρος
785 2362 858 2439 όργῆ
881 2362 978 2442 χόλος
1002 2363 1067 2427 καί
1092 2361 1242 2441 ύνμός·ῆ
1340 2343 1345 2360 ⁴

129 2475 206 2548 μετ’
244 2472 490 2550 ἀγανακτήσεως
524 2470 603 2554 (καί
636 2467 709 2553 ins.)
742 2466 904 2548 δραττικῆς
930 2469 1083 2549 ἐνεργείας
1106 2471 1243 2551 χύεσόαι

126 2601 185 2642 ιται
206 2578 259 2642 καί
276 2576 460 2657 σκύζεσθαι·
481 2579 553 2640 ὨΟ
566 2578 604 2640 Δ’
617 2574 765 2646 ἀπόθετος
780 2573 904 2660 (malim
919 2576 988 2639 ἕνα
998 2575 1046 2641 τό
1054 2577 1068 2641 ό
1078 2599 1185 2653 ετος,
1207 2582 1244 2643 ut

126 2704 152 2750 ra
169 2690 233 2761 est,
254 2682 523 2769 quemadmodum
547 2684 581 2747 in
605 2681 714 2746 eadem
734 2701 768 2746 re
787 2682 883 2746 verbo
903 2682 1116 2748 ἐναποκεῖσθαι
1129 2683 1246 2769 utitur)

126 2815 131 2846 ι
154 2792 248 2872 χόλος
274 2788 363 2868 μόνος
383 2790 435 2854 καί
465 2797 600 2866 μῆνις·
626 2784 728 2862 αὕτη
755 2787 786 2852 at
810 2786 845 2851 τὸ
868 2787 1038 2864 ἀμύνεσθαι
1063 2790 1246 2870 ἐπιτηροῦσα

126 2906 196 2962 ec·
228 2896 280 2960 καὶ
314 2893 416 2967 ὅπως
450 2895 524 2976 όρμῆ
550 2894 741 2974 ε’πηρτημὲνη
765 2894 850 2972 μετά
875 2893 976 2967 λύπης
1003 2895 1100 2980 [καί]
1125 2893 1246 2975 όρέξεως

126 3005 196 3087 ργῆ,
221 3002 273 3067 καί
300 2998 401 3073 ὅπως
426 2999 511 3065 κοιτά
536 2998 665 3074 αὔξησιν
689 3004 742 3065 τοῦ
767 3001 860 3076 ίωμοῦ
885 3000 1042 3077 γίγνεται.
1073 3000 1167 3067 Nunc
1191 3001 1248 3069 ali-

126 3111 237 3195 ntisper
265 3129 284 3173 a
306 3107 486 3193 Porphyrio
509 3105 723 3178 discedamus,
751 3107 865 3170 moniti
887 3106 944 3170 ubi
965 3109 999 3169 in
1024 3107 1093 3171 eius
1121 3109 1248 3174 ratioci-

126 3216 236 3280 onibus
270 3213 392 3299 aliquid
426 3214 604 3277 inconcinni
638 3210 843 3294 offendimus,
872 3211 906 3276 id
937 3231 1000 3277 non
1025 3232 1149 3297 semper
1179 3220 1247 3279 tam

153 3342 217 3387 esse
251 3319 478 3405 imputandum
515 3323 627 3404 argute
663 3322 695 3382 et
726 3316 888 3381 subtiliter
918 3318 1112 3402 disputanti,
1149 3339 1246 3405 quam

126 3427 335 3510 amatoribus,
367 3445 460 3509 saepe
490 3420 527 3489 e'a
558 3423 781 3489 omittentibus
805 3424 921 3507 quibua
944 3423 1070 3490 omissis
1092 3427 1249 3492 sententia

126 3531 200 3600 ditus
222 3531 455 3619 pessumdatur.

126 3740 154 3825 3,
174 3742 246 3808 323.
270 3744 364 3809 Proci
388 3741 579 3807 cavillantur
602 3738 831 3805 Telemachum
856 3743 989 3839 iamiam
1014 3741 1248 3809 discessurum:

126 3847 200 3926 arlo,
226 3847 274 3915 ἵνα
307 3849 517 3914 ἀπιστούντων
549 3847 601 3912 καί
632 3848 871 3926 κραιπαλώντων
895 3847 973 3924 λάόη
997 3851 1014 3925 ῆ
1038 3846 1148 3925 ἔξοδος.
1175 3849 1248 3937 (Μ.)

126 3973 235 4021 momen
278 3956 385 4022 deesse
424 3956 552 4039 nequit:
589 3949 639 4018 ἵνα
678 3952 888 4019 ἀπιστούντων
924 3955 975 4019 καί
1013 3954 1251 4036 κραιπαλώντων

126 4057 496 4149 imdquffim.

126 4261 157 4343 d,
185 4269 255 4338 325.
287 4270 304 4346 ῆ
329 4270 422 4349 μάλα
447 4269 642 4349 Τηλέμαχος
667 4269 758 4350 φόνον
783 4270 855 4346 ῆμίν
879 4266 1065 4351 μερμηρίζει.
1111 4268 1253 4360 Egregia

126 4375 184 4440 rad
209 4379 292 4446 hunc
324 4398 451 4444 versum
485 4375 645 4441 adnotatio
678 4377 807 4462 critica,
838 4378 906 4442 sine
929 4376 1025 4444 dubio
1049 4397 1087 4442 ax
1110 4374 1252 4465 Didymo
