2978 4950
721 142 787 212 478

155 333 338 411 λέγομεν
369 330 415 397 ύτι
444 334 480 399 τὸ
508 332 612 404 δίπους
638 333 720 398 ἐστίν
747 334 949 413 δύνθρωτος,
969 333 1005 397 τὸ
1025 331 1150 414 τρίπους
1176 334 1327 419 [σημαίνει]

155 442 286 522 γέροντα
327 438 533 518 βαστάζοντα
569 440 762 520 βακτηρίαν,
798 440 850 534 xpi
886 442 921 505 τδ
957 440 1131 520 τετραίπους
1167 441 1202 521 τὸ
1236 440 1329 515 νιίτιιν.

154 548 300 613 Praestat
332 548 384 610 καὶ
417 546 523 624 λύει,
554 568 617 630 quo
640 556 781 612 correcto
804 549 941 613 abiicere
963 550 1143 633 poterimus
1165 546 1330 621 σημαίνοι

154 652 319 719 Dindorfio
350 652 440 717 nullo
472 660 578 718 vetere
610 659 691 718 teste
724 657 889 719 incertum.
938 654 1079 719 Tandem
1113 653 1199 738 apud
1228 656 1331 719 attice

154 766 300 845 receptus
332 765 483 822 τελευτῶν
515 760 528 822 ύ
562 759 707 831 Οίδίτους
738 762 789 826 διδ
821 770 920 840 γῆρας
945 761 1144 839 παρεκάλεσε
1169 761 1222 824 τὸν
1245 763 1331 834 Θησέα

155 866 260 945 μηδενί
293 872 351 930 τῶν
385 866 533 941 Θηβαίων
564 863 663 940 δεῖξαι
695 866 746 930 τὸν
778 869 889 947 τάφον.
921 869 1064 940 έθελιῑσαι
1089 868 1154 945 γὰρ
1180 868 1270 931 αύτδν
1290 869 1331 933 aci

155 973 254 1053 νεαρὸν
278 973 469 1037 αἰκίσασθαι.
510 971 617 1037 Immo
641 974 719 1038 έθελ.
744 999 780 1051 y.
807 975 957 1046 αὐτοὺς
981 999 1010 1038 ιι.
1035 973 1136 1056 νεκρδν
1161 975 1331 1040 αίαίσαοθαι

199 1202 238 1263 λ,
264 1183 340 1249 309.
374 1185 514 1262 Ζείδωρος
540 1182 652 1260 ἄρουρα
676 1204 737 1248 uon
762 1185 918 1260 111ιὶτόι
944 1188 1053 1263 τινὸς
1079 1183 1159 1264 ζαίρν
1183 1182 1330 1261 δωρουμένη

154 1302 197 1372 γῆ
233 1292 297 1375 (Q),
327 1291 411 1376 quod
435 1289 569 1355 ridicule
594 1291 712 1366 editur,
739 1289 794 1355 aed
818 1293 835 1365 ἡ
860 1293 902 1353 τὰ
928 1299 1038 1356 flPOC
1061 1290 1140 1371 ζωὴν
1165 1288 1330 1368 δωρουμένη,

153 1398 425 1485 quemadmodum
452 1417 514 1463 non
538 1397 644 1462 solum
667 1396 901 1484 Laxicographi
924 1398 1042 1463 habent
1064 1417 1197 1473 omnes,
1219 1394 1331 1482 Apollo

152 1508 243 1580 niue,
269 1504 423 1585 Photiue,
447 1503 645 1588 Hesychius,
670 1503 724 1567 aed
750 1503 916 1568 emendate
940 1512 1028 1569 extat
1050 1503 1092 1568 ad
1116 1527 1139 1581 ρ
1165 1502 1199 1568 3.
1226 1500 1251 1586 ¹}

199 1730 235 1799 λ,
260 1713 337 1779 320.
384 1713 473 1785 Γένυς
498 1712 583 1778 male
606 1713 725 1777 dicitur
747 1716 782 1776 in
804 1711 837 1777 Η
861 1713 1069 1785 πληθυντικῶς
1095 1714 1270 1786 αἰτιατικῆς
1288 1731 1330 1798 pro

153 1825 349 1899 πληθυντικιῑ
356 1846 382 1893 ς.

199 2053 240 2122 λ,
266 2035 343 2101 321.
390 2037 538 2115 Κέφαλος
560 2036 690 2106 νομίσας
711 2031 901 2114 εἶναιθηρίον
916 2072 935 2083 -
948 2066 968 2083 ·
981 2034 1090 2099 ἔλαθεν
1113 2033 1330 2114 αύτίρνΠρθκρν

153 2145 393 2213 κατακοντίσαι.
430 2142 484 2228 (V)
524 2141 656 2227 Oportet
689 2148 765 2206 noto
801 2162 879 2205 ueu:
915 2141 1025 2206 ἔλαθεν
1060 2140 1189 2205 αύτδν
1225 2140 1331 2221 Πρθιρν

153 2250 393 2322 κατανοντίσας.

200 2480 236 2538 λ,
263 2461 338 2527 326.
387 2464 425 2527 Ι1
458 2463 589 2527 historia
621 2462 659 2526 de
689 2461 883 2545 Amphiarao
913 2469 944 2525 et
977 2461 1134 2548 Eriphyle
1158 2485 1222 2529 nou
1246 2463 1332 2530 solun

152 2572 357 2647 ὡμολόγησαν
377 2572 410 2632 11
431 2568 626 2654 singularem
650 2568 858 2636 mutandum.
883 2568 965 2650 quod
979 2589 1147 2652 operarum
1166 2573 1283 2634 vitium
1297 2577 1332 2634 eet

153 2677 268 2762 (Praei.
296 2675 400 2756 uix),
425 2675 477 2738 sed
500 2712 540 2721 -
567 2675 648 2757 quod
680 2673 806 2737 maioris
828 2673 922 2757 paulo
943 2677 1099 2738 momenti
1122 2714 1165 2722 —
1187 2676 1334 2741 leuissima

151 2785 342 2848 correctione
374 2802 410 2845 ea
435 2783 560 2844 restitui
584 2790 732 2864 possunt,
758 2800 836 2862 quac
861 2788 893 2842 et
917 2780 1067 2844 Barneeio
1092 2788 1125 2845 et
1151 2782 1334 2847 Buttmanno

152 2890 299 2955 lacunosa
323 2888 513 2951 videbantur
536 2870 593 2949 nec
618 2889 684 2950 eine
713 2889 831 2950 maiore
855 2886 1020 2951 molimine
1041 2889 1192 2953 sananda.
1218 2890 1333 2954 Editur:

150 2996 298 3072 λαβοῦσα
331 2995 361 3057 δὲ
394 2995 410 3066 ἡ
444 2993 594 3070 Ἐριφύλη
627 2994 676 3056 τὸν
704 2990 792 3069 ὅρμον
817 3028 870 3040 --
896 2992 1092 3070 προέθετο
1116 3003 1179 3065 τοῖς
1208 2996 1273 3072 περί
1295 2999 1334 3058 τὸν

146 3102 319 3178 Ἄδραστον
351 3099 614 3178 βιαζομένοις
647 3099 697 3160 τὸν
731 3096 931 3177 Ἀμφιάραον
960 3099 1063 3162 ίδύντα
1089 3101 1145 3172 τὴν
1169 3108 1229 3163 τῶν
1254 3102 1331 3179 δύρυν

149 3210 303 3289 ὑποδοχὴν
329 3208 379 3269 καί
406 3206 511 3270 πολλοὶ
540 3206 595 3277 τίρν
620 3206 788 3282 Ἐριφύλην
813 3205 1046 3287 αἰτιασάμενον,
1073 3209 1169 3270 αὑτὸν
1191 3213 1248 3284 μέν
1268 3206 1331 3284 lker

149 3324 247 3392 μῆσαι
282 3317 352 3392 πρὸς
385 3315 438 3385 την
472 3314 653 3390 στρατείαν,
691 3314 883 3388 Ἀλκμαίωνι
917 3314 946 3375 δὲ
980 3314 1155 3391 προστάξαι
1191 3350 1244 3364 ·-
1269 3319 1331 3379 ἀπο

149 3433 264 3486 κτεῖναι
303 3423 357 3492 τίρν
393 3420 520 3497 μητέρα.
560 3419 617 3502 (V)
650 3418 865 3483 Buttmauuue
894 3418 1040 3483 lacunosa
1065 3422 1331 3507 111111ρεί1111-

149 3531 265 3593 bantur
307 3532 351 3592 eic
388 3529 560 3590 sarciebat:
606 3528 784 3602 υπροσέθετο
820 3527 976 3610 (adjunxit
1012 3540 1058 3596 se)
1093 3536 1158 3598 τοῖς
1196 3531 1262 3608 περὶ
1293 3528 1332 3590 τὸν

144 3636 231 3713 ”aaa
269 3634 462 3714 βιαζομένοις
499 3635 550 3696 τὸν
586 3633 786 3711 Ἀμφιοίραον
822 3633 1038 3708 συστρατεύειν
1074 3635 1195 3705 αὐτοῖς.
1232 3637 1280 3699 τὸν
1309 3633 1331 3695 δὲ

147 3740 347 3820 ’λμφιύραον
383 3767 410 3802 κ.
433 3766 460 3802 τ.
488 3740 529 3802 ἐ.”
576 3738 777 3820 Scribamua,
820 3739 967 3802 adsumta
1010 3741 1113 3822 priore
1158 3740 1330 3807 Buttmanni

148 3847 368 3911 emendatione
400 3867 498 3930 eaque
529 3848 712 3909 verissima:
745 3845 890 3921 aeliutica
924 3845 955 3908 δὲ
988 3846 1005 3917 ἦ
1036 3843 1193 3925 Ἐριφύλη
1227 3874 1255 3912 τ.
1277 3846 1330 3924 ύρμ.

152 3989 204 4003 --
238 3954 457 4031 προσέθετο
489 3961 551 4022 τοῖς
585 3953 650 4029 περί
674 3952 724 4014 τὸν
747 3952 918 4026 Ἄδραστον
942 3952 1021 4034 (τὸν
1045 3952 1187 4038 ἄνδρα)
1213 3956 1328 4032 βιασο-

149 4063 258 4134 μένη.
295 4062 389 4142 (καὶ)
423 4064 472 4123 τὸν
501 4059 700 4138 Ἀμφιάραον
727 4097 765 4105 -
792 4060 885 4122 αὑτὸν
908 4062 965 4131 μέν
990 4057 1159 4138 ἐξορμῆσαι
1185 4098 1226 4109 -
1251 4064 1328 4125 Ἀλν·

183 4300 208 4362 l)
228 4296 351 4358 Ζείδαρον;
373 4299 417 4352 τὴν
437 4298 471 4343 τὰ
491 4294 573 4343 πάντα
592 4294 648 4356 πρὸς
668 4294 698 4341 τὸ
718 4289 762 4355 ζῆν
780 4291 931 4354 δωρουμένην.
949 4293 996 4353 (ll.)
