2978 4950
705 189 749 271 27

132 385 181 463 ris
202 382 347 467 σόφρονα
369 384 422 451 καὶ
443 387 579 462 σννετήν.
604 385 707 452 Locus
724 387 1012 472 Epimerismorum
1033 385 1072 452 de
1091 407 1179 453 more
1190 385 1318 452 transiit

130 495 160 558 in
194 490 437 580 etymologica,
469 512 607 579 qnorum
639 491 825 560 Gudianum
856 495 966 560 omnic
993 495 1230 560 uccnmtiseims
1267 493 1319 560 de-

129 601 272 685 scripsit,
296 607 406 665 unctor
427 598 646 689 llltymologrici
669 599 783 687 Magni
806 599 901 685 poulo
920 599 1059 666 brevius.
1083 597 1196 665 Obiter
1216 601 1321 687 tungi-

130 711 180 770 tnr
203 705 315 771 eudem
337 725 387 771 res
409 707 444 771 in
466 704 605 772 Scholiis
627 706 668 771 ud
690 705 784 772 Ilied.
809 705 848 784 Β,
872 704 917 771 23
941 725 980 771 ex
1003 703 1101 772 Oodd.
1126 703 1191 770 BL.
1217 702 1318 769 Simi-

128 809 202 877 liter
228 813 251 876 i.
265 831 294 877 n
324 810 362 883 i.
396 809 461 877 659
492 832 555 877 non
585 811 786 878 scribendum
820 818 885 877 eet:
921 811 991 884 τοὺς
1022 818 1200 893 μνηστῆρας
1230 810 1261 876 n
1293 811 1319 876 cl

129 916 178 983 tto
202 917 338 1000 ἀρχηγοὶ
363 953 383 969 -
396 954 416 968 -
430 954 450 968 -
473 918 680 985 κατέπαυσαν
702 926 762 984 τῶν
785 919 909 997 θρόνων
934 918 975 997 έξ
997 915 1036 983 ὧν
1060 918 1220 1001 ἐτέρποντο
1241 918 1316 1006 (Β),

129 1023 182 1090 sed
212 1022 259 1090 δι’
291 1020 337 1089 ὦν.
385 1023 456 1092 Hoc
486 1027 573 1092 onim
601 1025 697 1112 paulo
728 1026 918 1111 exquisitius
948 1025 1072 1091 dictum
1103 1031 1153 1091 est
1177 1045 1234 1112 pro
1257 1018 1330 1108 οἷς

130 1130 304 1211 ι’τέρτοντο,
328 1129 412 1199 illud
435 1151 498 1198 non
522 1138 580 1199 est.

172 1369 215 1429 a,
239 1341 294 1410 69.
340 1342 510 1430 Neptunus
532 1341 624 1409 Ulixi

311 1451 479 1524 Κύκλωπος
504 1451 697 1533 κεχόλωται,
723 1446 755 1515 ὃν
776 1452 942 1532 ὀφθαλμοῦ
965 1449 1119 1518 ἀλάωσεν.

129 1555 179 1622 hd
211 1554 289 1623 heec
318 1577 358 1622 ex
387 1552 462 1622 HM
492 1555 641 1623 Scholion
665 1563 713 1622 est
741 1556 944 1624 huiusmodi:
979 1561 1032 1624 οὐκ
1068 1553 1101 1631 ν’νν
1136 1557 1175 1622 δὲ
1210 1557 1322 1637 μονό-

129 1665 321 1746 φθαλμος
355 1662 369 1728 ό
401 1663 540 1742 Κύκλωψ
564 1663 632 1727 καθ’
654 1661 791 1743 Ὀμνρον
815 1666 853 1736 ὠς
879 1664 948 1728 καθ’
973 1664 1119 1731 Ἡσίοδον.
1143 1664 1222 1747 φησὶ
1246 1670 1322 1744 γοῦν

132 1769 260 1848 ,πάντα
295 1767 328 1834 δέ
360 1769 385 1834 οἱ
416 1766 559 1851 βλέφαρ’
591 1769 680 1851 θμφὶ
704 1768 756 1834 καὶ
783 1769 902 1851 όφρθας
928 1770 1044 1853 („edde
1066 1766 1154 1836 εὗσεν
1176 1771 1321 1852 αὕτμνὶ.”

131 1875 240 1962 Dind.)
263 1876 304 1965 (ν,
330 1872 429 1960 389),
453 1877 512 1957 οὐχ
536 1877 575 1947 ὠς
600 1874 780 1958 Θεόκριτος·
808 1873 937 1954 ,οὕνεκά
960 1900 1012 1956 μον
1040 1885 1181 1943 πλατεῖα
1205 1881 1319 1960 (immo

131 1983 244 2067 λασθα)
278 1984 336 2062 μέν
370 1981 466 2063 θφρὺς
499 1982 548 2047 tc>
582 1981 676 2048 παντὶ
707 1982 869 2064 ceretro?
899 1982 1192 2077 μονόφθαλμος
1216 1983 1265 2052 οὖν
1288 1979 1322 2059 ἦν

134 2089 199 2153 καθ’
227 2086 383 2176 Ὅμηρον,
414 2094 468 2157 τοῦ
500 2090 562 2162 ἑνός
592 2093 689 2156 αὐτοῦ
721 2092 885 2172 ὀφθαλμοῦ
917 2091 1195 2173 τροτυφλενθόντος.
1246 2092 1324 2158 Fuit

133 2200 185 2289 qui
213 2200 262 2265 ite
291 2197 447 2273 indiceret
476 2195 699 2274 Aristarchus,
731 2197 915 2262 criticorum
947 2200 1137 2283 acerrimus,
1168 2200 1221 2264 cui
1243 2199 1322 2265 hoec

133 2305 311 2372 vindicarit
333 2300 472 2381 (lobetus
494 2301 530 2367 V.
557 2300 606 2369 Ol
631 2302 680 2368 Ne
704 2309 811 2368 eutem
828 2302 1033 2370 Aristarchus
1053 2306 1207 2391 ineptiet,
1227 2306 1323 2391 idque

132 2412 233 2479 eliens
257 2408 371 2497 culpe,
384 2447 426 2458 -
439 2411 558 2475 etenim
581 2411 616 2474 in
638 2407 700 2475 fine
720 2416 871 2478 monente
893 2409 1058 2478 Dindorfio
1081 2400 1324 2495 ,μονόφθαλμος

130 2518 340 2591 obliteratum
362 2502 404 2581 in
434 2514 503 2595 H,''
530 2554 571 2564 -
595 2515 829 2583 emendandum
857 2522 905 2582 est
938 2517 1251 2600 ἑτερόφθαλμος
1275 2512 1325 2584 οὖν

127 2619 160 2698 ἦν
192 2626 267 2691 καθ’
294 2625 447 2703 Ὀμνρον,
479 2623 564 2709 quod
595 2625 763 2710 occupavit
793 2644 941 2710 reponere
973 2623 1122 2691 Gohctns.
1167 2625 1236 2692 Nec
1264 2645 1325 2714 ego

122 2722 213 2801 hunc
248 2731 347 2796 huius
382 2728 502 2796 Scholii
532 2729 729 2795 mentionem
759 2732 956 2806 iniecissem,
988 2733 1052 2798 nisi
1083 2737 1115 2797 et
1139 2731 1239 2798 deco
1262 2729 1326 2799 olis

118 2838 287 2928 qmedern
310 2841 413 2902 essent
436 2836 593 2902 menende
615 2841 648 2901 et
671 2836 710 2902 eh
734 2857 771 2903 eo
795 2839 860 2903 iem
884 2839 1050 2904 emendato
1079 2837 1216 2903 eliorum
1235 2836 1326 2905 scho-

114 2941 247 3014 liomm
271 2944 508 3021 emendationes
531 2942 728 3028 repetendae.
777 2945 823 3009 hc
845 2946 988 3030 primum
1012 2965 1075 3010 non
1098 2950 1221 3010 rectum
1242 2943 1325 3010 mihi

111 3054 259 3128 videtur
283 3050 368 3136 quod
390 3051 424 3115 in
448 3050 551 3117 fronte
576 3048 710 3136 legitur:
736 3052 789 3124 οὐκ
810 3046 843 3124 ἦν
862 3049 899 3115 li
919 3050 1140 3130 μονόφθαλμος
1159 3049 1325 3131 eximo

110 3161 195 3227 καθ’
217 3157 378 3238 Ὅμηρον,
402 3175 541 3244 proquo
560 3157 687 3241 requiro
706 3155 867 3233 solennem
887 3155 1097 3224 concludendi
1116 3157 1325 3243 porticulum:

106 3269 176 3333 orire
205 3261 241 3341 tir
266 3262 346 3343 ἄρα
368 3263 607 3346 μονόφθαλμος,
631 3262 770 3328 confusis
792 3262 888 3329 modo
909 3283 973 3329 non
995 3265 1103 3329 minus
1125 3261 1248 3330 solenni
1272 3263 1325 3349 δέ,

105 3375 211 3456 γὰρ,
237 3370 312 3451 ἄρα.
340 3367 418 3455 (cfr.
443 3373 465 3435 i.
478 3391 507 3436 e.
531 3367 621 3435 ant.
645 3367 773 3436 Gomm.
797 3368 963 3458 Pelseogr.
988 3391 1020 3456 p.
1045 3368 1136 3457 713.)
1183 3368 1255 3455 Sic,
1280 3407 1325 3421 -

107 3489 159 3549 ut
193 3481 245 3546 rei
275 3477 576 3565 pervulgstiseimee
607 3475 755 3562 exemplu
785 3476 932 3553 efferum,
956 3514 1000 3529 -
1023 3481 1056 3543 in
1088 3480 1209 3552 νεκυίας
1233 3485 1325 3565 purte

106 3587 229 3655 alteru
259 3591 390 3651 notetur
420 3583 505 3648 inter
526 3581 704 3648 Aristarchi
728 3582 885 3649 stheteses
908 3583 947 3648 ed
971 3606 1018 3650 vs.
1046 3584 1130 3652 570:
1155 3585 1223 3649 οὐκ
1247 3583 1326 3667 ἄρα

108 3692 300 3773 ὑπεξῆλθεν
332 3692 347 3757 ό
371 3691 493 3766 Μόνος,
517 3687 567 3754 ἵνα
590 3691 734 3771 συνοφθῇ.
759 3687 874 3768 ἄλογον
899 3690 962 3772 γὰρ
986 3692 1021 3757 τό
1045 3691 1099 3756 καὶ
1123 3690 1178 3757 σὺν
1201 3690 1325 3776 δνκαζο·

108 3801 230 3877 μένοις
265 3797 318 3871 καὶ
350 3799 433 3876 αὐτῷ
465 3795 561 3877 δίφρῳ
594 3792 736 3871 ἐξελθεῖν.
782 3794 822 3860 ln
851 3796 1324 3887 qnoloco,e100dd.HQ'l

109 3908 235 3990 edito,
259 3903 453 3981 Hnrleisnns
474 3907 581 3980 noster
600 3901 663 3987 (H)
682 3901 782 3979 simul
801 3923 876 3969 cum
896 3903 1137 3993 Humbnrgensi
1156 3902 1211 3990 (Τ)
1231 3906 1325 3986 λόγον

115 4014 192 4092 γὰρ
215 4011 368 4099 prestent
389 4029 447 4097 pro
469 4009 586 4088 ἄλογον
608 4008 690 4092 γὰρ,
714 4006 909 4089 bellissime,
932 4013 970 4074 ut
993 4013 1134 4095 epperet.
1163 4013 1188 4096 ¹)
1233 4010 1324 4080 Idem

162 4197 188 4256 1)
209 4193 320 4259 ,Quippe
336 4191 381 4241 hoc
397 4192 447 4256 ugit
463 4191 560 4241 criticus
576 4217 652 4228 —-
669 4191 697 4238 nt
713 4190 860 4239 demonstret
875 4204 986 4255 personas
1004 4206 1063 4253 quus
1080 4190 1119 4240 hie
1136 4197 1256 4243 recensui
1273 4209 1324 4245 cm·

126 4293 171 4330 nes
195 4277 276 4329 ridere
301 4290 349 4324 uon
369 4275 474 4339 potuim
498 4274 618 4337 Ulyssem.
645 4276 671 4321 nt
694 4273 736 4336 qni
757 4271 856 4320 stom
872 4271 985 4335 unguine
1002 4270 1093 4337 replete
1110 4288 1157 4322 non
1175 4274 1323 4326 recesserit'³

132 4361 224 4410 ΒΜ
