2978 4950
737 251 803 321 22³

161 445 281 520 ἀφῆκε
306 437 370 522 [εδ]
396 435 451 517 πρὸ
475 435 628 517 dpereat
653 442 764 505 ἀάσσυν
787 445 841 505 τοῦ
866 441 1076 520 προσήκοντος.
1103 439 1198 526 (BQ).
1238 441 1365 506 Articu-

160 549 239 614 lum
278 543 385 611 locum
415 545 618 630 pessumdare
654 568 710 632 per
744 569 777 613 se
806 553 913 632 patet,
945 553 977 612 et
1006 548 1070 612 fere
1094 567 1363 633 supervacaneum

160 661 211 722 est
240 673 283 718 ex
305 651 422 718 iisdem
444 651 605 718 codicibus
629 653 683 734 BQ
707 659 740 719 et
765 664 927 738 praeterea
950 652 976 717 V
1001 653 1089 718 alind
1113 652 1256 718 scholion
1282 656 1366 719 enci·

159 767 237 826 sare
260 757 299 824 ed
319 757 430 824 eadem
451 757 548 823 verba
566 759 709 824 eiusdem
721 760 785 824 fere
797 762 986 824 sententiae:
1010 759 1081 839 πρὸ
1105 756 1204 837 ἀρσς
1226 765 1366 839 papatem

157 865 297 937 ἐποίησε
317 863 369 929 δεά
394 866 449 938 τὴν
473 864 522 927 ἀπ’
546 865 627 946 αὐτῇ
652 866 772 942 λύπην,
796 875 834 930 ut
857 886 983 930 causam
1006 867 1040 929 in
1061 886 1094 930 re
1113 868 1248 930 minime
1270 866 1367 933 dubia

158 973 384 1039 obtineamus.
424 969 552 1035 'Utilius
584 973 645 1036 erit
676 972 860 1048 admonere,
892 992 947 1036 nos
980 972 1033 1036 hic
1059 991 1182 1056 quoque
1208 972 1365 1060 originem

156 1077 291 1144 stultus
309 1076 562 1161 interpolationis
582 1077 746 1161 dispicere.
774 1077 900 1163 Nempe
919 1080 953 1142 in
969 1077 1080 1142 notula
1096 1080 1187 1166 prins
1207 1079 1366 1164 descripta

157 1203 232 1249 non
268 1183 376 1248 αὐτὸν
407 1184 512 1261 ἀφῆκε
544 1184 664 1248 codices
696 1186 863 1268 praebent,
887 1185 942 1250 sed
965 1186 1096 1261 αὐτήν,
1120 1184 1204 1268 quod
1228 1187 1362 1250 correxit

157 1288 401 1355 Buttmdnnus.
442 1290 511 1355 lam
542 1290 704 1367 videmus,
738 1291 814 1376 quid
846 1292 968 1356 tactum
992 1292 1044 1355 sit.
1091 1289 1200 1356 Scriba
1234 1291 1364 1375 quidam

157 1403 284 1462 vetere
306 1396 389 1484 sigla
413 1395 498 1461 male
520 1395 645 1481 expleta
665 1402 721 1461 aut
738 1399 806 1482 ipse
828 1399 963 1462 correxit
980 1396 1137 1462 actalius
1157 1396 1245 1482 quis,
1259 1400 1366 1483 depre-

157 1501 276 1575 henso
306 1503 425 1575 errore,
458 1487 576 1580 adi‘stv,
600 1504 782 1591 supervenit
809 1501 890 1568 alter
913 1505 969 1586 qui
991 1501 1165 1568 articulum
1190 1525 1257 1570 esse
1278 1512 1365 1572 ratus

159 1605 283 1674 alieno
304 1607 373 1674 loco
395 1608 535 1673 inferret.

209 1840 264 1888 π,
287 1815 339 1885 71.
376 1816 587 1883 Telemachus
617 1821 657 1885 ub
680 1819 822 1884 liumaeo
845 1825 994 1906 rogatus,
1019 1825 1057 1884 ut
1079 1824 1201 1905 petrem
1226 1820 1365 1886 mendici

160 1917 291 1990 habitu
311 1922 494 1991 latitantem
516 1927 693 2011 exciperet,
717 1926 892 2010 hospitium
917 1925 1047 1990 abnuit:

357 2037 421 2106 πῶς
444 2033 507 2113 pop
532 2034 566 2107 δὴ
590 2034 642 2098 τὸν
665 2031 759 2109 ξεῖνον
784 2034 860 2109 ἐγὼν
886 2032 1070 2110 ὑποδέξομαι
1094 2030 1179 2112 cisen

358 2139 452 2211 αὐτὸς
476 2141 533 2216 μὲν
556 2140 617 2212 υέσς
642 2140 705 2217 εἰμὶ
731 2140 783 2205 καὶ
809 2139 891 2206 οὔπω
915 2139 1005 2221 χερσὶ
1029 2140 1160 2204 risoria

353 2243 439 2323 ἄνδρ’
465 2246 701 2325 ἀπαμύνασθαι.

158 2340 270 2421 Qum
296 2354 342 2418 sic
374 2351 590 2438 explicantur:
616 2364 692 2427 πάΐς
717 2354 780 2429 cini
806 2354 857 2418 scal
884 2355 938 2419 οὐκ
961 2351 1024 2433 ἔχω
1049 2354 1141 2434 ἰσχὺν
1164 2363 1203 2435 τῇ
1227 2353 1368 2438 ἀσάευεάρ

154 2455 216 2523 ote
269 2459 397 2530 ἀσελσῦς
430 2461 553 2533 dernier
586 2485 662 2537 μου,
696 2456 775 2534 ὅπως
807 2461 973 2539 &advenas
997 2460 1066 2532 τσὺς
1092 2462 1163 2524 κάπ’
1188 2461 1242 2536 ἐμὲ
1265 2475 1370 2542 χαλε·

150 2560 366 2642 τείνοντας,
398 2566 450 2630 καὶ
480 2567 530 2631 διά
561 2573 650 2632 τοῦτο
682 2569 834 2648 δυσχερῶς
867 2564 929 2646 ἔχω
954 2571 1058 2631 πυῦσσυ
1082 2565 1134 2630 τὸν
1156 2564 1238 2642 ξένου
1264 2567 1370 2653 [educe

147 2659 261 2754 δὲ]
284 2671 498 2750 ὑποδέξασθαι.
522 2672 623 2758 (HQ.)
650 2673 876 2739 Molestissime
899 2676 1144 2759 interponuntur
1166 2673 1254 2750 μάυσς
1287 2675 1369 2754 ἐγώ,

145 2774 172 2832 ti
234 2785 327 2844 ccco
350 2779 414 2844 huo
435 2800 498 2844 non
521 2782 697 2864 pertinent,
722 2780 775 2845 sed
799 2801 861 2865 quo
885 2780 1013 2844 tandem
1037 2781 1192 2865 pertinere
1216 2780 1370 2846 censenda

144 2879 276 2946 sunt?
304 2883 451 2970 Suspicor
479 2906 517 2950 ex
548 2885 654 2972 glossa
684 2891 753 2950 orta
784 2907 850 2951 esse
874 2888 921 2950 ite
945 2885 1154 2950 nohabente:
1180 2884 1290 2971 αὑτός]
1316 2888 1372 2965 μά-

146 3003 194 3051 νος
266 2989 340 3068 ἐγώ,
373 2991 643 3075 quemadmodum
674 3014 704 3057 v.
725 3013 752 3056 c.
782 2992 931 3057 Atticum
955 2993 1044 3056 atrei
1067 2991 1160 3068 ἐσμεν
1184 2994 1370 3078 interpreta-

148 3086 294 3162 bantur
326 3098 410 3177 μάυσε
445 3096 554 3175 ἐσμέν,
585 3104 619 3165 et
651 3099 760 3164 statim
792 3098 875 3163 infra
906 3098 945 3163 ad
976 3117 1023 3163 vs.
1051 3098 1115 3162 104
1138 3100 1256 3165 iterum
1280 3099 1370 3175 μάυσς

151 3192 336 3283 obuncat,
371 3206 489 3270 iterum
524 3204 565 3271 sd
601 3204 694 3277 σὺσάς
728 3204 934 3289 adscriptum.
982 3203 1183 3269 Adscribitur
1213 3207 1299 3270 enim
1332 3207 1372 3272 sd

155 3319 178 3361 ῐ
228 3303 316 3377 104:
349 3312 440 3376 ἐλθὼν
472 3313 502 3382 lc
527 3311 662 3391 μάγάρσν
687 3309 885 3391 Λαερτιάδεω
909 3309 1056 3381 Ὀδυσῆος
1079 3311 1113 3374 in
1135 3309 1185 3374 H:
1210 3311 1262 3375 sal
1287 3309 1371 3381 σῦσσσ

158 3401 356 3482 tte-eom
389 3420 516 3502 (nempe
545 3439 605 3483 uon
638 3421 746 3483 miuus
778 3439 873 3502 quam
899 3438 945 3482 vs.
974 3415 1053 3493 101,
1081 3417 1172 3481 cuius
1196 3417 1371 3484 atheteseos

159 3511 289 3588 temen
318 3524 509 3589 memoriam
539 3523 625 3590 solus
656 3523 694 3588 M
722 3525 885 3607 servavit.)
910 3522 959 3586 δύο
983 3523 1046 3601 γάρ
1070 3522 1151 3598 adua
1175 3521 1327 3604 εάχεσσε,
1353 3526 1370 3598 ἢ

157 3625 252 3692 *αῖς
279 3629 315 3707 ἐξ
340 3629 513 3700 Ὀδυσσέως
537 3625 632 3713 εἶναι,
657 3630 674 3705 ἢ
701 3628 855 3714 [μόνος]
879 3630 1003 3699 αὐτὸς
1027 3630 1041 3693 ὃ
1065 3627 1245 3700 Ὀδυσσεύς.

201 3848 248 3914 Ρ,
280 3840 358 3907 291.
394 3840 431 3906 ln
461 3841 595 3906 historic
625 3841 705 3927 Argi
738 3841 823 3905 canis
853 3842 1030 3924 quaeritur:
1064 3846 1127 3911 πῶς
1152 3839 1203 3904 rte
1228 3862 1372 3916 μεσσμε·

106 3965 109 3975 “
149 3942 377 4021 μ(ρῑάδσυριέυσυ
412 3947 624 4029 torrentiorem
648 3945 882 4031 Respondetur:
908 3941 953 4010 ἀπε
975 3946 1085 4025 πσρά
1116 3948 1210 4018 τοὺς
1234 3945 1373 4026 ἀνθρώ·

148 4048 276 4121 ‘⁰²¹6
311 4054 393 4142 [acl]
428 4054 471 4118 πά
502 4052 608 4132 &loyce
640 4050 702 4132 ζῷα
731 4057 854 4127 μᾶλλον
877 4053 1154 4128 ἀντελαμβάυεπσι
1180 4054 1231 4118 καὶ
1258 4055 1292 4118 ἐκ
1317 4062 1372 4127 τῆς

146 4130 269 4226 ὀδμῆς
300 4161 394 4225 αὐτὸν
420 4160 548 4237 ἐπέγνω.
574 4159 673 4245 (Qv.)
696 4158 733 4223 ln
758 4159 958 4224 adnotatione
982 4159 1093 4224 critica
1116 4159 1271 4247 legimus:
1301 4159 1373 4237 „xci

144 4253 227 4358 ⁰3¹¹·
273 4266 323 4343 (δ”
363 4265 427 4333 Gur
455 4269 558 4354 igitur
588 4267 622 4330 in
653 4271 745 4330 textu
773 4262 955 4349 comparet?
978 4264 1044 4330 Nec
1069 4266 1151 4330 mihi
1175 4265 1373 4351 displiceret,

143 4360 171 4405 ⁵²
202 4372 289 4442 1³20
310 4375 397 4456 πσρά
418 4372 487 4446 τσὺς
507 4370 678 4453 ἀνθρώπους
699 4371 905 4438 scriberetur:
931 4371 1031 4452 πέρσ
1054 4377 1128 4436 τῶν
1151 4370 1372 4453 ἀνθρώπων.
