2978 4950
718 120 784 186 499

143 331 185 374 ex
222 309 278 391 QV
314 312 391 397 quid
422 311 465 377 sit
499 313 659 376 docemur.
691 313 805 391 'spate
839 314 925 377 κατὰ
959 314 1031 385 Διὸς
1063 309 1199 375 κθλενοιν
1229 307 1344 372 οὶνελθιν

145 419 261 496 Ἀργον
292 418 343 482 τὸν
375 423 429 489 τῆς
462 423 538 488 Ἰοῦς
571 418 706 499 Φθλακα
733 418 814 500 ἤχθη
841 419 898 484 ὑπὸ
924 419 1028 503 δόκην,
1051 416 1148 498 Ἥρας
1173 416 1266 480 αὐτόν
1290 414 1342 479 καὶ

144 530 206 587 τῶν
242 521 346 589 ἄλλων
380 523 569 602 ἀγαγόντων
605 525 674 589 θεοῖν
706 526 746 595 εἰς
781 525 874 604 κρίσιν
906 521 952 591 ότι
986 531 1100 605 πρῶτος
1131 522 1343 600 ἕπεβεβληκει

145 627 297 707 δαιμόνων
321 633 431 704 θνητῶν
455 632 618 705 μιοθοματι
642 629 694 694 τὸν
714 630 831 710 Ἄργον
855 631 907 697 καθ
933 614 1081 712 θνηρθιιει.
1108 629 1238 695 Prolixa
1257 634 1342 705 ncta,

145 739 239 802 cuius
262 759 345 801 nunc
369 737 500 801 initium
525 737 616 821 posui
639 739 781 825 graviter
801 743 1005 824 corruptum,
1025 737 1145 825 legitor
1166 738 1264 801 etiam
1277 740 1345 800 tota

146 844 213 908 fere
232 846 265 907 in
283 842 510 930 Etymologico
529 843 662 930 Magno,
685 846 717 908 in
731 844 859 909 brevius
872 848 1032 909 contracta
1045 843 1129 930 apud
1140 841 1342 929 Hesychium

146 957 181 1015 et
204 949 311 1036 Etym.
335 946 419 1015 Gud.
443 950 467 1033 ¹)
488 947 551 1013 Res
571 949 708 1014 editores
720 950 840 1036 fugisse
853 950 988 1027 videtur,
1003 957 1040 1015 ut
1052 970 1129 1015 mox
1142 947 1342 1023 videbimus,

146 1062 183 1121 at
215 1054 382 1142 Sylburgii
414 1053 613 1140 Albertiique
644 1055 848 1143 diligentiam
880 1076 942 1121 non
974 1056 1096 1144 effugit.
1144 1053 1213 1134 Quo
1237 1056 1342 1141 magis

147 1164 264 1238 miror,
289 1162 453 1226 neminem
478 1159 642 1226 offendisse
665 1163 699 1225 in
723 1163 763 1225 iis
783 1182 864 1246 quae
884 1167 1026 1227 extremo
1046 1162 1115 1226 loco
1132 1162 1233 1246 posui.
1259 1159 1344 1225 Nam

147 1267 227 1352 quid
252 1268 380 1332 tandem
404 1270 453 1332 est
477 1268 528 1333 τὸν
549 1269 667 1344 Ἄργον
692 1267 877 1345 ἐπιβάλλειν
903 1268 1013 1344 θνητῶν
1039 1264 1221 1346 μιθοματιθ
1245 1266 1345 1331 Inter·

145 1374 281 1452 fecerat,
305 1374 415 1458 credo,
440 1371 677 1464 Argum-Iovis
704 1376 809 1458 iussu,
834 1375 918 1459 quod
939 1376 1011 1460 quis
1031 1371 1151 1440 Graece
1172 1375 1217 1437 sic
1238 1369 1345 1437 dicatl

145 1480 211 1547 Sed
244 1481 293 1546 fac
317 1501 424 1565 posse,
450 1501 507 1544 cur
529 1479 710 1545 Mercurius
734 1486 849 1558 πρῶτος
875 1480 1024 1559 δαιμόνων
1048 1480 1083 1544 id
1106 1481 1217 1545 fecisse
1238 1480 1344 1566 argui-

150 1583 227 1653 tur?
262 1584 344 1652 Nolo
376 1593 514 1651 caeteras
544 1586 707 1651 molestias
739 1606 917 1671 recensere,
950 1607 1029 1671 quas
1060 1606 1170 1652 omnes
1194 1584 1345 1652 tollemus

145 1696 196 1759 sic
227 1693 407 1758 scribendo:
442 1689 488 1755 ότι
512 1699 629 1772 πρῶτος
654 1693 979 1771 περιεβεβλθκει
1005 1693 1207 1771 δαίμονας
1232 1694 1342 1766 θνητῶν

145 1799 310 1877 μιθοματι
341 1797 392 1862 τόν
419 1801 537 1877 Ἄργον
570 1799 790 1881 οἰνηρηκθς.
837 1796 963 1864 Desunt
995 1799 1071 1863 haec
1100 1801 1169 1884 ipsa
1195 1837 1235 1847 -
1262 1799 1345 1883 quod

145 1905 240 1972 doleo
253 1943 295 1953 -
310 1905 393 1990 apud
411 1903 657 1993 lltymologum,
678 1905 810 1971 fortasse
822 1906 906 1990 quod
918 1907 984 1970 iam
996 1910 1072 1970 tunc
1085 1912 1232 1990 corrupta
1244 1911 1343 1970 trans·

146 2013 286 2078 scribere
318 2008 439 2087 uoluit,
473 2011 641 2077 emendare
674 2032 736 2077 non
760 2013 876 2098 potuit.
924 2009 986 2076 Sed
1009 2013 1129 2096 requiri
1153 2012 1236 2096 quod
1261 2013 1344 2076 dice·

148 2121 246 2195 bam,
284 2116 493 2203 (Mercurium
525 2121 559 2182 in
590 2119 748 2183 iudicium
781 2138 848 2183 esse
881 2117 1074 2194 adductum,
1105 2118 1188 2203 quod
1220 2120 1344 2203 primus

145 2246 301 2310 superum
337 2224 409 2289 deos
445 2225 600 2312 sanguine
631 2225 772 2291 humano
804 2224 971 2310 polluisset
1001 2226 1088 2312 Argo
1120 2225 1307 2290 obtruncato
1319 2228 1342 2309 ,)

147 2331 203 2399 vel
223 2330 388 2416 sequentia
407 2334 485 2396 satis
506 2330 696 2397 defendunt:
717 2332 871 2412 κρόνοντας
892 2331 923 2395 δὲ
943 2332 1013 2402 τοὺς
1034 2331 1116 2404 θεοὺς
1137 2331 1340 2409 εὐλαβεῖσθαι

146 2439 208 2516 μὲν
239 2437 289 2501 τόν
317 2437 381 2502 Δθα
404 2436 455 2501 διοὶ
481 2439 506 2524 ²)
534 2437 568 2501 τό
595 2437 734 2502 ὑπόδικον
758 2439 946 2515 γεγενῆσθαι
975 2438 1026 2502 τόν
1050 2423 1164 2518 Ἑρμῆν
1188 2447 1258 2512 ταῖς
1283 2440 1342 2503 αθ-

146 2548 204 2609 τοῦ
238 2544 495 2623 παραγγελίαις,
533 2539 620 2620 ἅμα
650 2543 690 2607 δὲ
721 2543 1039 2624 οὶφαοιαμθνονς
1069 2548 1112 2608 τὸ
1144 2545 1247 2622 οῖγος
1273 2543 1341 2608 καῖ

146 2656 223 2724 τοῖς
254 2651 526 2732 ἀνδροφονίας
551 2649 811 2722 οθπολθονπας
836 2645 887 2722 αἷς
910 2645 996 2735 εἶχον
1020 2651 1127 2730 ὀργαῖς
1151 2651 1342 2730 προσβαλεῖν

147 2757 236 2838 αὐτῷ
270 2755 329 2828 τοὶς
362 2757 505 2836 ψόφους,
539 2756 591 2821 καῖ
624 2754 716 2829 οὕτως
748 2756 979 2836 ἕπιοαρενθῆναι
1011 2758 1084 2838 πρὸς
1109 2766 1171 2829 τοῖς
1195 2757 1264 2822 ποσῖ
1288 2762 1341 2823 τοῦ

152 2944 323 2954 -ῄ-

147 3039 226 3089 muti
248 3043 278 3090 od
295 3047 320 3090 N
337 3043 397 3094 7012
417 3041 448 3090 τὸ
467 3039 493 3090 δὲ
514 3038 565 3090 »tta
584 3034 604 3090 θ’
623 3011 831 3104 ’Ἕρμαιοςιλόφος
850 3037 937 3091 ἐστόν”
958 3043 988 3100 ὥς
1008 3044 1040 3101 οἷς
1060 3041 1181 3103 ἰδιότητα.
1201 3046 1242 3094 καὶ
1257 3047 1287 3094 τό
1303 3048 1344 3096 'scri

148 3132 199 3179 τοῦ
217 3133 295 3193 ιινρόον
315 3131 372 3194 πρός
390 3129 578 3191 θντιδιαττολην
597 3129 708 3194 διάφορον
725 3133 793 3181 τόνον
807 3129 952 3193 ἀνεδέξατο,
969 3134 998 3192 ὡς
1016 3128 1138 3193 Ἀθηναῖος
1154 3135 1194 3184 ηαδ
1212 3129 1342 3197 'Atalmo

146 3221 263 3283 ἀγοραῖος
282 3221 324 3271 καῖ
341 3221 462 3285 αγόραιος.

185 3304 213 3368 1)
237 3305 303 3369 Quae
327 3305 352 3354 iu
375 3305 540 3370 Etymologico
563 3305 639 3354 desint
661 3322 688 3354 ox
716 3306 804 3354 nostris
822 3306 952 3372 supplenda
968 3307 1095 3371 diligenter
1113 3310 1226 3359 iudicavit
1244 3311 1342 3375 Sylbur-

145 3396 215 3460 gius,
233 3397 286 3462 qui,
305 3399 502 3460 quemadmodum
521 3399 682 3446 Buttmauuus
699 3389 736 3451 αῖς
754 3391 822 3458 «lxta
838 3392 920 3458 ὀργαῖς
946 3399 1052 3463 reposuit
1075 3416 1119 3464 pro
1136 3394 1173 3454 αῖς
1192 3394 1244 3462 clx.
1261 3398 1343 3464 θργήν,

146 3489 185 3538 ita
209 3488 233 3538 iu
256 3490 358 3554 ldtymot
382 3505 426 3555 pro
449 3486 476 3544 tia
495 3482 547 3549 τθχ.
567 3485 639 3548 όργιὶν
662 3488 837 3536 commendavit
855 3487 1007 3536 simillimum
1025 3485 1039 3553 ᾖ
1057 3484 1126 3551 εἶχον
1144 3485 1219 3554 θργῇ,
1238 3492 1279 3541 ‚oo
1296 3511 1344 3557 quo

147 3571 292 3621 inflammati
310 3575 379 3621 eraut
396 3571 446 3620 irae
463 3568 579 3635 impetu.’'
598 3571 641 3618 Fst
657 3571 732 3634 igitur
749 3570 794 3618 hoc
813 3569 899 3619 vitium
918 3586 931 3618 e
948 3572 1112 3635 compendioso
1128 3572 1247 3637 scriptura
1264 3579 1344 3627 ortum

146 3654 278 3704 admodum
299 3657 420 3704 vetustum
438 3657 508 3718 atoue
526 3653 583 3701 adeo
602 3652 760 3718 Etymologici
777 3651 932 3717 compilatore
949 3653 1071 3701 vetustius.
1108 3655 1138 3703 ln
1156 3655 1278 3719 Hesychio
1295 3664 1341 3709 est:

148 3739 296 3805 Ἑρμαῖος
327 3744 438 3807 λόφος·
468 3742 525 3798 τοὺς
552 3741 640 3803 ονροιῖς
665 3746 714 3790 τθν
740 3739 808 3789 λθθιιν
836 3740 922 3802 Ἑρμᾶς
948 3741 991 3805 (so.
1016 3739 1135 3802 θηάλονν),
1163 3744 1220 3800 τοὺς
1245 3740 1344 3805 θηταῖς

146 3831 211 3891 cteta
237 3832 374 3895 γινομένους
393 3833 426 3889 οῖς
449 3833 523 3893 τιμὴν
541 3833 587 3880 ποθ
607 3824 668 3880 θεοῦ·
690 3826 791 3888 Ἐνόδιος
809 3829 866 3894 γάρ.
886 3830 1029 3880 Brevissime
1046 3825 1072 3882 i1'1
1090 3835 1162 3884 Gud:
1184 3833 1343 3899 Ἑρμαῖος,

146 3923 241 3988 λόφος,
259 3921 351 3984 τόπος,
369 3919 449 3983 θνομα.
469 3924 627 3986 (Bellissimel
654 3924 809 3988 corrigatur:
837 3917 978 3984 Ἑρμαῖος
999 3923 1112 3985 λόφος·
1133 3925 1233 3974 τόπον
1252 3926 1345 3992 ὄνομα.)

146 4015 245 4066 stollam
266 4009 392 4084 (θεσανθ)
413 4015 461 4076 γαρ
483 4016 506 4062 οῖ
522 4013 623 4062 παλαιοὶ
642 4013 730 4074 σωροῖς
749 4013 776 4060 ἐκ
797 4010 865 4060 altos
884 4007 973 4070 ποιεῖν,
993 4012 1031 4069 otc
1050 4013 1150 4063 ὀιιθλονν
1165 4018 1288 4080 Ἕρμαῖας.

183 4110 209 4168 2)
228 4109 298 4156 Βοὸιθ
314 4103 354 4154 ta
371 4107 396 4155 iu
414 4110 437 4171 Q
454 4106 489 4170 (Ρ)
507 4108 531 4154 et
548 4105 573 4153 in
592 4104 749 4168 vulgatorum
767 4106 846 4151 votare
863 4102 974 4151 editione.
1002 4104 1095 4153 Adiecit
1113 4106 1216 4166 Buttm,
1235 4125 1344 4175 compro·

146 4189 216 4241 bavit
241 4191 263 4237 0
288 4205 303 4237 a
328 4189 451 4238 Diodorflo
476 4203 584 4238 exeussus
608 4186 697 4251 (Praei.
725 4199 748 4249 p.
773 4185 872 4250 LXIV).
908 4185 1007 4234 Poterat
1031 4202 1125 4252 quoquc
1149 4191 1245 4254 potior
1263 4193 1343 4258 Etym.

148 4273 249 4337 Μύρινα.
