2978 4950
715 157 780 224 523

146 345 306 435 fingerent
335 345 617 434 significationem,
649 355 685 414 ut
717 356 798 415 esset
828 372 877 413 οοι
899 351 941 413 ad
962 351 1182 437 defendendum
1208 390 1249 402 -
1275 353 1343 417 sive

147 456 191 518 od
209 454 444 538 οτοριιόοοιιόιιοιι
467 489 511 505 -
534 455 685 539 idoneum,
710 456 858 541 equidem
882 456 1036 542 dispicere
1058 477 1121 523 non
1137 476 1284 542 possum.

196 689 237 742 ιο,
262 663 339 730 528.
388 666 452 730 Καί
473 665 507 729 νῦ
527 689 561 729 κε
581 665 617 738 et
641 664 764 738 πιόντας
789 667 819 728 τ’
843 664 957 731 όλεταν
980 667 1032 732 sai
1054 665 1165 743 ῦόιςιιιιν
1185 667 1341 740 οἶνόττονς.

147 771 313 836 Ultimum
347 772 538 837 vocobulum
570 774 616 837 sic
639 771 797 837 redditur:
825 773 970 839 ἐπανόδου
994 774 1038 851 μὴ
1062 775 1275 856 τυγχάνοντα.
1301 771 1342 857 (V

148 884 182 943 ot
211 877 305 944 Vind.
340 878 409 962 56.)
444 878 571 945 Immo:
607 879 862 960 τυγχάνοντας,
896 888 934 945 ut
965 886 1050 948 recte
1081 889 1114 946 et
1143 881 1227 966 apud
1251 880 1344 946 Butt-

146 1007 304 1054 mannum
328 992 376 1052 est
401 992 432 1050 et
455 989 489 1050 in
515 991 620 1051 uetere
643 985 858 1074 Vulgntorum
881 987 1029 1055 editione.

194 1202 233 1277 ie,
260 1198 337 1266 039.
384 1198 526 1286 Torquet
548 1199 669 1286 Iupiter
692 1203 847 1279 ψολόεντα
867 1201 1020 1282 κεραυνόν.
1043 1202 1112 1267 Vox
1133 1203 1181 1268 bis
1199 1201 1342 1269 Homero

147 1312 302 1392 usnrpstn
331 1312 364 1373 et
397 1307 450 1372 hic
473 1313 506 1373 et
528 1311 554 1385 ψ
579 1305 657 1392 330,
682 1311 787 1373 verim
808 1312 931 1394 peperit
952 1316 984 1375 et
1007 1310 1217 1377 derivationes
1240 1316 1273 1376 et
1294 1313 1343 1376 iu·

146 1417 407 1500 terpretetionee,
447 1413 533 1478 unde
567 1417 601 1478 iu
637 1413 832 1479 scholiorum
859 1422 1040 1480 nostrorum
1071 1416 1229 1505 ferragine
1258 1416 1340 1482 nihil

147 1528 257 1586 temen
280 1526 417 1586 oetatem
442 1519 538 1597 tulit,
563 1522 625 1585 nisi
652 1520 760 1585 breves
783 1521 940 1605 quaedem
965 1528 998 1588 et
1020 1522 1120 1588 exiles
1151 1525 1279 1588 notulae
1309 1524 1343 1588 in

146 1627 193 1692 V:
219 1626 389 1706 ψολόεντα·
413 1626 600 1702 ιιαυοτιιιόν,
626 1626 767 1703 όοβόλνν
791 1632 948 1693 ποιοῦντα.
970 1630 1067 1707 ψόλον
1086 1630 1150 1707 γὰρ
1171 1632 1226 1705 τὴν
1245 1628 1343 1707 ἀσβό-

146 1749 205 1808 λιιν
237 1733 336 1812 λέγει.
368 1737 497 1799 τοιοῦτον
529 1732 561 1798 δὲ
592 1732 723 1813 όφόντιν
747 1732 761 1796 o'
786 1735 862 1802 Ζεὺς
885 1739 946 1812 πῦρ
970 1736 1005 1798 ἐκ
1028 1741 1083 1801 τοῦ
1107 1739 1241 1816 οὐρανοῦ.
1287 1735 1340 1802 sie

146 1840 190 1906 ed
219 1846 366 1905 nostrum
399 1859 537 1905 versum.
563 1839 617 1905 Ad
639 1846 666 1920 ψ
692 1838 758 1904 330
783 1846 815 1904 et
838 1839 902 1906 elie
925 1841 1078 1925 quaedum
1104 1863 1143 1908 ex
1166 1842 1227 1923 HQ
1251 1849 1284 1908 et
1302 1863 1341 1908 ex

146 1946 176 2010 V
200 1946 252 2012 uel
274 1947 419 2013 brevius:
441 1948 604 2026 ψολόεντι·
630 1949 797 2028 καυττιιιῷ.
818 1948 914 2026 ψόλον
934 1949 997 2028 γὰρ
1016 1948 1051 2012 τό
1071 1947 1207 2026 ἅοβολον
1228 1955 1339 2015 τοιοῦι.

146 2052 197 2120 At
224 2073 327 2138 neque
349 2053 469 2119 dicitur
491 2055 526 2118 τό
549 2052 663 2135 ψόλον,
686 2074 789 2138 neque
812 2053 827 2116 i
851 2053 947 2132 ψόλος
971 2054 1070 2120 simul
1094 2077 1161 2122 esee
1184 2061 1289 2141 potest
1311 2062 1343 2121 et

147 2159 302 2238 οἳοβολος,
326 2197 367 2208 -
392 2159 460 2225 sivo
489 2165 527 2224 ut
556 2163 746 2226 recentiores
779 2160 912 2226 efferunt
935 2163 1078 2240 οὶοβόλν,
1105 2199 1146 2214 -
1172 2166 1262 2229 etri
1286 2160 1341 2228 ἄτ-

145 2268 243 2346 βολον
274 2271 384 2332 ποιοῦν.
409 2263 607 2351 Quspropter
629 2271 756 2332 nostres
777 2276 871 2333 uotae
894 2287 953 2353 ope
976 2269 1016 2334 ed
1039 2275 1067 2348 ψ
1090 2267 1157 2335 330
1181 2273 1340 2358 corrigen-

147 2374 248 2440 dum:
271 2373 379 2453 ψολό
392 2396 430 2437 εν
453 2372 516 2451 γόος
538 2372 573 2437 τό
592 2370 729 2450 οῦτβολον
754 2377 864 2438 πονοῦν.
890 2372 953 2440 Sed
976 2382 1232 2463 nouosquoque
1253 2377 1341 2444 lobo-

145 2489 236 2560 rcnt,
272 2501 349 2548 oum
384 2485 417 2545 et
449 2479 545 2561 ψόλοι
580 2499 739 2564 nusquam
770 2480 856 2564 opud
886 2479 1065 2548 Homerum
1098 2489 1279 2569 comporeet
1308 2490 1342 2550 et

146 2595 279 2655 τοιοῦτον
314 2586 346 2652 δὲ
378 2587 508 2667 dmiccc
538 2589 553 2650 ό
584 2588 660 2659 Ζεὺς
693 2591 752 2667 πῦρ
782 2607 879 2671 preve
909 2589 950 2654 ed
980 2592 1122 2675 proxime
1154 2591 1340 2658 antecedens

143 2695 242 2775 ψόλον
272 2696 336 2774 γὰρ
367 2709 438 2759 κτλ.
463 2693 624 2760 referetur.
657 2693 867 2759 Emendatine
890 2701 923 2760 et
946 2697 1130 2762 concinnius
1154 2700 1198 2762 sio
1223 2699 1338 2764 scribe·

145 2808 216 2868 tur:
241 2801 413 2884 ψολόεντα·
438 2800 621 2874 αανττιιιόν,
645 2798 788 2877 οξοβόλιςν
809 2805 974 2866 ποιοῦντα·
1002 2802 1100 2883 ψόλον
1121 2807 1184 2884 γόιρ
1207 2807 1262 2878 τὴν
1284 2807 1339 2870 οῦτ-

146 2907 245 2987 βόλνν
265 2908 450 2987 λέγουσι·
470 2913 601 2973 τοιοῦτον
621 2907 647 2972 δ’
664 2906 707 2970 Ὃ
728 2906 859 2989 ἀφίησιν
879 2908 892 2972 d
914 2909 990 2982 Ζεὺς
1011 2914 1072 2989 πῦρ
1090 2911 1125 2975 ἐκ
1136 2914 1190 2975 τοῦ
1202 2911 1337 2990 οὐρανοῦ.

192 3123 270 3201 Sed,
294 3162 334 3174 —
359 3130 396 3189 nt
426 3143 500 3188 cum
533 3121 699 3187 Athenaeo
733 3119 791 3206 (IV
815 3123 837 3185 i.
863 3122 900 3204 f.)
933 3121 1046 3208 loquer
1081 3161 1112 3172 -
1136 3123 1187 3189 ότὶ
1222 3123 1338 3198 τούτοις

144 3230 235 3302 τέλος
262 3232 363 3313 όχότοι
396 3228 446 3305 ἥδε
479 3231 497 3304 ἦ
529 3228 661 3308 βίβλος,
689 3227 792 3291 ιἰιανὸν
822 3230 973 3310 εἰληφυῖα
1004 3238 1110 3307 μῆκος.
1144 3231 1273 3298 Etenim
1304 3254 1342 3299 ex

146 3336 291 3421 Epistola
312 3336 432 3405 (iritics
455 3339 539 3401 inter
561 3333 765 3400 scribendum
789 3336 867 3400 eutis
889 3338 1027 3421 spissum
1056 3340 1173 3403 sensim
1200 3343 1342 3407 excrevit

145 3441 309 3509 volumen.
344 3443 392 3509 At
414 3463 454 3508 ne
476 3441 678 3528 sicquidem
702 3440 785 3506 mihi
811 3441 879 3526 ipse
902 3444 990 3507 visus
1010 3464 1083 3508 sum
1106 3445 1231 3523 omnio,
1254 3467 1336 3532 quee

146 3551 179 3613 in
203 3547 405 3616 Scholiorum
427 3555 610 3615 nostrorum
635 3568 765 3632 corpore
787 3567 882 3635 aegre
901 3554 933 3614 et
953 3552 1252 3637 pervertendum,
1275 3574 1342 3619 oor·

145 3656 277 3741 rigendo
308 3661 340 3722 et
370 3655 521 3722 tentando
554 3654 769 3739 expedivisee,
794 3674 896 3738 neque
920 3675 957 3721 ee
980 3676 1053 3720 sum
1078 3661 1278 3745 arrogantie,
1304 3667 1342 3724 ut

145 3761 218 3828 aliie
241 3763 301 3830 hoc
324 3763 462 3829 effecisse
485 3761 589 3828 videri
613 3766 806 3845 exspectem.
838 3759 947 3826 litium
969 3782 1053 3827 nnnc
1076 3762 1217 3848 plurimo
1239 3786 1339 3832 remn-

143 3875 237 3946 nent‚
261 3873 438 3936 inveterate
464 3867 615 3942 vulnero,
642 3868 758 3952 quibus
786 3867 843 3932 diu
863 3866 1069 3953 multumque
1087 3871 1240 3937 versando
1259 3871 1344 3937 nihil

143 3977 337 4041 substituere
366 3974 475 4061 potui,
507 3993 569 4059 quo
601 3972 770 4039 manifesto
799 3978 948 4057 corrupte
977 3980 1010 4040 et
1041 3975 1178 4042 absurde
1201 3977 1341 4044 evidenti

92 4103 97 4115 ·
144 4085 265 4147 ratione
287 4087 398 4148 sanctu
419 4079 613 4146 uiderentur.
660 4079 733 4174 Non
756 4085 841 4145 recte
863 4079 998 4155 hebent,
1025 4118 1066 4132 -
1089 4081 1220 4148 efferum
1241 4104 1340 4169 peuce

144 4196 272 4253 tuntum
307 4190 482 4274 specimine
516 4186 648 4252 fortuito
685 4184 835 4262 collecte,
865 4222 905 4234 -
931 4206 1011 4271 quoe
1047 4190 1080 4252 in
1112 4188 1229 4256 ultimo
1259 4188 1341 4255 libro

144 4296 307 4383 leguntur,
340 4295 378 4360 ad
409 4320 431 4359 ιο
459 4291 521 4358 28ι
554 4295 587 4356 οῦ
619 4292 683 4372 γάρ
718 4318 744 4357 τι
779 4295 808 4356 ἐν
829 4291 935 4357 Ἅιδου
959 4293 1023 4358 ἔστι
1048 4295 1241 4373 διασκοπεῖν,
1268 4297 1344 4363 ἀλλ’
