2978 4950
717 240 758 315 41

186 455 222 520 οι,
257 429 333 502 130.
369 438 419 502 Ad
448 440 545 514 αὐτῆν
573 439 602 503 δ’
632 440 661 510 ἐς
695 441 789 521 θρόνον
820 435 899 506 εἷσεν
928 439 1015 518 ἄγων
1039 443 1176 524 quatuor
1201 435 1332 506 Codices

146 541 288 627 (EMTD)
322 545 455 609 habeut:
490 546 653 626 ὑποφαίνει
688 548 738 611 διὰ
775 550 881 613 τούτου
919 549 971 611 καὶ
1008 544 1088 611 ἄλλο
1122 572 1151 609 τι
1185 550 1333 622 καθῆκον,

145 645 186 713 ὅτι
217 654 271 713 τοῦ
304 650 377 714 ἰδίου
407 649 504 729 θρόνον
537 653 736 731 παρεχώρησε
768 655 809 732 τῷ
841 652 915 734 ξένῳ
946 655 959 717 ὁ
987 662 1016 716 T
1020 652 1194 730 ῆλέμαχος.
1226 652 1333 717 πάντα

144 751 188 819 οὖν
213 758 344 835 ἐλέγχει
368 757 403 820 τὸ
427 759 544 838 σῶφρον
564 763 616 822 τοῦ
642 761 725 836 νέον,
746 761 788 824 τοὶ
808 766 861 823 τοῦ
883 761 978 836 λόγου
1000 761 1051 823 καὶ
1066 760 1108 822 τοὶ
1121 764 1174 822 τοῦ
1197 760 1333 836 τόπον,

144 861 177 926 το’
199 887 234 925 τε
261 863 357 942 ἔγχος
382 864 634 941 ἀναλαμβάνων
659 869 726 929 καὶ
750 872 819 930 τοῦ
842 866 938 946 θρόνον
962 873 1195 944 παραχωρῶν.
1226 864 1263 928 In
1286 866 1336 929 his

143 990 243 1033 unum
275 971 394 1034 vitium
426 971 571 1035 codicum
605 993 662 1057 ope
694 980 872 1037 correctum
905 979 969 1049 est,
998 1011 1038 1018 —
1064 978 1188 1056 poterat
1212 978 1243 1036 et
1268 975 1334 1035 sine

143 1077 196 1151 iis,
221 1097 364 1140 -cum
396 1095 436 1141 ex
468 1076 526 1141 ΒΤ
557 1082 771 1143 necessarium
803 1079 854 1142 δια
887 1079 1033 1142 τούτου
1068 1079 1244 1162 repositum
1274 1080 1334 1153 sit,

145 1184 275 1246 caeteris
304 1181 355 1245 ao
386 1187 504 1247 τοῦτο
531 1186 754 1268 praebentibus
786 1186 966 1250 contusione
989 1187 1165 1249 notissima.
1213 1184 1334 1248 Eadem

145 1289 205 1352 sere
229 1288 389 1353 medicina
412 1291 589 1354 sanandum
615 1331 656 1339 --
682 1314 721 1356 ne
744 1314 828 1356 nuno
853 1291 933 1356 alios
956 1291 1041 1356 locos
1068 1298 1199 1377 tangam
1223 1290 1334 1354 eodem

146 1394 259 1458 mendo
291 1393 485 1470 laborantes,
511 1435 552 1444 -
577 1397 726 1462 Scholion
758 1399 798 1462 ad
829 1424 869 1474 α,
896 1396 975 1462 197:
1008 1396 1085 1461 ἀλλ’
1111 1397 1155 1460 ἔτι
1180 1421 1238 1461 που
1262 1397 1336 1477 ζωὸς

147 1501 348 1577 κατερύκεται
362 1505 443 1580 εὐρέϊ
451 1504 561 1582 πόντῳ,
575 1504 614 1567 ad
626 1524 706 1588 qnae
718 1505 814 1569 verba
826 1503 895 1583 EQ:
917 1505 966 1568 δια
984 1509 1103 1568 τοῦτο
1121 1503 1245 1567 εὔελπιν
1258 1513 1340 1569 ποιεῖ

147 1606 193 1670 τὸν
216 1607 291 1670 νέον.
315 1607 435 1672 Verum
457 1607 513 1687 EQ
532 1629 592 1673 uon
612 1610 670 1673 hoo
691 1610 826 1692 habent,
848 1610 902 1674 sed
922 1610 972 1673 διὰ
997 1614 1114 1673 τοῦτο
1137 1610 1337 1674 δύσελπιν

148 1722 331 1777 ποιεῖται
352 1716 403 1777 τὸν
422 1713 494 1777 νέον.
522 1713 677 1793 Quoniam
698 1723 806 1780 autem
828 1719 1000 1800 requiritur
1015 1717 1334 1798 μνονοιιιοοιιίτανὶιιιν

148 1818 325 1885 Dindoriius
343 1822 419 1885 haec
443 1826 598 1903 „correxit
621 1843 658 1886 ex
677 1821 804 1886 Scholio
825 1822 1046 1906 praecedente'’
1066 1823 1138 1897 MP,
1159 1824 1213 1886 ubi
1225 1823 1336 1887 eadem

149 1928 242 1990 verba
260 1929 315 1990 sed
336 1929 517 2012 incorrupta
535 1927 758 1992 adscribuntur
779 1928 817 1992 ad
835 1949 881 1991 vs.
899 1926 978 1991 194:
992 1933 1042 1990 νῦν
1054 1928 1080 1991 δ’
1094 1924 1191 2000 indos.
1216 1927 1331 2005 Recte,

149 2033 199 2097 sed
222 2031 418 2117 quantillum
440 2033 542 2098 fuerat
562 2034 660 2097 simul
682 2038 838 2120 corrigere
863 2034 912 2097 δια
935 2033 1098 2118 τούτων,
1124 2055 1200 2098 nam
1221 2036 1266 2098 sic
1290 2043 1338 2099 est

149 2139 312 2203 emendate
344 2142 378 2202 in
400 2139 480 2204 MP:
507 2140 557 2203 διὰ
581 2142 732 2205 τούτων
756 2140 925 2203 εὔελπιν
949 2139 1132 2204 ποιεῖ’σὸν
1156 2140 1227 2204 νέον.
1275 2139 1338 2204 Sed

150 2245 203 2309 hoc
227 2246 258 2307 ἐν
279 2245 409 2326 παρόδῳ.
435 2245 471 2308 In
489 2252 597 2310 nostro
614 2245 741 2310 Scholio
762 2250 824 2310 tria
843 2246 946 2310 adhuc
970 2249 1086 2311 vitiosa
1108 2252 1198 2329 sunt,
1223 2247 1339 2330 quibus

151 2351 269 2416 codices
301 2372 362 2416 non
393 2352 543 2416 videntur
572 2353 721 2436 opitulati
752 2373 826 2417 esse.
876 2352 1084 2417 Scribendum
1117 2353 1218 2430 enim,
1247 2358 1340 2417 utet

150 2460 305 2522 sententia
341 2465 464 2523 constet
496 2465 528 2522 et
558 2462 659 2522 oratio
693 2457 815 2524 Graeca
846 2462 904 2522 sit:
938 2459 1046 2522 πάντα
1078 2454 1126 2523 οὖν
1152 2461 1279 2538 ἐλέγχει
1304 2463 1339 2525 τὸ

150 2569 264 2644 σῶφρον
299 2569 352 2627 τοῦ
386 2565 468 2638 νέου,
502 2566 544 2628 τοὶ
575 2571 628 2629 τοῦ
662 2568 757 2641 λόγον
789 2567 840 2628 καὶ
864 2566 906 2628 τὰ
931 2571 984 2629 τοῦ
1009 2569 1156 2643 τρόπον
1183 2565 1219 2652 ¹),
1245 2567 1281 2630 τό
1304 2592 1339 2630 τε

150 2671 244 2750 ἔγχος
280 2669 554 2747 ἀναλαμβάνειν
589 2672 641 2735 καὶ
677 2674 731 2752 (τὸ
766 2673 840 2755 ins.)
877 2677 931 2735 τοῦ
967 2674 1063 2750 θρόνον
1100 2682 1338 2752 παραχωρεῖν.

150 2776 330 2841 Modestum
355 2782 387 2840 et
410 2778 558 2842 decorum
588 2776 816 2842 Telemachum
842 2777 1013 2842 ostendunt
1037 2786 1068 2842 et
1088 2782 1157 2842 eius
1177 2779 1283 2860 verba,
1299 2816 1339 2825 -

150 2886 278 2968 respicit
311 2892 423 2966 Χαῖρε,
447 2885 544 2961 ξεῖνε,
570 2887 642 2962 παρ’
666 2883 751 2960 σἰμμι
776 2885 926 2966 φιλῆσεαι
952 2899 1022 2948 κτλ.
1051 2887 1111 2970 (vs.
1139 2884 1216 2965 123)
1244 2923 1283 2931 —
1310 2891 1342 2949 et

150 2992 216 3053 sius
250 3012 366 3071 morea,
398 2989 481 3074 quod
513 2991 710 3055 advenientis
739 2990 874 3075 hospitis
898 2990 1023 3054 hastam
1049 2993 1165 3074 accipit
1188 2994 1279 3074 eique
1302 2991 1340 3054 de

148 3096 220 3161 sede
246 3117 305 3160 sua
328 3095 482 3182 adsurgit.

194 3335 233 3387 α,
264 3307 337 3373 132.

286 3417 349 3492 παρ
373 3413 400 3476 δ’
424 3416 516 3488 αὐτὸς
542 3417 672 3493 κλισμὸν
696 3414 762 3480 θέτο
786 3416 939 3492 ποικίλον,
966 3413 1084 3479 ἔκτοθεν
1109 3413 1215 3480 ἄλλων

286 3524 463 3600 μνῆστῆραν
488 3538 558 3585 κτλ.

146 3630 247 3696 Recte
280 3633 326 3694 ita
355 3628 431 3692 fecit
461 3627 679 3692 Telemachus.
711 3628 745 3691 τὸ
776 3630 839 3707 γὰρ
870 3627 1049 3706 μεταβῆναι
1075 3631 1117 3699 εἷς
1143 3624 1240 3706 ἕτερον
1264 3623 1342 3692 οἷκον

147 3738 287 3815 ὑποψίαν
321 3733 359 3799 tv
390 3734 531 3813 παρέσχε
563 3744 625 3804 τοῖς
658 3743 843 3814 μνῆστῆρσιν
867 3736 1053 3813 ἐπιβουλῆς,
1079 3734 1170 3799 ὁπότε
1196 3735 1247 3799 καὶ
1272 3733 1342 3810 ἑξῆς

147 3925 297 3936 .....-.---

183 4052 207 4110 1)
224 4050 285 4099 Tam
302 4047 398 4097 evidens
415 4045 461 4096 hoc
478 4045 573 4111 quidem
591 4052 626 4096 est
642 4049 733 4108 τρόπον
750 4047 855 4112 requiri,
872 4053 899 4098 ut
916 4050 993 4096 τόπον
1011 4047 1048 4097 vel
1062 4048 1147 4097 calami
1162 4048 1200 4097 vel
1215 4062 1342 4114 operarum

147 4135 235 4184 vitium
249 4132 374 4188 haberem,
389 4130 434 4179 nisi
449 4135 472 4178 et
484 4131 509 4179 in
525 4134 591 4179 textu
606 4135 630 4178 et
638 4131 663 4179 in
673 4131 825 4179 adnotatione
833 4131 917 4180 critica
925 4132 1001 4180 textui
1011 4131 1115 4180 subiecta
1125 4136 1149 4179 et
1157 4132 1182 4179 iu
1192 4131 1343 4180 Praelatioue

145 4236 169 4285 p.
190 4215 253 4278 xxxj
272 4217 307 4264 ita
324 4214 441 4278 scriptum
458 4213 588 4277 legeretur,
607 4215 651 4261 etsi
669 4229 750 4277 margo
768 4213 963 4277 Pluygersianus,
988 4231 1035 4278 quo
1052 4214 1185 4262 collationis
1203 4213 1295 4262 Codicis
1313 4215 1342 4262 M

144 4326 160 4358 a
178 4307 270 4357 Cobsto
288 4306 317 4355 V.
336 4303 372 4353 Cl.
391 4303 509 4352 confectae
525 4303 688 4367 apographum
704 4303 853 4366 continetur,
871 4305 982 4365 τρόπον
997 4305 1060 4353 clare
1077 4303 1162 4362 habet,
1177 4304 1266 4368 dequo
1282 4309 1344 4356 tacet

145 4391 294 4441 Diadorhua.
