2978 4950
781 178 825 253 ta

207 373 310 454 λίγειν
344 373 409 453 „col
441 375 467 440 δ’
500 377 583 456 αὐτῷ
614 380 743 449 πυκινῶς
776 379 985 464 ὑποθήσομαι,
1016 377 1053 445 αἴ
1082 403 1117 444 ιιε
1145 378 1289 464 πίίιροιι,”
1312 379 1405 445 ἕπαι·

207 486 299 545 νοῦσα
334 484 373 552 ὡς
409 485 506 561 σοφὴν
543 485 598 558 etp
631 485 775 557 volaticae
812 489 1000 565 παραίνεσιν.
1048 487 1119 552 Non
1147 485 1261 552 multis
1292 486 1404 553 verbis

203 608 285 672 opus
316 609 384 653 esse
414 589 550 655 arbitror
573 597 610 654 ut
633 591 839 675 persuadeam
864 595 1060 658 coniunctim
1084 613 1150 658 esse
1173 593 1401 659 scribendum:

206 694 259 758 καί
292 691 373 769 ὅμως
406 695 593 760 ὑπαιτίου
617 696 706 771 οὔσης
730 708 786 772 τῆς
811 699 1002 776 συμβουλῆς.
1050 699 1174 783 Nempe
1200 699 1276 765 deae
1299 702 1404 765 oonsi-

205 799 285 865 lium
309 821 372 866 non
396 802 599 885 reprehensum
622 810 681 879 cet,
709 841 749 851 -
775 804 928 870 debuerat
951 811 1035 870 carte
1061 804 1113 868 ὑπ’
1136 804 1258 887 αίτίιρ,
1279 842 1324 852 ·—
1344 804 1403 870 sed
1457 804 1461 811 ’

205 908 424 990 reprehensioni
446 931 548 972 υκεουι
571 910 645 974 dare
667 917 792 994 poterat
817 912 923 976 iudice
946 910 1143 997 Porphyrio,
1164 931 1260 996 quam
1281 931 1401 977 vanam

205 1034 272 1079 esse
310 1020 342 1078 et
376 1022 611 1101 praeposteram
646 1037 704 1082 auo
735 1037 838 1101 more,
871 1018 904 1081 id
936 1023 983 1083 est
1006 1037 1135 1102 operose
1158 1037 1195 1082 ac
1218 1017 1399 1094 laboriose,

205 1123 250 1185 sic
269 1121 415 1186 ostendit.
441 1120 548 1185 Patris
571 1123 829 1209 investigatio-
847 1125 952 1207 inquit
966 1161 1007 1171 —
1021 1123 1172 1201 πάρεργον
1197 1129 1325 1188 τουτου]
1351 1128 1402 1187 eat

203 1229 468 1314 peregrinationis
488 1226 689 1304 Telemachi,
719 1249 795 1294 vera
818 1250 913 1295 causa
937 1229 1000 1295 alia
1022 1234 1078 1294 est.
1127 1231 1274 1294 Φαίνεται
1298 1229 1401 1292 τοίνυν

202 1334 339 1412 Ὀμιρρος
360 1336 509 1400 άδιίνατον
534 1338 657 1410 νομίσαι
680 1334 776 1414 ἄνδρα
799 1338 856 1402 ὑπὸ
881 1337 1004 1414 γυναικί
1028 1334 1237 1416 τεθραμμένον
1263 1370 1317 1384 --
1342 1336 1397 1400 καί

204 1441 235 1504 ἐν
259 1440 328 1518 οίκῳ
352 1442 632 1518 κατακεκλειμένον
656 1445 764 1520 πλιίρει
790 1443 939 1522 ὑβριστῶν
959 1443 1129 1525 άνίριίπυν,
1152 1443 1182 1506 ἕν
1203 1445 1397 1520 θεραπαινίσι

56 1544 60 1550 ’
204 1574 239 1613 τε
274 1549 442 1625 άσελγέσιν
479 1546 676 1624 ἐναυξίμενον
835 1551 911 1625 μηδὲ
947 1549 1154 1630 μετασχόντα
1191 1549 1302 1631 άνδρῶν
1343 1549 1397 1614 καὶ

204 1655 448 1743 άρωνιάσαντα’
482 1657 512 1718 ἐν
543 1653 629 1727 ὅσαις
660 1656 840 1730 άδιρμονίαις
874 1656 985 1734 γέγονε
1017 1657 1214 1736 Τηλέμαχος
1240 1655 1397 1734 προσιέναι

204 1762 329 1840 μέλλων
352 1763 483 1842 Νέστορί
501 1786 536 1826 τε
556 1763 608 1826 καί
631 1762 782 1842 Μενελάῳ
803 1763 853 1828 καί
876 1763 1002 1844 Ἐλέυρ·
1015 1765 1162 1837 Φαίνεται
1187 1758 1227 1826 οὗ
1239 1787 1254 1825 ν
1273 1762 1398 1839 μήτοι

204 1870 242 1936 άν
273 1869 427 1944 δυνιρίῆναι
461 1872 582 1943 νομίσαι
610 1871 719 1948 άρετῆς
744 1869 848 1941 άλλως
872 1894 935 1941 πως
960 1878 1149 1948 μετασχεῖν.
1196 1868 1232 1933 ln
1256 1869 1307 1933 his
1332 1872 1398 1954 pri·

203 1998 294 2041 mum
329 1979 454 2042 mutavi
485 1977 788 2062 interpunctionem,
822 1997 897 2042 nam
928 1978 1025 2042 verba
1049 1978 1077 2040 ἐν
1101 1972 1186 2046 ὅσαις
1211 1976 1396 2049 άδιρμονίαις

202 2120 222 2134 -
237 2120 255 2133 -
270 2121 289 2133 -
309 2088 360 2146 ναί
374 2083 482 2162 Ἑλένρ
492 2083 707 2167 ρυεροίίιοίίσε
720 2104 787 2148 esee
799 2081 952 2148 collocata
963 2082 1220 2167 praecedentium
1235 2081 1397 2166 exemplis

201 2189 488 2256 confirmandorum
520 2209 615 2254 causa
644 2195 676 2254 et
706 2211 762 2275 per
792 2211 826 2255 se
855 2195 944 2274 patet
967 2196 999 2253 et
1023 2189 1248 2273 comprobatur
1270 2187 1396 2254 solenni

200 2303 272 2381 post
303 2296 381 2360 talia
410 2295 597 2380 repetitione
626 2297 771 2380 primarii
802 2296 907 2360 verbi:
940 2297 1088 2373 φαίνεται
1113 2290 1174 2359 οὖν.
1224 2293 1397 2360 Praeterea

200 2401 404 2486 praetulerim
434 2404 582 2479 Φαίνεται
606 2396 656 2464 οὖν
679 2402 774 2478 μήτι
800 2400 838 2465 άν
861 2403 1017 2475 δυνηθῆναι
1042 2401 1164 2475 νομίσαι
1188 2402 1300 2465 eodem
1323 2403 1396 2466 iure

200 2528 262 2592 quo
285 2507 381 2592 paulo
404 2513 477 2592 post
499 2509 543 2592 (p.
572 2508 624 2584 52,
652 2506 707 2591 18)
731 2506 912 2572 Dindorfius
934 2508 1013 2572 bene
1038 2509 1189 2572 correxit:
1211 2508 1263 2583 μή
1284 2507 1324 2571 τί
1345 2531 1394 2584 γε

200 2617 286 2694 παρά
317 2621 375 2677 τῶν
408 2611 701 2692 συστρατευσάντων
733 2615 897 2688 πυθόμενος
923 2614 988 2692 περί
1014 2620 1072 2677 τῶν
1099 2613 1210 2676 ἐκείνου
1235 2611 1393 2692 πράξεων,

199 2741 255 2805 pro
290 2722 381 2796 μήτοι
418 2745 473 2798 γε,
510 2721 593 2804 quod
625 2719 671 2797 Ι),
703 2721 747 2798 μίρ
774 2723 889 2805 τοίνυν,
920 2724 988 2784 sine
1020 2743 1078 2796 γε,
1112 2718 1196 2803 quod
1226 2716 1260 2781 H
1283 2719 1393 2785 habat.

200 2827 314 2910 (Praei.
340 2848 370 2912 p.
397 2828 523 2912 rme).
1287 2892 1298 2912 .

243 2934 305 2998 Sed
334 2934 411 2998 haec
440 2935 565 3008 minuta
588 2940 681 3007 sunt,
708 2934 874 2998 videamus
896 2935 1057 3020 graviora.
1101 2930 1214 2996 'Petam
1237 2931 1319 2995 hanc
1344 2952 1394 2997 ar-

197 3041 449 3127 gumentationis
473 3045 596 3122 partem
616 3039 853 3103 ita-concludit.
882 3040 913 3103 εί
939 3039 1009 3113 μὲν
1033 3040 1050 3111 ἦ
1071 3038 1225 3116 πρόφασις
1248 3036 1393 3110 ἐξέτασιν

198 3142 268 3225 εἶχε
292 3146 407 3225 πατρὸς
433 3144 596 3218 ἐπανόδου,
622 3148 732 3215 σκοπὸς
757 3147 783 3210 δ’
808 3140 840 3217 ἦν
866 3146 981 3219 ταύτιρι
1008 3143 1187 3216 παίδευσις,
1211 3143 1272 3223 άφ’
1296 3140 1330 3218 ἧς
1356 3145 1392 3208 τὸ

198 3252 285 3324 κλέος
322 3255 352 3316 ἕν
387 3252 561 3329 ἀνθρώποισι
597 3254 737 3329 γίνεται,
769 3251 814 3325 εἴη
846 3251 884 3314 άν
916 3252 979 3314 θεία
1012 3253 1028 3323 ἦ
1062 3252 1239 3330 παραίνεσις
1273 3251 1325 3314 καί
1351 3261 1391 3332 τῇ

197 3363 310 3442 ’λίννᾷ
336 3358 514 3437 τρέπουσα,
540 3358 596 3422 ubi
620 3360 794 3422 necessario
820 3354 867 3420 οὖν
889 3357 1091 3421 inserendum
1116 3363 1164 3421 est
1187 3358 1220 3419 in
1249 3359 1393 3422 oratione

198 3465 431 3541 concludentis:
469 3466 494 3528 εί
531 3465 588 3539 μὲν
622 3459 710 3548 (οὖν)
746 3466 763 3537 ἧ
798 3464 953 3546 τρίΦασιι
985 3461 1127 3538 ἐξέτασιν
1150 3459 1218 3541 εἶχε
1242 3477 1312 3527 κτλ.
1336 3499 1392 3513 --

197 3573 242 3650 ein
274 3572 312 3637 άν
342 3573 408 3636 ίείοι
441 3572 457 3644 ἡ
483 3571 671 3648 παραίνεσις.
707 3568 824 3635 Contra
847 3569 943 3645 μένων
967 3569 992 3632 δ’
1018 3571 1048 3632 ἕν
1073 3569 1178 3646 haene
1201 3568 1392 3636 άπαίδευτοε

174 3669 285 3728 ’--·
309 3675 396 3754 άξιάς
432 3702 467 3741 τε
499 3678 553 3741 οὐκ
585 3677 623 3740 άν
654 3680 707 3740 τοῦ
739 3678 854 3753 πατρὸς
887 3677 1010 3753 ἐγένετο
1034 3678 1078 3751 μή
1102 3677 1135 3739 τί
1158 3700 1197 3752 με
1219 3677 1308 3755 παρά
1331 3685 1393 3742 τῶν

198 3784 491 3863 συστρατευσάντων
521 3782 686 3859 πυίίμενοι
717 3783 783 3862 περί
813 3789 871 3846 τῶν
905 3782 1016 3845 ἐκείνου
1050 3780 1205 3860 πράξεων·
1240 3781 1295 3847 διὸ
1320 3787 1390 3848 καί

197 3898 380 3955 συνεῖναι
423 3892 528 3964 αὐτῷ
565 3889 720 3954 ἐλθόντι
758 3889 1035 3973 [κωλυόμενος]
1072 3888 1278 3953 πεπαίδευται
1322 3890 1391 3966 ἤδη.

197 3995 340 4061 Monstra
362 3996 415 4060 hic
438 3995 526 4080 loqui
549 3995 677 4060 videtur
700 3994 907 4081 Porphyrius.
954 3993 1067 4057 Potuit
1090 3993 1224 4066 dixisse,
1250 3998 1312 4060 etsi
1331 4018 1392 4063 uec

196 4122 309 4167 verum
344 4106 392 4165 est
427 4122 483 4166 nec
517 4108 662 4166 accurate
692 4120 894 4186 expressum,
925 4100 1133 4163 πεπαίδευται
1157 4098 1389 4180 Telemachus,

196 4215 330 4272 συνεῖναι
362 4197 463 4287 αὐτῷ,
497 4244 537 4255 -
574 4209 635 4272 ie.
666 4209 768 4291 patri,
803 4243 843 4255 -
877 4205 1079 4279 κωλυόμενος,
1112 4206 1165 4270 sed
1197 4207 1389 4284 κωλυόμενος

196 4322 327 4383 συνεῖναι
348 4314 455 4393 αὐτῷ
477 4313 634 4377 ε’λίίντι
656 4313 695 4378 de
715 4311 904 4377 Telemacho
924 4319 956 4375 et
977 4309 1072 4376 Ulixe
1092 4332 1219 4396 promus
1240 4333 1391 4398 perversa
