<?xml version="1.0" encoding="UTF-8"?>
<!DOCTYPE html PUBLIC "-//W3C//DTD XHTML 1.0 Transitional//EN"
    "http://www.w3.org/TR/xhtml1/DTD/xhtml1-transitional.dtd">
<html xmlns="http://www.w3.org/1999/xhtml" xml:lang="en" lang="en">
 <head>
  <title>
</title>
<meta http-equiv="Content-Type" content="text/html;charset=utf-8" />
  <meta name='ocr-system' content='tesseract 3.04.00' />
  <meta name='ocr-capabilities' content='ocr_page ocr_carea ocr_par ocr_line ocrx_word'/>
</head>
<body>
  <div class='ocr_page' id='page_1' title='image "./adodysseameiusq00polagoog_0125.png"; bbox 0 0 2978 4950; ppageno 0'>
   <div class='ocr_carea' id='block_1_1' title="bbox 47 113 1283 4227">
    <p class='ocr_par' dir='ltr' id='par_1_1' title="bbox 47 113 1283 4227">
     <span class='ocr_line' id='line_1_1' title="bbox 95 113 1281 207; baseline 0.008 -26"><span class='ocrx_word' id='word_1_1' title='bbox 95 113 255 183; x_wconf 84' lang='lat' dir='ltr'>Harleiani</span> <span class='ocrx_word' id='word_1_2' title='bbox 286 120 493 185; x_wconf 78' lang='lat' dir='ltr'>vitiosissime</span> <span class='ocrx_word' id='word_1_3' title='bbox 525 121 635 205; x_wconf 87' lang='lat' dir='ltr'>scripti</span> <span class='ocrx_word' id='word_1_4' title='bbox 669 121 922 200; x_wconf 79' lang='lat' dir='ltr'>emendationes,</span> <span class='ocrx_word' id='word_1_5' title='bbox 954 128 1005 200; x_wconf 87' lang='lat' dir='ltr'>et,</span> <span class='ocrx_word' id='word_1_6' title='bbox 1039 123 1123 207; x_wconf 92' lang='lat' dir='ltr'>quod</span> <span class='ocrx_word' id='word_1_7' title='bbox 1152 120 1281 191; x_wconf 87' lang='lat' dir='ltr'>maioris</span> 
     </span>
     <span class='ocr_line' id='line_1_2' title="bbox 92 223 1280 315; baseline 0.007 -28"><span class='ocrx_word' id='word_1_8' title='bbox 92 226 244 289; x_wconf 79' lang='lat' dir='ltr'>momenti</span> <span class='ocrx_word' id='word_1_9' title='bbox 275 223 395 304; x_wconf 89' lang='lat' dir='ltr'>habeo,</span> <span class='ocrx_word' id='word_1_10' title='bbox 428 227 553 314; x_wconf 78' lang='lat' dir='ltr'>insigne</span> <span class='ocrx_word' id='word_1_11' title='bbox 585 227 769 313; x_wconf 87' lang='lat' dir='ltr'>exemplum</span> <span class='ocrx_word' id='word_1_12' title='bbox 801 229 951 313; x_wconf 75' lang='lat' dir='ltr'>praebent</span> <span class='ocrx_word' id='word_1_13' title='bbox 980 230 1139 315; x_wconf 90' lang='lat' dir='ltr'>quomodo</span> <span class='ocrx_word' id='word_1_14' title='bbox 1165 231 1280 297; x_wconf 87' lang='lat' dir='ltr'>horum</span> 
     </span>
     <span class='ocr_line' id='line_1_3' title="bbox 91 326 1281 421; baseline 0.006 -27"><span class='ocrx_word' id='word_1_15' title='bbox 91 326 289 415; x_wconf 88' lang='lat' dir='ltr'>longiorum,</span> <span class='ocrx_word' id='word_1_16' title='bbox 320 333 467 416; x_wconf 86' lang='lat' dir='ltr'>inprimis</span> <span class='ocrx_word' id='word_1_17' title='bbox 498 332 684 418; x_wconf 86' lang='lat' dir='ltr'>Porphyrii,</span> <span class='ocrx_word' id='word_1_18' title='bbox 719 331 920 399; x_wconf 83' lang='lat' dir='ltr'>Scholiorum</span> <span class='ocrx_word' id='word_1_19' title='bbox 948 339 1094 420; x_wconf 86' lang='lat' dir='ltr'>excerpta</span> <span class='ocrx_word' id='word_1_20' title='bbox 1129 341 1161 400; x_wconf 91' lang='lat' dir='ltr'>et</span> <span class='ocrx_word' id='word_1_21' title='bbox 1190 338 1281 421; x_wconf 89' lang='lat' dir='ltr'>quasi</span> 
     </span>
     <span class='ocr_line' id='line_1_4' title="bbox 91 437 1281 523; baseline 0.007 -24"><span class='ocrx_word' id='word_1_22' title='bbox 91 437 220 502; x_wconf 86' lang='lat' dir='ltr'>disiecta</span> <span class='ocrx_word' id='word_1_23' title='bbox 250 437 395 503; x_wconf 90' lang='lat' dir='ltr'>membra</span> <span class='ocrx_word' id='word_1_24' title='bbox 421 437 579 523; x_wconf 88' lang='lat' dir='ltr'>paulatim</span> <span class='ocrx_word' id='word_1_25' title='bbox 601 441 782 523; x_wconf 81' lang='lat' dir='ltr'>extiterint,</span> <span class='ocrx_word' id='word_1_26' title='bbox 808 440 890 505; x_wconf 90' lang='lat' dir='ltr'>unde</span> <span class='ocrx_word' id='word_1_27' title='bbox 914 440 1043 506; x_wconf 90' lang='lat' dir='ltr'>habitus</span> <span class='ocrx_word' id='word_1_28' title='bbox 1067 448 1098 506; x_wconf 94' lang='lat' dir='ltr'>et</span> <span class='ocrx_word' id='word_1_29' title='bbox 1122 448 1212 507; x_wconf 91' lang='lat' dir='ltr'>tenor</span> <span class='ocrx_word' id='word_1_30' title='bbox 1234 441 1281 507; x_wconf 91' lang='lat' dir='ltr'>in·</span> 
     </span>
     <span class='ocr_line' id='line_1_5' title="bbox 92 543 1281 631; baseline 0.005 -24"><span class='ocrx_word' id='word_1_31' title='bbox 92 547 252 629; x_wconf 83' lang='lat' dir='ltr'>tegrarnm</span> <span class='ocrx_word' id='word_1_32' title='bbox 272 543 524 628; x_wconf 75' lang='lat' dir='ltr'>disputationum</span> <span class='ocrx_word' id='word_1_33' title='bbox 545 564 637 629; x_wconf 85' lang='lat' dir='ltr'>saepe</span> <span class='ocrx_word' id='word_1_34' title='bbox 657 546 773 631; x_wconf 87' lang='lat' dir='ltr'>exiguo</span> <span class='ocrx_word' id='word_1_35' title='bbox 786 566 859 610; x_wconf 90' lang='lat' dir='ltr'>curn</span> <span class='ocrx_word' id='word_1_36' title='bbox 871 545 976 611; x_wconf 84' lang='lat' dir='ltr'>fructu</span> <span class='ocrx_word' id='word_1_37' title='bbox 988 547 1281 613; x_wconf 87' lang='lat' dir='ltr'>nobisdivinandus</span> 
     </span>
     <span class='ocr_line' id='line_1_6' title="bbox 93 647 1281 738; baseline 0.006 -26"><span class='ocrx_word' id='word_1_38' title='bbox 93 647 289 735; x_wconf 85' lang='lat' dir='ltr'>relinquitur.</span> <span class='ocrx_word' id='word_1_39' title='bbox 338 648 399 714; x_wconf 81' lang='lat' dir='ltr'>Sed</span> <span class='ocrx_word' id='word_1_40' title='bbox 420 648 458 714; x_wconf 90' lang='lat' dir='ltr'>de</span> <span class='ocrx_word' id='word_1_41' title='bbox 482 649 532 715; x_wconf 92' lang='lat' dir='ltr'>his</span> <span class='ocrx_word' id='word_1_42' title='bbox 556 650 650 715; x_wconf 88' lang='lat' dir='ltr'>rebus</span> <span class='ocrx_word' id='word_1_43' title='bbox 673 669 768 738; x_wconf 85' lang='lat' dir='ltr'>agam</span> <span class='ocrx_word' id='word_1_44' title='bbox 791 651 979 736; x_wconf 76' lang='lat' dir='ltr'>explicatius</span> <span class='ocrx_word' id='word_1_45' title='bbox 1002 656 1036 718; x_wconf 91' lang='lat' dir='ltr'>in</span> <span class='ocrx_word' id='word_1_46' title='bbox 1056 652 1155 718; x_wconf 89' lang='lat' dir='ltr'>altera</span> <span class='ocrx_word' id='word_1_47' title='bbox 1174 659 1281 738; x_wconf 88' lang='lat' dir='ltr'>parte,</span> 
     </span>
     <span class='ocr_line' id='line_1_7' title="bbox 93 754 1282 843; baseline 0.006 -25"><span class='ocrx_word' id='word_1_48' title='bbox 93 776 172 821; x_wconf 90' lang='lat' dir='ltr'>nunc</span> <span class='ocrx_word' id='word_1_49' title='bbox 209 754 339 843; x_wconf 81' lang='lat' dir='ltr'>singnis</span> <span class='ocrx_word' id='word_1_50' title='bbox 377 755 544 821; x_wconf 89' lang='lat' dir='ltr'>Harleiani</span> <span class='ocrx_word' id='word_1_51' title='bbox 582 758 853 834; x_wconf 68' lang='grc' dir='ltr'><strong><em>πλημμελήματα</em></strong></span> <span class='ocrx_word' id='word_1_52' title='bbox 892 759 1056 824; x_wconf 85' lang='lat' dir='ltr'>rideamus</span> <span class='ocrx_word' id='word_1_53' title='bbox 1097 780 1136 824; x_wconf 90' lang='lat' dir='ltr'>an</span> <span class='ocrx_word' id='word_1_54' title='bbox 1174 780 1282 825; x_wconf 90' lang='lat' dir='ltr'>sanare</span> 
     </span>
     <span class='ocr_line' id='line_1_8' title="bbox 94 858 1281 949; baseline 0.004 -23"><span class='ocrx_word' id='word_1_55' title='bbox 94 864 257 948; x_wconf 72' lang='lat' dir='ltr'>poesimm.</span> <span class='ocrx_word' id='word_1_56' title='bbox 297 863 434 941; x_wconf 85' lang='grc' dir='ltr'><strong><em>Βαρύτης</em></strong></span> <span class='ocrx_word' id='word_1_57' title='bbox 471 862 533 941; x_wconf 71' lang='grc' dir='ltr'>γὰρ</span> <span class='ocrx_word' id='word_1_58' title='bbox 558 900 598 910; x_wconf 92' lang='grc'>-</span> <span class='ocrx_word' id='word_1_59' title='bbox 623 865 803 949; x_wconf 85' lang='lat' dir='ltr'>incipit-</span> <span class='ocrx_word' id='word_1_60' title='bbox 829 864 977 946; x_wconf 74' lang='grc' dir='ltr'><strong><em>ὀνειδίζειν</em></strong></span> <span class='ocrx_word' id='word_1_61' title='bbox 1005 867 1062 943; x_wconf 78' lang='grc' dir='ltr'><strong><em>μὲν</em></strong></span> <span class='ocrx_word' id='word_1_62' title='bbox 1096 858 1281 946; x_wconf 80' lang='grc' dir='ltr'><strong><em>οἱποέσχει,</em></strong></span> 
     </span>
     <span class='ocr_line' id='line_1_9' title="bbox 95 966 1281 1054; baseline 0.004 -22"><span class='ocrx_word' id='word_1_63' title='bbox 95 967 236 1034; x_wconf 74' lang='grc' dir='ltr'><strong><em>ἱκετεύειν</em></strong></span> <span class='ocrx_word' id='word_1_64' title='bbox 268 969 300 1034; x_wconf 74' lang='grc' dir='ltr'>δὲ</span> <span class='ocrx_word' id='word_1_65' title='bbox 333 971 649 1050; x_wconf 74' lang='grc' dir='ltr'><strong><em>συγχωρεῖσθαι</em></strong></span> <span class='ocrx_word' id='word_1_66' title='bbox 682 973 788 1051; x_wconf 78' lang='grc' dir='ltr'><strong><em>αὐτῷ</em></strong></span> <span class='ocrx_word' id='word_1_67' title='bbox 813 972 876 1036; x_wconf 80' lang='grc' dir='ltr'>τὸν</span> <span class='ocrx_word' id='word_1_68' title='bbox 900 973 1077 1054; x_wconf 86' lang='grc' dir='ltr'><strong><em>πατέρα,</em></strong></span> <span class='ocrx_word' id='word_1_69' title='bbox 1103 966 1132 1037; x_wconf 89' lang='grc' dir='ltr'><strong><em>ἱν</em></strong></span> <span class='ocrx_word' id='word_1_70' title='bbox 1158 972 1281 1048; x_wconf 88' lang='grc' dir='ltr'><strong><em>πιὶντας</em></strong></span> 
     </span>
     <span class='ocr_line' id='line_1_10' title="bbox 95 1072 1281 1162; baseline 0.004 -23"><span class='ocrx_word' id='word_1_71' title='bbox 95 1073 143 1151; x_wconf 72' lang='grc' dir='ltr'><strong><em>μέν</em></strong></span> <span class='ocrx_word' id='word_1_72' title='bbox 168 1072 230 1140; x_wconf 77' lang='grc' dir='ltr'><strong><em>ἔδει</em></strong></span> <span class='ocrx_word' id='word_1_73' title='bbox 254 1077 421 1149; x_wconf 81' lang='grc' dir='ltr'><strong><em>ποθοῦντας</em></strong></span> <span class='ocrx_word' id='word_1_74' title='bbox 445 1075 600 1156; x_wconf 73' lang='grc' dir='ltr'><strong><em>δακρύειν,</em></strong></span> <span class='ocrx_word' id='word_1_75' title='bbox 627 1076 719 1147; x_wconf 82' lang='grc' dir='ltr'><strong><em>αὐτὸς</em></strong></span> <span class='ocrx_word' id='word_1_76' title='bbox 743 1077 775 1141; x_wconf 79' lang='grc' dir='ltr'>δὲ</span> <span class='ocrx_word' id='word_1_77' title='bbox 799 1079 829 1142; x_wconf 86' lang='grc' dir='ltr'><strong><em>ἕν</em></strong></span> <span class='ocrx_word' id='word_1_78' title='bbox 854 1079 992 1162; x_wconf 76' lang='grc' dir='ltr'>ἱκετηρία</span> <span class='ocrx_word' id='word_1_79' title='bbox 1019 1079 1135 1145; x_wconf 88' lang='grc' dir='ltr'><strong><em>τίθεται</em></strong></span> <span class='ocrx_word' id='word_1_80' title='bbox 1160 1080 1194 1144; x_wconf 83' lang='grc' dir='ltr'><strong><em>τὸ</em></strong></span> <span class='ocrx_word' id='word_1_81' title='bbox 1223 1079 1281 1146; x_wconf 80' lang='grc' dir='ltr'><strong><em>κίον</em></strong></span> 
     </span>
     <span class='ocr_line' id='line_1_11' title="bbox 95 1181 1283 1274; baseline 0.007 -29"><span class='ocrx_word' id='word_1_82' title='bbox 95 1181 168 1263; x_wconf 79' lang='grc' dir='ltr'><strong><em>μένῳ</em></strong></span> <span class='ocrx_word' id='word_1_83' title='bbox 204 1183 290 1262; x_wconf 82' lang='grc' dir='ltr'><strong><em>αὐτῷ</em></strong></span> <span class='ocrx_word' id='word_1_84' title='bbox 326 1184 561 1262; x_wconf 71' lang='grc' dir='ltr'><strong><em>συγχωρηθῆναι</em></strong></span> <span class='ocrx_word' id='word_1_85' title='bbox 599 1182 633 1246; x_wconf 84' lang='grc' dir='ltr'><strong><em>τὸ</em></strong></span> <span class='ocrx_word' id='word_1_86' title='bbox 670 1183 784 1254; x_wconf 82' lang='grc' dir='ltr'><strong><em>πένθος.</em></strong></span> <span class='ocrx_word' id='word_1_87' title='bbox 833 1184 957 1250; x_wconf 82' lang='lat' dir='ltr'>Licebit</span> <span class='ocrx_word' id='word_1_88' title='bbox 996 1207 1162 1270; x_wconf 88' lang='lat' dir='ltr'>quaerere,</span> <span class='ocrx_word' id='word_1_89' title='bbox 1205 1187 1283 1274; x_wconf 90' lang='lat' dir='ltr'>quid</span> 
     </span>
     <span class='ocr_line' id='line_1_12' title="bbox 97 1287 1269 1375; baseline 0.006 -23"><span class='ocrx_word' id='word_1_90' title='bbox 97 1289 131 1354; x_wconf 86' lang='lat' dir='ltr'>sit</span> <span class='ocrx_word' id='word_1_91' title='bbox 164 1289 251 1375; x_wconf 85' lang='lat' dir='ltr'>quod</span> <span class='ocrx_word' id='word_1_92' title='bbox 285 1287 495 1355; x_wconf 80' lang='lat' dir='ltr'>Telemachus</span> <span class='ocrx_word' id='word_1_93' title='bbox 528 1297 690 1374; x_wconf 80' lang='lat' dir='ltr'>precetur:</span> <span class='ocrx_word' id='word_1_94' title='bbox 735 1295 961 1369; x_wconf 71' lang='grc' dir='ltr'><strong><em>συγχωρεῖσθαι</em></strong></span> <span class='ocrx_word' id='word_1_95' title='bbox 1004 1295 1087 1375; x_wconf 80' lang='grc' dir='ltr'><strong><em>αὐτῷ</em></strong></span> <span class='ocrx_word' id='word_1_96' title='bbox 1129 1295 1179 1358; x_wconf 84' lang='grc' dir='ltr'>τὸν</span> <span class='ocrx_word' id='word_1_97' title='bbox 1222 1318 1269 1359; x_wconf 88' lang='grc' dir='ltr'>πα</span> 
     </span>
     <span class='ocr_line' id='line_1_13' title="bbox 93 1393 1283 1482; baseline 0.007 -24"><span class='ocrx_word' id='word_1_98' title='bbox 93 1393 184 1477; x_wconf 83' lang='grc' dir='ltr'><strong><em>τθραὶ</em></strong></span> <span class='ocrx_word' id='word_1_99' title='bbox 219 1395 282 1477; x_wconf 80' lang='lat' dir='ltr'>Qui</span> <span class='ocrx_word' id='word_1_100' title='bbox 312 1396 345 1461; x_wconf 92' lang='lat' dir='ltr'>id</span> <span class='ocrx_word' id='word_1_101' title='bbox 374 1417 502 1461; x_wconf 90' lang='lat' dir='ltr'>mecum</span> <span class='ocrx_word' id='word_1_102' title='bbox 525 1416 587 1461; x_wconf 91' lang='lat' dir='ltr'>non</span> <span class='ocrx_word' id='word_1_103' title='bbox 610 1397 793 1482; x_wconf 89' lang='lat' dir='ltr'>expedient,</span> <span class='ocrx_word' id='word_1_104' title='bbox 818 1399 946 1465; x_wconf 79' lang='lat' dir='ltr'>videant</span> <span class='ocrx_word' id='word_1_105' title='bbox 969 1419 1008 1463; x_wconf 88' lang='lat' dir='ltr'>an</span> <span class='ocrx_word' id='word_1_106' title='bbox 1031 1420 1093 1464; x_wconf 94' lang='lat' dir='ltr'>non</span> <span class='ocrx_word' id='word_1_107' title='bbox 1117 1403 1283 1466; x_wconf 88' lang='lat' dir='ltr'>restituen-</span> 
     </span>
     <span class='ocr_line' id='line_1_14' title="bbox 89 1497 1281 1591; baseline 0.006 -24"><span class='ocrx_word' id='word_1_108' title='bbox 89 1497 167 1568; x_wconf 82' lang='lat' dir='ltr'>dum</span> <span class='ocrx_word' id='word_1_109' title='bbox 192 1506 253 1569; x_wconf 83' lang='lat' dir='ltr'>sit:</span> <span class='ocrx_word' id='word_1_110' title='bbox 278 1504 424 1568; x_wconf 91' lang='grc' dir='ltr'><strong><em>ἱκετεύειν</em></strong></span> <span class='ocrx_word' id='word_1_111' title='bbox 449 1503 479 1567; x_wconf 81' lang='grc' dir='ltr'>δέ</span> <span class='ocrx_word' id='word_1_112' title='bbox 505 1505 733 1584; x_wconf 77' lang='grc' dir='ltr'><strong><em>συγχωρεῖσθαι</em></strong></span> <span class='ocrx_word' id='word_1_113' title='bbox 759 1505 843 1585; x_wconf 73' lang='grc' dir='ltr'><strong><em>αύτιῖι</em></strong></span> <span class='ocrx_word' id='word_1_114' title='bbox 867 1507 1056 1591; x_wconf 83' lang='grc' dir='ltr'><strong><em>(πενθεῖν)</em></strong></span> <span class='ocrx_word' id='word_1_115' title='bbox 1077 1510 1127 1572; x_wconf 83' lang='grc' dir='ltr'>τὸν</span> <span class='ocrx_word' id='word_1_116' title='bbox 1147 1508 1281 1588; x_wconf 79' lang='grc' dir='ltr'><strong><em>πατέρα.</em></strong></span> 
     </span>
     <span class='ocr_line' id='line_1_15' title="bbox 82 1607 1281 1695; baseline 0.005 -21"><span class='ocrx_word' id='word_1_117' title='bbox 82 1607 178 1676; x_wconf 76' lang='lat' dir='ltr'>Haec</span> <span class='ocrx_word' id='word_1_118' title='bbox 199 1608 357 1695; x_wconf 75' lang='lat' dir='ltr'>particula</span> <span class='ocrx_word' id='word_1_119' title='bbox 379 1616 525 1694; x_wconf 84' lang='lat' dir='ltr'>excerpta</span> <span class='ocrx_word' id='word_1_120' title='bbox 550 1611 675 1673; x_wconf 80' lang='lat' dir='ltr'>transiit</span> <span class='ocrx_word' id='word_1_121' title='bbox 698 1611 732 1673; x_wconf 88' lang='lat' dir='ltr'>in</span> <span class='ocrx_word' id='word_1_122' title='bbox 756 1608 835 1674; x_wconf 81' lang='lat' dir='ltr'>MT:</span> <span class='ocrx_word' id='word_1_123' title='bbox 864 1609 1032 1692; x_wconf 78' lang='grc' dir='ltr'><strong><em>ἐπιφθόνως</em></strong></span> <span class='ocrx_word' id='word_1_124' title='bbox 1056 1611 1128 1676; x_wconf 80' lang='grc' dir='ltr'><strong><em>λίαν</em></strong></span> <span class='ocrx_word' id='word_1_125' title='bbox 1147 1613 1176 1677; x_wconf 80' lang='grc' dir='ltr'><strong><em>έν</em></strong></span> <span class='ocrx_word' id='word_1_126' title='bbox 1196 1612 1281 1694; x_wconf 90' lang='grc' dir='ltr'><strong><em>μέρει</em></strong></span> 
     </span>
     <span class='ocr_line' id='line_1_16' title="bbox 75 1710 1281 1799; baseline 0.003 -19"><span class='ocrx_word' id='word_1_127' title='bbox 75 1714 219 1799; x_wconf 74' lang='grc' dir='ltr'><strong><em>χάριτος</em></strong></span> <span class='ocrx_word' id='word_1_128' title='bbox 244 1717 429 1780; x_wconf 83' lang='grc' dir='ltr'><strong><em>αἱτεῖται</em></strong></span> <span class='ocrx_word' id='word_1_129' title='bbox 454 1713 524 1788; x_wconf 79' lang='grc' dir='ltr'><strong><em>τὶιν</em></strong></span> <span class='ocrx_word' id='word_1_130' title='bbox 549 1714 739 1791; x_wconf 77' lang='grc' dir='ltr'><strong><em>ἐξουσίαν</em></strong></span> <span class='ocrx_word' id='word_1_131' title='bbox 762 1721 830 1781; x_wconf 81' lang='grc' dir='ltr'>τοῦ</span> <span class='ocrx_word' id='word_1_132' title='bbox 856 1716 1041 1794; x_wconf 78' lang='grc' dir='ltr'><strong><em>πένθους,</em></strong></span> <span class='ocrx_word' id='word_1_133' title='bbox 1066 1710 1096 1781; x_wconf 85' lang='grc' dir='ltr'><strong><em>ἱν</em></strong></span> <span class='ocrx_word' id='word_1_134' title='bbox 1121 1717 1180 1783; x_wconf 80' lang='grc' dir='ltr'><strong><em>ἔδει</em></strong></span> <span class='ocrx_word' id='word_1_135' title='bbox 1204 1719 1281 1784; x_wconf 88' lang='grc' dir='ltr'><strong><em>πιέν·</em></strong></span> 
     </span>
     <span class='ocr_line' id='line_1_17' title="bbox 74 1818 1281 1908; baseline 0.003 -20"><span class='ocrx_word' id='word_1_136' title='bbox 74 1847 149 1894; x_wconf 66' lang='grc' dir='ltr'>τις</span> <span class='ocrx_word' id='word_1_137' title='bbox 182 1821 320 1902; x_wconf 74' lang='grc' dir='ltr'><strong><em>δακρύειν</em></strong></span> <span class='ocrx_word' id='word_1_138' title='bbox 347 1822 440 1886; x_wconf 80' lang='grc' dir='ltr'><strong><em>αἰτῶν</em></strong></span> <span class='ocrx_word' id='word_1_139' title='bbox 471 1821 529 1885; x_wconf 86' lang='grc' dir='ltr'><strong><em>κῖιν</em></strong></span> <span class='ocrx_word' id='word_1_140' title='bbox 558 1818 648 1898; x_wconf 87' lang='grc' dir='ltr'><strong><em>μένος</em></strong></span> <span class='ocrx_word' id='word_1_141' title='bbox 670 1823 832 1886; x_wconf 87' lang='grc' dir='ltr'><strong><em>πενθεῖν</em></strong></span> <span class='ocrx_word' id='word_1_142' title='bbox 856 1823 966 1899; x_wconf 81' lang='grc' dir='ltr'><strong><em>οἱδεῶι,</em></strong></span> <span class='ocrx_word' id='word_1_143' title='bbox 999 1829 1093 1908; x_wconf 84' lang='lat' dir='ltr'>alque</span> <span class='ocrx_word' id='word_1_144' title='bbox 1115 1826 1149 1888; x_wconf 90' lang='lat' dir='ltr'>in</span> <span class='ocrx_word' id='word_1_145' title='bbox 1171 1825 1222 1890; x_wconf 88' lang='lat' dir='ltr'>his</span> <span class='ocrx_word' id='word_1_146' title='bbox 1246 1826 1281 1892; x_wconf 85' lang='lat' dir='ltr'>hi</span> 
     </span>
     <span class='ocr_line' id='line_1_18' title="bbox 69 1928 1280 2014; baseline 0.002 -18"><span class='ocrx_word' id='word_1_147' title='bbox 69 1931 155 1997; x_wconf 84' lang='lat' dir='ltr'>duo</span> <span class='ocrx_word' id='word_1_148' title='bbox 182 1928 305 1994; x_wconf 89' lang='lat' dir='ltr'>codices</span> <span class='ocrx_word' id='word_1_149' title='bbox 335 1928 496 2005; x_wconf 89' lang='lat' dir='ltr'>desinunt,</span> <span class='ocrx_word' id='word_1_150' title='bbox 527 1930 575 1992; x_wconf 89' lang='lat' dir='ltr'>ita</span> <span class='ocrx_word' id='word_1_151' title='bbox 605 1934 713 1993; x_wconf 89' lang='lat' dir='ltr'>tamen</span> <span class='ocrx_word' id='word_1_152' title='bbox 744 1934 781 1993; x_wconf 85' lang='lat' dir='ltr'>ut</span> <span class='ocrx_word' id='word_1_153' title='bbox 812 1929 895 2014; x_wconf 92' lang='lat' dir='ltr'>quod</span> <span class='ocrx_word' id='word_1_154' title='bbox 926 1931 1045 1995; x_wconf 89' lang='lat' dir='ltr'>inserui</span> <span class='ocrx_word' id='word_1_155' title='bbox 1068 1935 1280 1998; x_wconf 85' lang='lat' dir='ltr'>neceesarium</span> 
     </span>
     <span class='ocr_line' id='line_1_19' title="bbox 67 2032 1280 2125; baseline 0.004 -26"><span class='ocrx_word' id='word_1_156' title='bbox 67 2055 161 2104; x_wconf 80' lang='lat' dir='ltr'>csse</span> <span class='ocrx_word' id='word_1_157' title='bbox 181 2034 395 2125; x_wconf 86' lang='lat' dir='ltr'>comprobent.</span> <span class='ocrx_word' id='word_1_158' title='bbox 421 2035 534 2120; x_wconf 85' lang='lat' dir='ltr'>Pergit</span> <span class='ocrx_word' id='word_1_159' title='bbox 555 2032 606 2098; x_wconf 87' lang='lat' dir='ltr'>H:</span> <span class='ocrx_word' id='word_1_160' title='bbox 632 2038 684 2098; x_wconf 89' lang='grc' dir='ltr'><strong><em>καὶ</em></strong></span> <span class='ocrx_word' id='word_1_161' title='bbox 711 2035 796 2106; x_wconf 85' lang='grc' dir='ltr'><strong><em>εύθὶις</em></strong></span> <span class='ocrx_word' id='word_1_162' title='bbox 821 2035 1037 2114; x_wconf 77' lang='grc' dir='ltr'><strong><em>οἱπυνιογισμδς</em></strong></span> <span class='ocrx_word' id='word_1_163' title='bbox 1070 2039 1160 2117; x_wconf 87' lang='grc' dir='ltr'><strong><em>περί</em></strong></span> <span class='ocrx_word' id='word_1_164' title='bbox 1169 2036 1280 2113; x_wconf 77' lang='grc' dir='ltr'><strong><em>δοξος</em></strong></span> 
     </span>
     <span class='ocr_line' id='line_1_20' title="bbox 65 2135 1279 2222; baseline 0.003 -17"><span class='ocrx_word' id='word_1_165' title='bbox 65 2140 150 2222; x_wconf 82' lang='grc' dir='ltr'>1Φ’</span> <span class='ocrx_word' id='word_1_166' title='bbox 177 2135 218 2212; x_wconf 86' lang='grc' dir='ltr'>οἱς</span> <span class='ocrx_word' id='word_1_167' title='bbox 250 2141 336 2221; x_wconf 79' lang='grc' dir='ltr'><strong><em>δρῶσι</em></strong></span> <span class='ocrx_word' id='word_1_168' title='bbox 370 2136 604 2218; x_wconf 79' lang='grc' dir='ltr'><strong><em>παροὶδοξα,</em></strong></span> <span class='ocrx_word' id='word_1_169' title='bbox 639 2142 684 2217; x_wconf 85' lang='grc' dir='ltr'><strong><em>,,εἱ</em></strong></span> <span class='ocrx_word' id='word_1_170' title='bbox 713 2140 757 2217; x_wconf 78' lang='grc' dir='ltr'>μή</span> <span class='ocrx_word' id='word_1_171' title='bbox 789 2140 847 2205; x_wconf 91' lang='grc' dir='ltr'><strong><em>πού</em></strong></span> <span class='ocrx_word' id='word_1_172' title='bbox 880 2165 910 2206; x_wconf 93' lang='grc' dir='ltr'><strong><em>τι</em></strong></span> <span class='ocrx_word' id='word_1_173' title='bbox 935 2143 1036 2222; x_wconf 65' lang='grc' dir='ltr'><strong><em>πατὴρ</em></strong></span> <span class='ocrx_word' id='word_1_174' title='bbox 1061 2142 1149 2220; x_wconf 65' lang='lat' dir='ltr'>tate,</span> <span class='ocrx_word' id='word_1_175' title='bbox 1175 2144 1279 2217; x_wconf 77' lang='grc' dir='ltr'><strong><em>ἕσθκὶς</em></strong></span> 
     </span>
     <span class='ocr_line' id='line_1_21' title="bbox 63 2244 1281 2335; baseline 0.003 -23"><span class='ocrx_word' id='word_1_176' title='bbox 63 2244 277 2332; x_wconf 75' lang='grc' dir='ltr'><strong><em>Ὀδυσσεύς,</em></strong></span> <span class='ocrx_word' id='word_1_177' title='bbox 300 2244 319 2317; x_wconf 92' lang='grc' dir='ltr'>ΙΙ</span> <span class='ocrx_word' id='word_1_178' title='bbox 343 2246 509 2323; x_wconf 81' lang='grc' dir='ltr'><strong><em>δυσμενέων</em></strong></span> <span class='ocrx_word' id='word_1_179' title='bbox 529 2245 601 2311; x_wconf 67' lang='grc' dir='ltr'>κάκ’</span> <span class='ocrx_word' id='word_1_180' title='bbox 622 2245 719 2324; x_wconf 80' lang='grc' dir='ltr'><strong><em>ἔρεξεν</em></strong></span> <span class='ocrx_word' id='word_1_181' title='bbox 739 2247 923 2323; x_wconf 76' lang='grc' dir='ltr'><strong><em>ἐϋκνήμιδας</em></strong></span> <span class='ocrx_word' id='word_1_182' title='bbox 943 2249 1125 2328; x_wconf 82' lang='grc' dir='ltr'><strong><em>Ἀχαιούς,”</em></strong></span> <span class='ocrx_word' id='word_1_183' title='bbox 1138 2249 1190 2314; x_wconf 83' lang='grc' dir='ltr'>καί</span> <span class='ocrx_word' id='word_1_184' title='bbox 1217 2253 1281 2335; x_wconf 80' lang='grc' dir='ltr'><strong><em>(τὸν</em></strong></span> 
     </span>
     <span class='ocr_line' id='line_1_22' title="bbox 63 2347 1280 2442; baseline 0.006 -27"><span class='ocrx_word' id='word_1_185' title='bbox 63 2347 182 2416; x_wconf 83' lang='lat' dir='ltr'>addit</span> <span class='ocrx_word' id='word_1_186' title='bbox 204 2352 245 2436; x_wconf 92' lang='lat' dir='ltr'>D)</span> <span class='ocrx_word' id='word_1_187' title='bbox 272 2352 378 2433; x_wconf 84' lang='grc' dir='ltr'><strong><em>έχθρθν</em></strong></span> <span class='ocrx_word' id='word_1_188' title='bbox 400 2351 615 2433; x_wconf 86' lang='grc' dir='ltr'><strong><em>τιμωρούμενοι</em></strong></span> <span class='ocrx_word' id='word_1_189' title='bbox 639 2353 694 2432; x_wconf 81' lang='grc' dir='ltr'>ἐμὲ</span> <span class='ocrx_word' id='word_1_190' title='bbox 716 2352 754 2417; x_wconf 83' lang='grc' dir='ltr'>δι’</span> <span class='ocrx_word' id='word_1_191' title='bbox 778 2354 887 2418; x_wconf 80' lang='grc' dir='ltr'><strong><em>ἐκεῖνον</em></strong></span> <span class='ocrx_word' id='word_1_192' title='bbox 912 2355 1074 2430; x_wconf 85' lang='grc' dir='ltr'><strong><em>οἱμύνεσθε.</em></strong></span> <span class='ocrx_word' id='word_1_193' title='bbox 1106 2355 1152 2420; x_wconf 82' lang='lat' dir='ltr'>At</span> <span class='ocrx_word' id='word_1_194' title='bbox 1179 2377 1280 2442; x_wconf 88' lang='lat' dir='ltr'>nequa</span> 
     </span>
     <span class='ocr_line' id='line_1_23' title="bbox 64 2451 1280 2542; baseline 0.011 -27"><span class='ocrx_word' id='word_1_195' title='bbox 64 2451 278 2525; x_wconf 74' lang='lat' dir='ltr'>Telemachi</span> <span class='ocrx_word' id='word_1_196' title='bbox 300 2459 532 2542; x_wconf 80' lang='grc' dir='ltr'><strong><em>ιὶπονιογιομθς,</em></strong></span> <span class='ocrx_word' id='word_1_197' title='bbox 554 2480 628 2523; x_wconf 90' lang='lat' dir='ltr'>cum</span> <span class='ocrx_word' id='word_1_198' title='bbox 648 2460 850 2525; x_wconf 88' lang='lat' dir='ltr'>acerbissima</span> <span class='ocrx_word' id='word_1_199' title='bbox 868 2461 969 2525; x_wconf 87' lang='lat' dir='ltr'>ironia</span> <span class='ocrx_word' id='word_1_200' title='bbox 981 2463 1182 2539; x_wconf 89' lang='lat' dir='ltr'>coniunctus,</span> <span class='ocrx_word' id='word_1_201' title='bbox 1195 2469 1280 2528; x_wconf 89' lang='lat' dir='ltr'>recte</span> 
     </span>
     <span class='ocr_line' id='line_1_24' title="bbox 61 2561 1280 2653; baseline 0.006 -28"><span class='ocrx_word' id='word_1_202' title='bbox 61 2561 242 2641; x_wconf 75' lang='grc' dir='ltr'><strong><em>τεριδοξος</em></strong></span> <span class='ocrx_word' id='word_1_203' title='bbox 267 2565 330 2631; x_wconf 91' lang='lat' dir='ltr'>dici</span> <span class='ocrx_word' id='word_1_204' title='bbox 354 2570 474 2651; x_wconf 88' lang='lat' dir='ltr'>potest,</span> <span class='ocrx_word' id='word_1_205' title='bbox 499 2564 582 2650; x_wconf 79' lang='lat' dir='ltr'>quod</span> <span class='ocrx_word' id='word_1_206' title='bbox 605 2564 740 2630; x_wconf 88' lang='lat' dir='ltr'>ultimae</span> <span class='ocrx_word' id='word_1_207' title='bbox 764 2568 876 2630; x_wconf 90' lang='lat' dir='ltr'>aetatis</span> <span class='ocrx_word' id='word_1_208' title='bbox 899 2566 1090 2632; x_wconf 83' lang='lat' dir='ltr'>vocabulum</span> <span class='ocrx_word' id='word_1_209' title='bbox 1113 2567 1166 2632; x_wconf 88' lang='lat' dir='ltr'>hic</span> <span class='ocrx_word' id='word_1_210' title='bbox 1196 2589 1280 2653; x_wconf 89' lang='lat' dir='ltr'>pror·</span> 
     </span>
     <span class='ocr_line' id='line_1_25' title="bbox 59 2670 1280 2759; baseline 0.002 -22"><span class='ocrx_word' id='word_1_211' title='bbox 59 2676 140 2724; x_wconf 76' lang='lat'>⁸¹1⁸</span> <span class='ocrx_word' id='word_1_212' title='bbox 170 2670 347 2738; x_wconf 89' lang='lat' dir='ltr'>ridiculum</span> <span class='ocrx_word' id='word_1_213' title='bbox 376 2677 442 2748; x_wconf 89' lang='lat' dir='ltr'>est,</span> <span class='ocrx_word' id='word_1_214' title='bbox 474 2691 532 2736; x_wconf 91' lang='lat' dir='ltr'>nec</span> <span class='ocrx_word' id='word_1_215' title='bbox 562 2691 642 2753; x_wconf 91' lang='lat' dir='ltr'>quae</span> <span class='ocrx_word' id='word_1_216' title='bbox 669 2673 756 2756; x_wconf 89' lang='lat' dir='ltr'>proci</span> <span class='ocrx_word' id='word_1_217' title='bbox 778 2673 812 2735; x_wconf 93' lang='lat' dir='ltr'>in</span> <span class='ocrx_word' id='word_1_218' title='bbox 835 2670 940 2735; x_wconf 85' lang='lat' dir='ltr'>Ulixis</span> <span class='ocrx_word' id='word_1_219' title='bbox 963 2671 1096 2736; x_wconf 90' lang='lat' dir='ltr'>domum</span> <span class='ocrx_word' id='word_1_220' title='bbox 1120 2679 1280 2759; x_wconf 89' lang='lat' dir='ltr'>perpetra·</span> 
     </span>
     <span class='ocr_line' id='line_1_26' title="bbox 58 2777 1281 2863; baseline 0.002 -20"><span class='ocrx_word' id='word_1_221' title='bbox 58 2780 202 2847; x_wconf 71' lang='lat' dir='ltr'>verant</span> <span class='ocrx_word' id='word_1_222' title='bbox 233 2777 395 2858; x_wconf 76' lang='grc' dir='ltr'><strong><em>παράδοξα</em></strong></span> <span class='ocrx_word' id='word_1_223' title='bbox 428 2779 499 2863; x_wconf 91' lang='lat' dir='ltr'>quis</span> <span class='ocrx_word' id='word_1_224' title='bbox 529 2798 624 2842; x_wconf 90' lang='lat' dir='ltr'>sanus</span> <span class='ocrx_word' id='word_1_225' title='bbox 647 2777 794 2862; x_wconf 88' lang='lat' dir='ltr'>appellet.</span> <span class='ocrx_word' id='word_1_226' title='bbox 842 2777 971 2842; x_wconf 85' lang='lat' dir='ltr'>Accedit</span> <span class='ocrx_word' id='word_1_227' title='bbox 994 2778 1077 2861; x_wconf 91' lang='lat' dir='ltr'>quod</span> <span class='ocrx_word' id='word_1_228' title='bbox 1099 2781 1133 2843; x_wconf 93' lang='lat' dir='ltr'>in</span> <span class='ocrx_word' id='word_1_229' title='bbox 1156 2780 1281 2846; x_wconf 89' lang='lat' dir='ltr'>ultimis</span> 
     </span>
     <span class='ocr_line' id='line_1_27' title="bbox 56 2882 1280 2967; baseline 0.003 -19"><span class='ocrx_word' id='word_1_230' title='bbox 56 2884 322 2952; x_wconf 72' lang='lat' dir='ltr'>erammaticce</span> <span class='ocrx_word' id='word_1_231' title='bbox 353 2887 433 2950; x_wconf 89' lang='lat' dir='ltr'>ratio</span> <span class='ocrx_word' id='word_1_232' title='bbox 464 2883 550 2950; x_wconf 89' lang='lat' dir='ltr'>laesa</span> <span class='ocrx_word' id='word_1_233' title='bbox 581 2889 646 2967; x_wconf 87' lang='lat' dir='ltr'>est,</span> <span class='ocrx_word' id='word_1_234' title='bbox 670 2885 723 2949; x_wconf 92' lang='lat' dir='ltr'>cui</span> <span class='ocrx_word' id='word_1_235' title='bbox 747 2882 832 2948; x_wconf 89' lang='lat' dir='ltr'>malo</span> <span class='ocrx_word' id='word_1_236' title='bbox 855 2884 1010 2948; x_wconf 86' lang='lat' dir='ltr'>succurrit</span> <span class='ocrx_word' id='word_1_237' title='bbox 1032 2883 1155 2950; x_wconf 90' lang='lat' dir='ltr'>scilicet</span> <span class='ocrx_word' id='word_1_238' title='bbox 1177 2889 1280 2952; x_wconf 83' lang='lat' dir='ltr'>scriba</span> 
     </span>
     <span class='ocr_line' id='line_1_28' title="bbox 55 2963 1281 3076; baseline -0.001 -18"><span class='ocrx_word' id='word_1_239' title='bbox 55 2963 217 3057; x_wconf 65' lang='lat' dir='ltr'>Codice</span> <span class='ocrx_word' id='word_1_240' title='bbox 250 2991 290 3076; x_wconf 85' lang='lat' dir='ltr'>o,</span> <span class='ocrx_word' id='word_1_241' title='bbox 322 2988 483 3071; x_wconf 67' lang='grc' dir='ltr'><strong><em>νμριενεν</em></strong></span> <span class='ocrx_word' id='word_1_242' title='bbox 514 2992 547 3054; x_wconf 71' lang='lat' dir='ltr'>ra</span> <span class='ocrx_word' id='word_1_243' title='bbox 578 2988 760 3067; x_wconf 62' lang='lat' dir='ltr'>expertem</span> <span class='ocrx_word' id='word_1_244' title='bbox 793 2988 966 3065; x_wconf 86' lang='lat' dir='ltr'>mutando,</span> <span class='ocrx_word' id='word_1_245' title='bbox 1002 2991 1120 3054; x_wconf 74' lang='lat' dir='ltr'>arura</span> <span class='ocrx_word' id='word_1_246' title='bbox 1154 3011 1173 3056; x_wconf 76' lang='lat' dir='ltr'>a</span> <span class='ocrx_word' id='word_1_247' title='bbox 1203 2992 1281 3057; x_wconf 77' lang='lat' dir='ltr'>nu-</span> 
     </span>
     <span class='ocr_line' id='line_1_29' title="bbox 53 3071 1281 3174; baseline 0 -10"><span class='ocrx_word' id='word_1_248' title='bbox 53 3071 189 3164; x_wconf 58' lang='lat' dir='ltr'>d⁰150</span> <span class='ocrx_word' id='word_1_249' title='bbox 222 3098 491 3165; x_wconf 89' lang='lat' dir='ltr'>commendatum.</span> <span class='ocrx_word' id='word_1_250' title='bbox 541 3094 672 3161; x_wconf 90' lang='lat' dir='ltr'>Nullam</span> <span class='ocrx_word' id='word_1_251' title='bbox 703 3093 742 3159; x_wconf 90' lang='lat' dir='ltr'>ad</span> <span class='ocrx_word' id='word_1_252' title='bbox 773 3115 839 3158; x_wconf 89' lang='lat' dir='ltr'>rem</span> <span class='ocrx_word' id='word_1_253' title='bbox 869 3093 955 3158; x_wconf 88' lang='lat' dir='ltr'>istud</span> <span class='ocrx_word' id='word_1_254' title='bbox 984 3093 1166 3174; x_wconf 77' lang='grc' dir='ltr'><strong><em>παραδόξοις</em></strong></span> <span class='ocrx_word' id='word_1_255' title='bbox 1201 3098 1281 3165; x_wconf 86' lang='lat' dir='ltr'>utile</span> 
     </span>
     <span class='ocr_line' id='line_1_30' title="bbox 51 3189 1281 3289; baseline 0.001 -20"><span class='ocrx_word' id='word_1_256' title='bbox 51 3189 141 3269; x_wconf 54' lang='grc' dir='ltr'>Μ,</span> <span class='ocrx_word' id='word_1_257' title='bbox 179 3204 244 3270; x_wconf 88' lang='lat' dir='ltr'>nisi</span> <span class='ocrx_word' id='word_1_258' title='bbox 267 3210 305 3268; x_wconf 85' lang='lat' dir='ltr'>ut</span> <span class='ocrx_word' id='word_1_259' title='bbox 329 3204 367 3269; x_wconf 91' lang='lat' dir='ltr'>ad</span> <span class='ocrx_word' id='word_1_260' title='bbox 391 3202 448 3269; x_wconf 93' lang='lat' dir='ltr'>illa</span> <span class='ocrx_word' id='word_1_261' title='bbox 470 3202 611 3289; x_wconf 87' lang='lat' dir='ltr'>plurima</span> <span class='ocrx_word' id='word_1_262' title='bbox 634 3200 752 3265; x_wconf 89' lang='lat' dir='ltr'>indicia</span> <span class='ocrx_word' id='word_1_263' title='bbox 772 3199 917 3276; x_wconf 82' lang='lat' dir='ltr'>accedat,</span> <span class='ocrx_word' id='word_1_264' title='bbox 938 3202 1054 3285; x_wconf 91' lang='lat' dir='ltr'>quibus</span> <span class='ocrx_word' id='word_1_265' title='bbox 1067 3201 1281 3271; x_wconf 87' lang='lat' dir='ltr'>demonstrare</span> 
     </span>
     <span class='ocr_line' id='line_1_31' title="bbox 49 3288 1282 3377; baseline 0.006 -8"><span class='ocrx_word' id='word_1_266' title='bbox 49 3299 196 3375; x_wconf 64' lang='lat' dir='ltr'>“onusti</span> <span class='ocrx_word' id='word_1_267' title='bbox 216 3288 342 3375; x_wconf 21' lang='lat' dir='ltr'>‘sumus</span> <span class='ocrx_word' id='word_1_268' title='bbox 369 3307 520 3376; x_wconf 79' lang='lat' dir='ltr'>Codicern</span> <span class='ocrx_word' id='word_1_269' title='bbox 545 3307 754 3372; x_wconf 86' lang='lat' dir='ltr'>Parisiensem</span> <span class='ocrx_word' id='word_1_270' title='bbox 778 3305 806 3370; x_wconf 94' lang='lat' dir='ltr'>D</span> <span class='ocrx_word' id='word_1_271' title='bbox 831 3305 1076 3372; x_wconf 81' lang='lat' dir='ltr'>emendatricem</span> <span class='ocrx_word' id='word_1_272' title='bbox 1100 3312 1282 3377; x_wconf 89' lang='lat' dir='ltr'>correctoris</span> 
     </span>
     <span class='ocr_line' id='line_1_32' title="bbox 48 3406 1283 3503; baseline 0 -20"><span class='ocrx_word' id='word_1_273' title='bbox 48 3406 224 3484; x_wconf 71' lang='lat' dir='ltr'>²¹¹⁸11um</span> <span class='ocrx_word' id='word_1_274' title='bbox 259 3424 425 3502; x_wconf 87' lang='lat' dir='ltr'>expertum</span> <span class='ocrx_word' id='word_1_275' title='bbox 461 3435 538 3481; x_wconf 89' lang='lat' dir='ltr'>esse.</span> <span class='ocrx_word' id='word_1_276' title='bbox 574 3412 729 3495; x_wconf 81' lang='grc' dir='ltr'><strong><em>Περίδοξος</em></strong></span> <span class='ocrx_word' id='word_1_277' title='bbox 765 3420 797 3478; x_wconf 87' lang='lat' dir='ltr'>et</span> <span class='ocrx_word' id='word_1_278' title='bbox 828 3411 991 3491; x_wconf 73' lang='grc' dir='ltr'><strong><em>παράδοξα</em></strong></span> <span class='ocrx_word' id='word_1_279' title='bbox 1021 3434 1038 3478; x_wconf 90' lang='lat' dir='ltr'>e</span> <span class='ocrx_word' id='word_1_280' title='bbox 1069 3414 1283 3503; x_wconf 85' lang='lat' dir='ltr'>dittographia</span> 
     </span>
     <span class='ocr_line' id='line_1_33' title="bbox 48 3508 1281 3608; baseline -0.002 -18"><span class='ocrx_word' id='word_1_281' title='bbox 48 3508 150 3581; x_wconf 52' lang='lat'><strong>⁰¹¹¹&amp;</strong></span> <span class='ocrx_word' id='word_1_282' title='bbox 183 3530 278 3608; x_wconf 87' lang='lat' dir='ltr'>sunt,</span> <span class='ocrx_word' id='word_1_283' title='bbox 298 3527 404 3608; x_wconf 86' lang='lat' dir='ltr'>itaque</span> <span class='ocrx_word' id='word_1_284' title='bbox 423 3521 614 3608; x_wconf 89' lang='lat' dir='ltr'>legendum:</span> <span class='ocrx_word' id='word_1_285' title='bbox 636 3519 687 3584; x_wconf 89' lang='grc' dir='ltr'><strong><em>καὶ</em></strong></span> <span class='ocrx_word' id='word_1_286' title='bbox 708 3519 793 3591; x_wconf 79' lang='grc' dir='ltr'><strong><em>εὐθὺς</em></strong></span> <span class='ocrx_word' id='word_1_287' title='bbox 814 3518 1027 3597; x_wconf 72' lang='grc' dir='ltr'><strong><em>ἀπολογισμοῖς</em></strong></span> <span class='ocrx_word' id='word_1_288' title='bbox 1047 3519 1281 3601; x_wconf 71' lang='grc' dir='ltr'><strong><em>παράδοξος</em></strong></span> 
     </span>
     <span class='ocr_line' id='line_1_34' title="bbox 49 3599 1280 3714; baseline 0.001 -19"><span class='ocrx_word' id='word_1_289' title='bbox 49 3599 125 3684; x_wconf 54' lang='grc' dir='ltr'>ἐφ’</span> <span class='ocrx_word' id='word_1_290' title='bbox 173 3626 217 3701; x_wconf 84' lang='grc' dir='ltr'>οἱς</span> <span class='ocrx_word' id='word_1_291' title='bbox 241 3630 382 3714; x_wconf 84' lang='grc' dir='ltr'><strong><em>δρῶσι(ν),</em></strong></span> <span class='ocrx_word' id='word_1_292' title='bbox 411 3629 455 3711; x_wconf 74' lang='lat' dir='ltr'>„el</span> <span class='ocrx_word' id='word_1_293' title='bbox 479 3630 523 3704; x_wconf 78' lang='grc' dir='ltr'>μη</span> <span class='ocrx_word' id='word_1_294' title='bbox 550 3625 607 3691; x_wconf 88' lang='grc' dir='ltr'><strong><em>πού</em></strong></span> <span class='ocrx_word' id='word_1_295' title='bbox 632 3639 714 3703; x_wconf 67' lang='lat' dir='ltr'>aaa,</span> <span class='ocrx_word' id='word_1_296' title='bbox 737 3646 795 3690; x_wconf 90' lang='lat' dir='ltr'>nec</span> <span class='ocrx_word' id='word_1_297' title='bbox 819 3627 986 3711; x_wconf 91' lang='lat' dir='ltr'>quisquam</span> <span class='ocrx_word' id='word_1_298' title='bbox 1010 3627 1197 3714; x_wconf 85' lang='lat' dir='ltr'>mirabitur,</span> <span class='ocrx_word' id='word_1_299' title='bbox 1222 3629 1280 3697; x_wconf 76' lang='lat' dir='ltr'>Te·</span> 
     </span>
     <span class='ocr_line' id='line_1_35' title="bbox 47 3702 1278 3824; baseline 0.002 -22"><span class='ocrx_word' id='word_1_300' title='bbox 47 3702 228 3824; x_wconf 53' lang='lat' dir='ltr'>lemachi</span> <span class='ocrx_word' id='word_1_301' title='bbox 262 3737 513 3818; x_wconf 87' lang='lat' dir='ltr'>excusationem,</span> <span class='ocrx_word' id='word_1_302' title='bbox 549 3733 612 3797; x_wconf 89' lang='lat' dir='ltr'>nisi</span> <span class='ocrx_word' id='word_1_303' title='bbox 646 3732 763 3798; x_wconf 89' lang='lat' dir='ltr'>ironice</span> <span class='ocrx_word' id='word_1_304' title='bbox 797 3730 1020 3819; x_wconf 87' lang='lat' dir='ltr'>intellegatur,</span> <span class='ocrx_word' id='word_1_305' title='bbox 1049 3769 1091 3782; x_wconf 93' lang='lat'><em>-</em></span> <span class='ocrx_word' id='word_1_306' title='bbox 1115 3740 1152 3799; x_wconf 93' lang='lat' dir='ltr'>ut</span> <span class='ocrx_word' id='word_1_307' title='bbox 1186 3740 1278 3804; x_wconf 90' lang='lat' dir='ltr'>unice</span> 
     </span>
     <span class='ocr_line' id='line_1_36' title="bbox 48 3824 1277 3932; baseline 0 -23"><span class='ocrx_word' id='word_1_308' title='bbox 48 3826 306 3932; x_wconf 62' lang='grc' dir='ltr'>ιιιἱθΙΙορςινιιιὶιι</span> <span class='ocrx_word' id='word_1_309' title='bbox 339 3824 403 3925; x_wconf 81' lang='lat' dir='ltr'>est,</span> <span class='ocrx_word' id='word_1_310' title='bbox 428 3877 470 3891; x_wconf 85' lang='lat'>-</span> <span class='ocrx_word' id='word_1_311' title='bbox 496 3836 667 3919; x_wconf 66' lang='grc' dir='ltr'><strong><em>παράδοξον</em></strong></span> <span class='ocrx_word' id='word_1_312' title='bbox 698 3836 779 3901; x_wconf 72' lang='grc' dir='ltr'><strong><em>πάνυ</em></strong></span> <span class='ocrx_word' id='word_1_313' title='bbox 811 3858 846 3902; x_wconf 91' lang='lat' dir='ltr'>ac</span> <span class='ocrx_word' id='word_1_314' title='bbox 876 3857 950 3903; x_wconf 88' lang='lat' dir='ltr'>sane</span> <span class='ocrx_word' id='word_1_315' title='bbox 973 3836 1141 3904; x_wconf 87' lang='lat' dir='ltr'>mirificam</span> <span class='ocrx_word' id='word_1_316' title='bbox 1164 3842 1277 3909; x_wconf 79' lang='lat' dir='ltr'>videri.</span> 
     </span>
     <span class='ocr_line' id='line_1_37' title="bbox 55 3914 1277 4035; baseline 0.004 -28"><span class='ocrx_word' id='word_1_317' title='bbox 55 3914 166 4007; x_wconf 73' lang='lat' dir='ltr'>P08t</span> <span class='ocrx_word' id='word_1_318' title='bbox 199 3965 317 4035; x_wconf 74' lang='lat' dir='ltr'>pauca:</span> <span class='ocrx_word' id='word_1_319' title='bbox 351 3945 530 4025; x_wconf 78' lang='grc' dir='ltr'><strong><em>Συμπκέκει</em></strong></span> <span class='ocrx_word' id='word_1_320' title='bbox 564 3945 595 4009; x_wconf 84' lang='grc' dir='ltr'>δὲ</span> <span class='ocrx_word' id='word_1_321' title='bbox 620 3944 689 4016; x_wconf 87' lang='grc' dir='ltr'><strong><em>τοὺς</em></strong></span> <span class='ocrx_word' id='word_1_322' title='bbox 714 3944 900 4017; x_wconf 73' lang='grc' dir='ltr'><strong><em>Ἰθακησίους</em></strong></span> <span class='ocrx_word' id='word_1_323' title='bbox 927 3954 965 4026; x_wconf 69' lang='grc' dir='ltr'><strong><em>τῇ</em></strong></span> <span class='ocrx_word' id='word_1_324' title='bbox 989 3944 1094 4028; x_wconf 82' lang='grc' dir='ltr'><strong><em>οἱδικίρο</em></strong></span> <span class='ocrx_word' id='word_1_325' title='bbox 1117 3949 1176 4011; x_wconf 74' lang='grc' dir='ltr'>τῶν</span> <span class='ocrx_word' id='word_1_326' title='bbox 1199 3973 1277 4026; x_wconf 85' lang='grc' dir='ltr'><strong><em>μνη-</em></strong></span> 
     </span>
     <span class='ocr_line' id='line_1_38' title="bbox 62 4041 1280 4135; baseline 0.004 -19"><span class='ocrx_word' id='word_1_327' title='bbox 62 4041 216 4135; x_wconf 67' lang='grc' dir='ltr'>στιἱμων,</span> <span class='ocrx_word' id='word_1_328' title='bbox 237 4054 348 4134; x_wconf 86' lang='grc' dir='ltr'><strong><em>καίπερ</em></strong></span> <span class='ocrx_word' id='word_1_329' title='bbox 369 4057 440 4118; x_wconf 85' lang='grc' dir='ltr'><strong><em>κατ’</em></strong></span> <span class='ocrx_word' id='word_1_330' title='bbox 460 4052 563 4134; x_wconf 84' lang='grc' dir='ltr'><strong><em>οἱρχὶις</em></strong></span> <span class='ocrx_word' id='word_1_331' title='bbox 584 4053 719 4134; x_wconf 86' lang='grc' dir='ltr'><strong><em>χωρίσας</em></strong></span> <span class='ocrx_word' id='word_1_332' title='bbox 738 4051 806 4124; x_wconf 84' lang='grc' dir='ltr'><strong><em>τοὺς</em></strong></span> <span class='ocrx_word' id='word_1_333' title='bbox 820 4060 995 4132; x_wconf 78' lang='grc' dir='ltr'><strong><em>μνηστῆρας</em></strong></span> <span class='ocrx_word' id='word_1_334' title='bbox 1009 4049 1068 4116; x_wconf 72' lang='grc' dir='ltr'>ἀπ’</span> <span class='ocrx_word' id='word_1_335' title='bbox 1082 4052 1193 4133; x_wconf 76' lang='grc' dir='ltr'><strong><em>αὐτῶν,</em></strong></span> <span class='ocrx_word' id='word_1_336' title='bbox 1207 4055 1280 4122; x_wconf 84' lang='grc' dir='ltr'><strong><em>κατ’</em></strong></span> 
     </span>
     <span class='ocr_line' id='line_1_39' title="bbox 1140 4173 1155 4227; baseline 0 0"><span class='ocrx_word' id='word_1_337' title='bbox 1140 4173 1155 4227; x_wconf 83' lang='grc' dir='ltr'>’θ</span> 
     </span>
    </p>
   </div>
   <div class='ocr_carea' id='block_1_2' title="bbox 0 0 1494 4950">
    <p class='ocr_par' dir='ltr' id='par_1_2' title="bbox 0 0 1494 4950">
     <span class='ocr_line' id='line_1_40' title="bbox 0 0 1494 4950; baseline 0 4"><span class='ocrx_word' id='word_1_338' title='bbox 0 0 1494 4950; x_wconf 95' lang='lat' dir='ltr'> </span> 
     </span>
    </p>
   </div>
  </div>
 </body>
</html>
