2978 4950
704 158 770 227 486

146 355 324 432 λισσομένη,
345 372 481 438 quorum
501 354 677 418 tentamina
697 354 813 417 merito
832 350 942 416 reiecit
953 347 1147 415 Dindorlius
1166 346 1324 413 Schmidtii

146 467 358 529 coniecturam
388 461 534 546 (Didym.
567 481 600 545 p.
627 458 706 544 201)
731 459 783 523 καί
809 457 1034 532 δενδνσοοαίνη,
1059 476 1156 545 quam
1182 476 1221 520 ex
1242 453 1323 520 colle

147 574 232 636 tione
266 589 375 634 verens
409 565 475 632 296
511 566 624 632 fulcire
658 578 807 643 conatur,
844 561 1027 629 Dindorfius
1060 583 1123 628 nou
1157 563 1324 644 cognovisse

147 677 284 743 ridetur.

192 914 228 963 κ,
254 886 338 972 sno,
363 885 439 952 ser.

236 996 398 1072 Γίγνονται
422 993 447 1057 δ’
474 990 535 1071 ἄρα
559 992 615 1056 ταί
638 992 673 1070 γ’
699 992 733 1056 έν
756 1017 791 1056 τε
815 992 941 1069 κρηνέων
965 992 1030 1056 ατί
1053 992 1084 1054 τ’
1108 990 1228 1056 οίλσέων

236 1100 270 1165 έν
296 1090 321 1164 ί’
345 1101 427 1178 ίερῶν
451 1104 617 1175 ποταμῶν,
641 1096 680 1163 οἵ
698 1098 729 1162 τ’
752 1100 809 1170 είς
833 1096 964 1164 ἅλαδε
988 1099 1235 1178 τρορέονσον.

146 1209 195 1274 Ad
218 1208 354 1292 priorem
378 1227 507 1271 remum
524 1204 693 1271 adnotatur
711 1208 746 1270 in
766 1204 869 1285 BQV:
887 1205 1080 1283 ὑφίστανται
1102 1203 1321 1284 adraonensis

148 1315 181 1391 ἐξ
202 1312 329 1386 ὕδατος,
348 1311 400 1378 vel
412 1314 519 1396 potius
538 1314 572 1376 in
591 1310 746 1398 Vulgatis
767 1317 910 1388 tantum,
931 1332 1006 1377 nam
1026 1314 1060 1375 in
1076 1311 1133 1391 BQ
1146 1311 1319 1391 ὑφίστασίαν

147 1425 312 1487 exaratum
344 1424 411 1501 est,
443 1419 527 1502 quod
559 1439 633 1483 cum
665 1418 870 1503 praecedente
901 1418 1022 1483 scholio
1046 1419 1221 1495 κατήγοντο
1242 1416 1319 1495 liri

146 1526 284 1607 γενέσει,
316 1546 395 1610 quae
429 1523 569 1611 glossula
600 1531 648 1589 eet
678 1526 717 1589 ad
741 1527 919 1602 γίγνονται,
947 1546 1021 1589 casu
1046 1524 1195 1610 quodam·
1209 1523 1317 1589 reduit.

145 1635 256 1718 Neque
282 1634 472 1712 ὑφίστανται
494 1643 579 1697 recte
598 1632 707 1706 babet,
731 1632 791 1696 etsi
811 1652 829 1696 a
849 1631 1045 1696 Buttmanno
1059 1630 1317 1700 commendatum,

66 1819 70 1829 Ι
144 1762 201 1826 pro
224 1760 286 1824 quo
309 1737 505 1824 singularem
530 1741 655 1822 requiro
680 1737 917 1813 ὑφίσταται
939 1738 977 1802 de
996 1736 1140 1803 Homero
1159 1736 1275 1801 dictum
1290 1753 1318 1798 eo

146 1843 348 1933 significatu,
380 1864 475 1928 quem
503 1845 538 1907 in
571 1844 831 1928 praecedentibus
858 1844 982 1909 abunde
1006 1843 1175 1929 explicavi.
1219 1840 1264 1906 Ad
1283 1837 1318 1904 al·

148 1960 251 2018 terum
283 1951 481 2036 Didymiana
508 1949 682 2022 habemus,
713 1953 829 2034 partim
854 1954 887 2015 in
911 1949 971 2030 HQ
994 1957 1140 2025 servata,
1163 1945 1319 2034 partimin

147 2059 212 2125 solo
235 2057 286 2140 H,
310 2064 444 2141 utraque
468 2056 722 2140 corruptissima,
749 2057 826 2121 adeo
849 2068 887 2121 ut
915 2059 993 2122 viris
1017 2057 1120 2122 doctis
1141 2076 1203 2121 non
1224 2071 1319 2140 parom

148 2167 269 2251 negotii
294 2165 519 2228 facessiverint.
555 2161 739 2245 Praeposito
762 2161 916 2228 lemmate
940 2160 971 2227 σί
990 2169 1018 2225 τ’
1042 2164 1085 2232 είς
1110 2160 1210 2227 ἅλαδε
1234 2161 1319 2242 sequi·

148 2279 217 2336 tur:
252 2268 384 2345 „crire”
414 2267 533 2346 γράφει
567 2267 739 2340 Ζηνόδοτος.
773 2271 976 2348 Ἀρίσταρχος
1008 2269 1040 2333 δέ
1067 2262 1121 2351 ,,οί
1146 2270 1178 2344 εί
1189 2293 1204 2339 ς
1225 2263 1319 2331 ἃλα.”

147 2378 335 2452 δεύτερον
361 2375 392 2438 δέ
416 2376 499 2439 ἐστιν
524 2377 541 2449 ἡ
565 2376 619 2444 είς.
666 2373 840 2459 Hucusque
864 2377 1058 2441 coniunctim
1083 2380 1246 2460 peccantes
1263 2369 1320 2448 HQ.

147 2485 353 2547 Accesserant
376 2490 485 2564 postea
508 2503 546 2544 ex
571 2480 619 2544 H:
643 2482 711 2544 καί
736 2483 813 2559 γαρ
837 2479 907 2545 ὦδε
931 2488 996 2545 νῦν
1021 2483 1050 2543 τ’
1078 2484 1136 2550 είς
1162 2483 1221 2556 δοῖ,
1246 2474 1322 2546 dccl

150 2589 264 2667 »αὐτόν
288 2587 358 2662 μον”
384 2590 434 2649 καί
460 2589 565 2664 „duffii
592 2590 657 2664 περί
682 2590 817 2666 κρνίννν.”
842 2590 1015 2654 barochius
1036 2589 1118 2654 nihil
1143 2591 1212 2654 sani
1233 2609 1268 2651 cx
1284 2584 1323 2648 bis

149 2697 293 2761 extricari
331 2715 418 2777 posse
455 2698 601 2778 opinatus
637 2703 694 2759 est.
750 2699 792 2759 At
828 2700 910 2779 ipse,
947 2698 1114 2776 Diintzeri‚
1151 2697 1323 2767 Schmidtii‚

150 2800 305 2866 Dindorfii
329 2803 494 2863 conatibus
519 2805 683 2873 insistens,
709 2806 774 2865 iam
799 2806 832 2865 in
858 2803 1037 2867 Observato.
1064 2805 1108 2888 (p.
1135 2803 1192 2885 98)
1218 2825 1253 2867 ex
1270 2801 1324 2864 οὔτε

152 2908 232 2971 illud
257 2910 361 2990 ipsum
388 2904 418 2968 οί
436 2931 471 2969 τε
496 2908 576 2989 (sine
602 2908 656 2989 sie)
683 2909 856 2971 eruendum
884 2931 949 2973 esse
975 2909 1114 2991 ostendi,
1141 2911 1224 2994 quod
1247 2908 1325 2972 Zeno

152 3014 263 3077 dotum
299 3015 460 3095 scripsisse
491 3014 552 3077 viri
576 3015 660 3077 docti
685 3018 895 3078 consentiunt.
944 3016 1116 3080 Videamus
1142 3038 1243 3091 nunc,
1266 3011 1326 3099 quid

153 3142 228 3184 voce
260 3119 393 3195 δεύτερον
416 3120 579 3183 faciamus.
628 3121 841 3183 Buttmannus
868 3143 977 3186 vocem
1003 3123 1183 3186 distrahens
1207 3125 1327 3208 primam

152 3226 311 3312 syllabam
344 3247 416 3287 cum
448 3227 651 3308 praecedente
682 3225 747 3289 σ’ίλα
781 3231 1012 3314 coniungebat,
1038 3229 1121 3293 nnde
1145 3228 1329 3294 Aristar-eber

154 3332 249 3396 lectio
281 3338 475 3416 emergeret,
499 3336 531 3395 iu
558 3334 678 3416 reliqua
703 3343 791 3417 parte
815 3336 947 3398 verbum
973 3340 1099 3410 περισσὴ
1125 3336 1224 3401 latere
1246 3335 1330 3418 suspi-

155 3441 302 3513 cabatur,
327 3437 465 3521 tulitque
490 3439 658 3502 adsensum
683 3451 714 3503 et
738 3441 909 3504 Schmidtii
934 3447 966 3504 et
990 3441 1148 3505 Dindorfii
1172 3446 1218 3505 sic
1241 3442 1330 3523 dispu-

155 3548 268 3610 tantis:
308 3542 419 3617 „Hauc
448 3547 661 3628 conjecturam
688 3547 911 3610 commendant
934 3548 1030 3611 verbe
1056 3555 1206 3632 corrupta
1230 3552 1261 3611 in
1284 3544 1330 3608 fine

155 3651 266 3716 scholii
303 3652 355 3713 καί
388 3652 619 3727 γαρ-κρίνον,
653 3674 732 3735 quae
764 3653 879 3716 absunt
909 3653 997 3731 aQ,
1024 3674 1063 3716 ex
1087 3653 1120 3716 H
1147 3661 1253 3718 antem
1276 3657 1332 3736 post

156 3758 344 3822 Buttmanni
378 3758 506 3820 demum
540 3759 711 3822 editionem
744 3759 782 3821 ab
814 3757 961 3823 Cremera
985 3760 1069 3824 edita
1095 3761 1205 3824 suut.”
1253 3760 1331 3823 Bne

157 3887 307 3939 mannus,
329 3879 365 3926 ut
385 3886 523 3947 semper,
545 3886 670 3927 sensum
693 3871 911 3948 corruptorum
936 3868 1105 3929 verborum
1128 3867 1331 3949 optimeadsc

157 3979 249 4035 cutus
274 3981 329 4033 cst.
373 3971 417 4033 At
443 3992 516 4034 vero
540 3994 578 4034 en
600 3995 699 4048 ντερον
724 3974 927 4053 aptissimum
952 3976 1156 4055 caeteroquin
1176 3974 1333 4037 sententiae

158 4079 285 4152 περισσή
317 4081 402 4140 nasci
428 4098 516 4160 posse
540 4080 610 4160 quis
634 4079 695 4140 eibi
720 4077 929 4160 persuadeat?
953 4077 1042 4141 Idem
1069 4085 1154 4142 nunc
1178 4079 1281 4143 iudico
1304 4076 1333 4138 dc

158 4204 229 4245 mea
252 4185 446 4259 coniectura,
472 4205 534 4266 qua
558 4182 636 4247 olim
660 4205 698 4246 ex
723 4208 823 4260 οτερον
847 4184 943 4247 verba
966 4185 1016 4247 δια
1042 4186 1077 4246 τὸ
1098 4187 1209 4260 μέτρον
1229 4182 1333 4251 exscul-

158 4288 283 4373 pebanr.
330 4288 399 4352 Non
426 4300 512 4352 tanto
537 4290 702 4353 molimine
727 4311 805 4373 opos
829 4297 883 4352 cst.
933 4290 1107 4354 Numerale
1133 4295 1335 4358 servabimus,
