2978 4950
694 150 760 221 459

173 345 213 416 G.
237 345 377 413 XXXIX
401 347 445 431 (p.
471 343 547 431 82):
571 344 630 415 Τ1ς
655 345 766 421 οὶννοεῖ
787 343 882 422 τοῦθ’,
907 338 952 408 ὅτι
972 349 1123 423 χειμῶνος
1143 343 1200 422 μὲν
1220 333 1322 409 exda-

127 469 217 530 λιρλα
253 455 448 529 συκνώμασα
482 457 540 515 τῶν
575 457 674 532 νεφῶν
715 450 935 525 ἕκμελαίνεσαι
948 496 957 526 ,
990 449 1042 514 καὶ
1078 454 1164 526 μετὰ
1200 453 1323 530 θολερᾶς

127 561 252 642 ἀχλύος
290 560 436 640 κατηφὴς
471 555 559 630 ἅπας
597 558 610 622 1
647 559 766 635 οὐρανὸς
801 557 1016 637 ἀμαυροῦται·
1049 561 1116 620 σοῦ
1151 556 1177 621 δ’
1208 555 1323 637 οὶέρος

127 666 455 749 ὑποσχίζοντος,
490 663 578 743 eppa
613 662 656 728 σοὶ
688 661 765 744 νέφη
798 668 951 739 μαλακῶς
984 663 1220 748 excesseram,
1252 671 1323 735 ταῖς

128 779 278 853 ἥλιακαῖς
311 775 433 837 οὶκτῖσιν
463 769 753 852 ἕναγκαλιζάμενα,
786 769 853 834 καὶ
883 769 1102 850 παραπλήσιόν
1130 795 1159 836 τι
1190 779 1324 850 χρυσαῖς

127 889 358 961 μαρμαρυγαῖς
388 877 590 954 ἀποστίλβει.
639 875 697 941 Vel
729 874 834 941 solum
869 883 1019 957 χειμῶνος
1050 877 1107 953 μὲν
1138 876 1256 943 sufficit
1286 878 1326 942 ad

127 987 331 1055 fulciendum
362 1006 419 1071 pro
449 989 503 1049 τοῦ
536 983 562 1047 δ’
592 984 677 1062 οέέρος
701 1002 720 1046 1
742 980 878 1046 Scholiis
903 984 1084 1067 praebitum
1108 988 1204 1068 atque
1227 983 1325 1049 etiam

127 1115 147 1160 a
172 1094 320 1160 Mehlero
344 1091 604 1157 commendatum
628 1094 681 1153 σοῦ
706 1089 731 1153 δ’
756 1086 859 1168 ἔαρος,
883 1089 937 1154 sed
960 1110 1093 1174 sequens
1113 1111 1236 1176 quoque
1256 1111 1325 1176 par·

127 1203 282 1286 ticipinm
314 1198 385 1265 1111
416 1198 534 1263 sitium
559 1197 738 1279 concepisse
762 1200 892 1279 putem,
919 1196 970 1259 cni
993 1196 1124 1261 medens
1146 1196 1249 1263 editor
1271 1198 1326 1269 rio

127 1310 240 1391 ἀχλὺν
271 1305 441 1371 inserebat.
488 1301 551 1367 sed
582 1322 683 1386 neque
715 1300 749 1364 rt
782 1299 836 1377 ἔαρ
869 1321 971 1386 noque
995 1302 1008 1365 ὸ
1033 1305 1090 1380 dap
1114 1305 1240 1389 proprie
1264 1304 1328 1369 dici

127 1420 237 1502 potest
272 1409 452 1491 ὑσοοχίζειν
488 1410 542 1480 τὴν
574 1408 698 1488 ἀχλύν,
732 1406 815 1492 quod
846 1409 880 1470 in
911 1406 1074 1473 Heraclito
1099 1430 1160 1475 non
1183 1410 1326 1475 multum

128 1520 264 1608 quidem
299 1536 501 1599 curaremus,
534 1516 629 1579 modo
662 1534 757 1579 causa
789 1520 973 1597 appareret,
1007 1536 1063 1580 cur
1093 1515 1150 1581 illa
1173 1516 1328 1584 vocabula

129 1626 287 1697 excidisse
315 1631 540 1690 statueremus.
588 1620 672 1686 Oum
704 1619 793 1685 nulla
824 1627 992 1704 appareat,
1016 1626 1208 1707 transposito
1231 1623 1329 1689 simul

129 1734 206 1818 καὶ,
243 1734 331 1817 (nam
363 1729 421 1795 illa
451 1736 521 1800 ταῖς
549 1763 568 1776 -
582 1763 602 1776 -
626 1724 898 1807 ἕναχκαλιζόμενα
922 1726 1149 1812 adaequantia
1173 1734 1329 1815 pertinere

129 1845 241 1926 patet,
269 1859 332 1904 non
356 1837 396 1901 ad
419 1835 639 1921 praecedentia
661 1833 747 1913 οὶρνοὶ
773 1867 792 1881 -
818 1832 1065 1919 ὑποσπείρεται,)
1091 1842 1196 1908 totum
1220 1835 1328 1902 locum

130 1950 182 2012 ita
219 1945 453 2011 constituerim:
491 1945 561 2006 τοῦ
593 1942 618 2005 δ’
651 1937 763 2019 ἔαρος
798 1940 1128 2023 ὑποσχιζομένιις
1161 1946 1327 2030 (1.1.σι”ρς

131 2030 287 2138 ὶχλύος),
319 2050 406 2129 ἀργοὶ
437 2049 478 2112 τὰ
503 2047 580 2129 νέφη
605 2052 756 2124 μαλακῶς
788 2046 1024 2126 ercomenon,
1049 2049 1117 2113 καὶ
1142 2057 1213 2123 ταῖς
1238 2051 1329 2123 ἡλια-

132 2167 207 2232 καῖς
231 2160 353 2224 assero
373 2153 643 2233 ἕναχκαλιζδμενα
664 2152 882 2234 παραπλήσιόν
901 2177 931 2218 τι
952 2164 1083 2237 χρυσαῖς
1104 2165 1329 2238 μαρμαρυγαῖς

131 2265 339 2343 ἀποστίλβει.

180 2481 220 2549 O.
246 2481 305 2549 XL
329 2483 373 2569 (p.
398 2479 475 2569 83):
508 2482 627 2557 Αὲλνρθε
658 2482 684 2548 δ’
709 2484 820 2556 αὐτοὺς
845 2482 890 2550 ὅτι
917 2485 1033 2557 τούτοις
1059 2494 1121 2559 σοῖς
1145 2483 1249 2550 ἔπεσιν
1275 2521 1294 2535 -
1309 2519 1327 2536 -

131 2590 391 2667 ἕκτεθεολόγιρται
407 2626 427 2640 -
441 2590 515 2654 -rcl
539 2593 675 2669 caraxata
706 2590 841 2674 ᾀδόμενα
867 2593 1003 2671 τέτταρα
1028 2601 1191 2672 στοιχεῖα·
1216 2595 1330 2658 τούτων

132 2702 196 2763 τῶν
219 2697 336 2776 σσίχιιν
363 2696 427 2759 ἐστὶ
456 2695 562 2772 τάξις,
592 2695 732 2774 καθάπερ
759 2697 814 2770 ἤδη
840 2721 890 2774 μοι
908 2700 1071 2763 λέλεκται·
1094 2705 1208 2779 πρῶτος
1229 2699 1328 2779 αἰθήρ,

134 2803 190 2868 καὶ
215 2804 300 2880 μετὰ
323 2807 429 2868 τοῦτον
451 2805 524 2887 aar,
550 2799 604 2866 εἶθ’
631 2802 704 2882 ὕδωρ
730 2829 764 2868 σε
788 2805 840 2869 καὶ
865 2814 907 2883 γῆ
935 2807 1123 2880 τελευταία,
1142 2807 1186 2872 σοὶ
1207 2804 1331 2870 sclarea

132 2909 309 2989 δημιουργοὶ
344 2915 499 2988 στοιχεῖα.
547 2907 620 2973 Sine
657 2913 871 2976 controversia
904 2912 1091 2977 mendosum
1124 2917 1172 2978 111
1202 2912 1329 2992 στίχοιν.

132 3015 248 3101 ltaque
279 3014 447 3082 Mehlerus
482 3015 594 3081 lubens
631 3015 800 3100 „pulcrum
837 3016 958 3104 Heynii
993 3018 1182 3085 inventnm''
1217 3044 1268 3085 οσ
1281 3044 1294 3085 ο
1307 3045 1332 3086 ι·

133 3124 215 3206 χεῖ
226 3148 276 3187 οιν
305 3120 339 3186 11
372 3128 498 3187 testum
522 3122 710 3207 recepisset,
736 3125 785 3199 „si
809 3143 845 3189 eo
868 3130 993 3210 recepto
1017 3127 1166 3191 omnibus
1189 3129 1331 3192 numeris

134 3229 284 3297 absoluta
307 3233 388 3294 esset
412 3230 579 3292 sententia.
626 3227 687 3293 aed
713 3236 833 3293 restant
856 3230 1037 3316 complures
1060 3234 1158 3297 etiam
1179 3231 1330 3318 scrupuli.

135 3336 225 3419 Quos
255 3336 348 3401 111111
372 3340 486 3420 cuique
510 3339 691 3421 perspicuos
713 3357 776 3401 non
800 3357 878 3422 opus
902 3346 951 3404 111
974 3345 1011 3404 11
1033 3339 1180 3425 pluribus
1204 3340 1332 3406 demon·

135 3442 271 3510 strem.”
306 3442 410 3522 Quam
433 3442 555 3508 vellem·
576 3442 740 3508 Mehlerus
760 3444 939 3530 complures
958 3444 1031 3511 illos
1051 3446 1216 3531 scrupulos
1236 3446 1332 3514 verbo

135 3550 252 3618 saltem
278 3548 507 3634 explicavissct.
548 3548 723 3634 Equidem,
743 3571 823 3636 quae
843 3572 915 3617 mea
933 3558 981 3617 est
999 3552 1334 3639 ignorantia,Heynii

134 3657 260 3723 adscita
284 3658 465 3734 coniectura
489 3676 590 3719 unum
615 3661 743 3721 tantum
767 3657 861 3723 video
885 3656 1091 3742 scrupulum,
1113 3678 1252 3743 eumque
1272 3661 1334 3723 mi·

135 3767 227 3829 nima
258 3764 437 3831 mutatione
468 3762 507 3827 de
539 3764 592 3827 via
618 3761 807 3828 tollendum.
855 3764 978 3850 Nempe
1003 3765 1196 3830 scribamus:
1221 3764 1334 3830 τούτων

135 3875 196 3936 τῶν
230 3869 447 3948 στοιχείων
481 3868 547 3932 ἐστὶ
573 3866 680 3952 τάξις,
707 3870 845 3950 καθάπερ
870 3870 925 3946 ἤδη
952 3895 1002 3948 μοι
1027 3871 1195 3950 λέλεκται,
1221 3879 1335 3953 πρῶτος

136 3978 243 4056 αἰθήρ,
269 3975 321 4039 καὶ
347 3976 430 4052 μετὰ
456 3979 562 4039 σοῦσον
587 3976 665 4055 clip,
691 3971 744 4039 sie·
769 3974 842 4056 ὕδωρ
866 4002 901 4042 τε
926 3978 979 4042 καὶ
1005 3986 1048 4056 γῆ
1072 3980 1333 4055 τελευσαΙα,Το

137 4083 264 4150 πάντων
290 4081 499 4160 δημιουργΟΝ
525 4089 725 4163 σσοιχεῖΟΝ,
752 4087 785 4147 et
809 4082 964 4167 pervelim
985 4084 1107 4157 doceri,
1128 4085 1205 4169 quid
1224 4088 1258 4149 in
1278 4084 1337 4150 hac

137 4193 315 4277 scriptura,
342 4226 383 4237 —
409 4191 536 4255 mutavi
565 4195 692 4255 tantum
724 4190 767 4254 σοὶ
798 4210 817 4272 a
845 4190 987 4258 liehlero
1017 4211 1034 4255 1
1063 4190 1250 4258 Scholiastis
1279 4191 1337 4256 ad·

139 4307 286 4363 sumtum
323 4300 356 4360 in
391 4296 588 4383 singularem
625 4303 720 4380 atque
751 4297 790 4361 ad
821 4297 879 4361 hoc
911 4300 1150 4365 accommodavi
1174 4302 1339 4386 sequentia
