2978 4950
685 264 769 362 11'7⁴

126 490 188 555 ιεῖο.
239 485 290 551 Nc
321 469 471 551 audacius
495 487 598 574 egisse
620 485 747 568 videar,
772 487 832 550 etsi
856 489 1012 554 sententia
1035 487 1104 571 ipsa
1126 486 1160 551 id
1183 477 1308 552 tantum

126 609 178 656 ron
202 589 339 668 clamat,
366 592 552 657 evolvamus
573 590 834 679 Etymologicum
857 592 1027 678 Magnum.
1053 593 1299 670 Λευγαλέον;

126 695 151 760 ιθ
187 697 288 776 ὑγρόν.
326 707 489 779 Σοφοκλῆς
523 701 625 781 »μύρῳ
656 699 753 784 (recte
784 697 936 763 Lchrsiua
966 699 1081 784 μόρῳ)
1104 697 1308 779 λευγαλέῳ”·
1377 715 1380 726 “

126 806 169 869 ταί
201 802 341 886 Ὀμηρος
376 804 505 876 ’Ῑλιάδος
539 814 563 869 Φ
599 809 669 888 πνῦν
702 803 734 869 δέ
760 828 802 879 με
830 804 992 885 λευγαλέιρ
1024 806 1145 884 ίανάτιρ
1179 803 1306 885 είμαρτο

126 911 259 989 eiusad,
298 912 438 977 τουτέστι
475 914 517 993 τῷ
549 910 587 975 δι’
619 909 747 980 ὕδατος·
781 909 798 983 ἢ
831 913 984 996 χαλεπῷ,
1015 908 1130 993 ἀδόξῳ,
1163 911 1249 991 ταρά
1273 912 1308 976 τὸ

126 1017 222 1098 zado,
246 1019 409 1099 χεναλέον.
435 1019 578 1094 σημαίνει
604 1016 636 1081 δέ
660 1016 712 1080 καί
738 1018 771 1080 τὸ
796 1018 944 1095 θλὲθριον,
971 1019 1077 1097 ταρά
1103 1017 1146 1081 τὸ
1169 1017 1308 1094 λοιγὸν

126 1124 361 1203 λοιγαλέον,
392 1125 444 1188 καὶ
476 1122 640 1201 μεταθέσει
671 1128 729 1187 τῶν
752 1124 931 1207 στοιχείων,
955 1123 1138 1201 λευγαλέον.
1184 1122 1309 1188 Ultima

126 1251 157 1295 cx
186 1231 391 1296 Aristarchea
421 1231 564 1295 doctrina
586 1229 765 1306 fluxerunt,
789 1237 827 1294 ut
850 1236 978 1315 apparet
1002 1252 1041 1295 ex
1065 1231 1167 1295 tribus
1191 1232 1311 1296 Aristo-

126 1337 180 1400 rici
214 1334 352 1401 Scholiis
384 1339 449 1401 iam
482 1342 555 1402 ante
585 1334 810 1400 Ludr'richium
844 1356 863 1400 a
891 1335 1022 1401 Lehrsio
1044 1336 1208 1412 indicatis,
1234 1355 1309 1420 quo-

126 1461 190 1506 mm
223 1444 479 1526 copiosissimum
511 1448 559 1508 est
591 1443 629 1506 ad
653 1440 746 1506 Iliad.
773 1451 798 1506 Φ
823 1440 905 1505 281:
933 1438 977 1507 ὅτι
1003 1443 1037 1506 έιι
1061 1442 1169 1506 τούτου
1193 1442 1218 1506 ον’
1242 1441 1310 1506 νεώ-

126 1570 195 1624 τεροι
229 1545 405 1623 ἐξεδέξαντο
437 1546 609 1626 λευγαλέον
638 1548 688 1611 τὸν
712 1548 845 1625 δίυγρον·
868 1547 957 1612 ἔστι
981 1548 1020 1612 δέ
1045 1549 1152 1613 κατά
1177 1571 1309 1613 κοινω-

126 1654 206 1718 νίαν
229 1655 449 1734 στοιχείων
472 1653 705 1733 λευγαλέον
724 1656 921 1738 θλέθριον,
941 1655 1048 1732 ταρά
1068 1654 1134 1719 τὸν
1154 1653 1308 1732 λοιγθι·
1346 1662 1348 1667 ’

126 1760 170 1824 ταὶ
192 1762 223 1824 έν
244 1761 411 1844 Ὀδυσσείᾳ
431 1761 468 1844 (β
482 1761 520 1825 61
537 1764 559 1825 i.
573 1782 598 1826 e.
620 1767 727 1826 nostro
747 1761 828 1836 loco)
853 1761 1040 1839 ,,λενγαλέοι
1060 1762 1090 1824 τ’
1115 1759 1308 1839 ε’σθμεσία,”

126 1867 233 1951 quibus
257 1867 394 1939 similia,
418 1867 473 1932 scd
492 1868 654 1949 breviora,
674 1876 797 1932 caetera
816 1867 878 1931 duo
899 1866 1026 1932 Scholia
1045 1867 1172 1932 habent.
1197 1865 1309 1951 Itaque

126 1975 309 2058 crincipium
340 1976 439 2039 nostri
470 1994 594 2058 quoque
623 1973 743 2039 Scholri
773 1994 812 2038 cx
845 1975 1026 2039 Aristonico
1057 1974 1135 2056 luit,
1160 1976 1206 2038 sic
1229 1973 1309 2038 olim

126 2087 325 2163 succeptum,
350 2079 529 2156 λευγαλέοις
556 2077 644 2164 (ὅτι)
669 2079 738 2144 ἀντὶ
763 2085 815 2143 τοῦ
841 2079 996 2156 λοιγαλέοι
1023 2080 1107 2157 ταρά
1132 2079 1183 2144 τὸν
1203 2079 1308 2156 λοιγὸν

126 2185 185 2248 ivri
221 2190 274 2250 τοῦ
311 2187 457 2257 ἀσθενεῖς.
510 2183 680 2251 Caeterum
716 2185 946 2272 etymologiam
981 2185 1158 2250 Aristarchi
1194 2185 1306 2251 falsam

126 2311 201 2367 asc,
239 2295 456 2377 unusquisque
493 2314 577 2357 nunc
615 2290 786 2378 intellegit.
838 2290 899 2357 Sed
935 2297 971 2356 ut
1006 2297 1074 2357 cius
1109 2291 1307 2380 etymologia

126 2395 196 2462 iclsa
235 2401 295 2482 sit,
335 2419 396 2463 non
432 2406 538 2463 tamen
573 2418 798 2483 usquequaque
833 2405 880 2463 est
914 2401 1041 2483 inepta,
1076 2406 1112 2463 ut
1148 2415 1308 2475 caeterae,

126 2523 195 2590 quas
237 2503 454 2593 Etymologici
499 2503 614 2592 Magni
657 2505 846 2590 compilator
886 2508 992 2571 nescio
1031 2505 1114 2571 unde
1156 2508 1308 2590 arripnit,

126 2607 234 2694 quihus
263 2632 325 2676 non
353 2612 461 2675 minus
485 2610 634 2695 pulchras
656 2611 784 2677 aliunde
806 2610 953 2677 collectas
976 2611 1066 2676 addit
1088 2611 1306 2700 Iltymologici

126 2704 260 2782 ludioni
284 2727 408 2782 auctor:
437 2715 643 2788 Αεοάλέος
671 2718 785 2802 (immo
809 2717 1078 2803 Aevyoeas'oclt
1102 2716 1117 2780 ὃ
1137 2722 1305 2795 πανοῦργος

126 2822 170 2886 tal
204 2828 348 2900 Φοιῡλος,
377 2823 463 2902 ταρά
492 2823 527 2887 τὸ
556 2823 655 2887 λεύειν
680 2824 732 2887 καί
756 2824 791 2888 τὸ
815 2821 916 2901 ἔργον,
945 2824 1079 2902 λεωργθς
1106 2824 1159 2886 καὶ
1184 2826 1307 2901 λεορτθης

126 2928 295 3015 ζλενργίιςί)
318 2931 369 2995 aa
392 2936 446 2995 τοῦ
470 2955 484 2994 ο
509 2931 560 2994 καὶ
585 2932 791 3007 λευογαλέος,
818 2931 882 3015 (καὶ
907 2924 991 3013 add.)
1011 2931 1097 2995 κατὰ
1116 2933 1306 3010 συναλοιφὴν

126 3035 200 3122 ζειαί]
227 3036 264 3100 δι’
285 3039 437 3117 εὐφωνίαν
462 3036 644 3114 λευγαλέας.
668 3036 740 3103 Hoc
763 3056 838 3103 vero
861 3043 909 3102 eat
932 3038 1055 3101 νιλιίθειν
1078 3038 1305 3115 ἀσιίγιιλωστα,

126 3163 153 3209 ιο
173 3164 215 3209 ne
238 3146 304 3208 risu
327 3145 455 3229 quidem
479 3144 624 3230 dignum.

161 3248 251 3330 Quae
274 3253 307 3314 in
330 3250 541 3315 adnotationis
563 3271 601 3314 ex
625 3248 725 3314 HM'I'
744 3248 847 3315 editae
866 3252 955 3315 exitu
974 3249 1307 3337 collocataparaphra·

126 3375 185 3421 reos
230 3356 336 3421 locum
379 3357 537 3432 obtinent,
580 3356 679 3420 simul
723 3356 824 3421 iacere
858 3363 989 3441 possunt
1024 3357 1063 3421 ed
1095 3359 1189 3423 breve
1223 3357 1306 3423 illud

126 3462 264 3528 Scholion
296 3464 492 3539 sanandum,
518 3462 601 3548 quod
625 3485 663 3527 er
686 3461 708 3528 S
732 3462 892 3548 prolatum
917 3463 1021 3528 solum
1046 3465 1108 3548 ipsi
1132 3466 1236 3529 textui
1263 3465 1303 3550 (p.

126 3565 170 3647 33,
199 3575 212 3634 1
241 3577 273 3634 et
296 3569 328 3653 2)
355 3572 509 3635 insertum
535 3577 592 3634 est.
619 3570 677 3632 Καὶ
702 3571 734 3632 οὖ
759 3568 939 3642 δεδαηκότες
963 3571 1079 3642 ἀλκιίνε
1105 3570 1157 3634 καὶ
1178 3570 1306 3654 εἰδότες,

126 3678 352 3754 μεμαθηκότες,
376 3675 640 3753 ε’τιστοίμεθα
663 3677 714 3740 τὸν
738 3675 847 3751 τρθτον
869 3683 924 3750 τῆς
948 3676 1110 3754 βοηθείας,
1134 3684 1190 3751 τῆς
1214 3675 1305 3740 δυναί-

126 3805 208 3855 αεως.
240 3783 335 3866 Fuit,
365 3782 473 3848 credo:
508 3783 561 3846 καὶ
594 3783 689 3865 (οὑτοι
723 3781 851 3858 statvs,
875 3781 1111 3866 μεμαθηκότες,
1136 3783 1304 3847 έτιστά-

126 3911 229 3956 υενοι
252 3890 304 3955 τὸν
328 3889 435 3970 τρίτον
458 3898 513 3962 τῆς
538 3887 690 3967 βοηθείας.

161 4125 198 4179 γ.
224 4099 254 4165 3.
288 4100 341 4166 Ad
372 4103 459 4165 tertii
487 4098 563 4163 libri
587 4098 713 4165 Scholia
736 4105 934 4165 transeuntes
958 4101 1072 4166 itidem
1095 4103 1128 4166 in
1152 4104 1222 4188 ipso
1246 4108 1308 4169 fere

126 4204 228 4273 limine
260 4207 459 4273 offendimus.
507 4205 617 4270 Oritur
647 4205 693 4271 sol
721 4204 758 4271 ἵν’
785 4207 963 4272 ἀθανάτοισι
987 4211 1106 4285 φαείνοι
1125 4215 1142 4292 tl
1165 4213 1217 4274 καὶ
1244 4213 1308 4285 θνη-

126 4322 194 4379 τοῖσι
229 4315 380 4394 βροτοῖσιν
411 4313 461 4378 ε’τὶ
496 4310 629 4392 ζείδωρον
653 4310 789 4391 ἀρουραν.
837 4313 1016 4380 Adnotatur
1039 4314 1079 4380 ad
1102 4315 1179 4381 haec
1202 4318 1235 4381 in
1260 4316 1308 4382 li:

126 4421 246 4496 θνητοῖσι
276 4422 443 4503 βροτοῖσινε
468 4420 631 4523 βροτοῖς
657 4417 901 4485 ἀθανάτοισι
926 4423 978 4485 καὶ
1003 4424 1137 4498 θνητοῖς,
1170 4421 1212 4485 τὸ
1235 4422 1307 4498 μέν
