2978 4950
709 168 776 240 490

149 359 316 425 simillima
338 361 371 424 in
395 357 548 445 ampliore
571 363 632 428 isto
655 363 773 429 scholio
796 365 1000 430 exhibentur:
1029 360 1075 428 ίσι
1099 365 1233 438 ’Atesis
1256 390 1325 445 rcc-

148 467 237 542 οιίσνρς
261 468 336 540 θεοῖς
360 467 519 541 οἱνατίθνσι
544 468 598 542 τίον
623 471 781 550 σωτηρίαν.

194 705 225 754 ν,
250 678 438 745 333-338.
485 681 681 746 ’Λθισοῦνται
702 681 805 761 στίχοι
827 686 854 750 ς’
875 678 921 747 ὅτι
940 682 1022 748 οὐδὲν
1041 681 1155 763 riantur
1170 682 1327 769 (Minora)

150 788 223 864 παρ’
247 787 342 850 αὐτοῦ
368 785 488 870 (Ulixe)
514 795 639 863 σημεῖον
661 792 714 850 τοῦ
736 790 828 862 μήπω
849 768 1018 866 βούλεσθαι
1031 793 1086 861 τὴν
1099 786 1348 867 γαμεσῆνίδεῐν.’

149 894 322 962 τούναντίον
347 894 410 971 γὰρ
435 892 486 957 διίι
511 899 600 958 τοῦτο
624 895 708 973 αὐτῷ
734 896 953 974 ἐπιφαίνεται,
977 894 1027 959 ἵνα
1051 897 1153 975 κρθψρ
1175 899 1270 963 αὐτοῦ
1284 900 1331 972 τὴν

150 1000 270 1065 είσοδον.
303 1002 345 1066 διδ
379 1003 433 1065 καί
463 1006 557 1082 Φνσιν
583 999 621 1077 „sl
646 1002 740 1077 μάλα
763 1004 799 1076 δὴ
824 1002 1059 1078 ’Λναμέμνονος
1086 1000 1250 1080 Ἀτρείδαο
1270 1006 1330 1082 Φθί-

150 1110 257 1172 σεσθαι
293 1108 386 1172 κακον
418 1104 494 1172 οίτον
529 1109 579 1171 ἐπὶ
612 1108 719 1192 (textt.
744 1115 829 1174 recte
851 1109 907 1194 ἐνὶ)
931 1109 1113 1188 μεγάροισιν
1140 1109 1286 1186 ἔμελλον,
1308 1112 1329 1174 εί

150 1216 194 1292 μή
229 1238 280 1293 μοι
314 1217 352 1280 σὺ
387 1211 509 1280 ἕκαστον
545 1214 599 1278 θείι
629 1217 713 1278 κατα
738 1222 844 1292 μοῖραν
874 1215 1007 1285 ἔειπες.”
1033 1216 1109 1299 (vsu.
1135 1213 1329 1302 383-385.)

150 1319 243 1392 οὕτως
267 1318 315 1387 οὖν
338 1322 432 1392 αὐτὸς
457 1323 605 1413 ἠπείγετο
625 1322 697 1384 ἰδεῖν
722 1324 776 1393 τὴν
800 1323 956 1399 γαμετήν.
980 1319 1067 1404 (HQ)
1088 1320 1329 1388 Aristonioeaot

149 1428 227 1493 baec
250 1435 325 1493 sunt
350 1427 568 1492 Aristarchum
596 1428 763 1493 referentia
786 1429 1030 1512 prudentissime
1055 1437 1259 1506 monentem,
1278 1430 1329 1494 atsi

149 1556 244 1600 nemo
279 1534 361 1620 quod
397 1538 495 1600 sciam
531 1536 740 1599 recentiorum
773 1535 1017 1618 obtemperavit.
1065 1533 1104 1598 Iu
1134 1541 1212 1599 nota
1234 1536 1330 1599 omnia

150 1640 244 1724 planu
274 1648 397 1727 praeter
419 1641 513 1705 haee:
538 1643 617 1705 rods.
641 1664 677 1716 ν.
703 1639 754 1704 δια
779 1645 867 1704 τοῦτο
893 1642 976 1723 αὐτῷ
1001 1640 1217 1716 ἐπιφαίνεται.
1254 1639 1329 1715 Quid

150 1751 235 1814 enim
260 1749 348 1813 verbi
371 1748 549 1812 subiectum
575 1745 741 1830 putemus?
766 1747 852 1810 Num
874 1743 1067 1810 rodscsrlosi
1092 1744 1140 1810 At
1161 1746 1330 1812 hocabeur·
1357 1824 1361 1831 ,

150 1855 237 1920 dum.
276 1857 324 1919 An
356 1851 515 1919 Minerva!
551 1852 621 1918 Hoc
653 1856 744 1918 unice
776 1875 907 1927 verum,
932 1864 965 1918 at
992 1875 1178 1939 expressum
1207 1858 1328 1938 oportet

149 1962 317 2028 Praeterea
347 1963 515 2026 Aristonici
539 1959 652 2028 dictio.
677 1963 825 2044 quamvis
848 1960 1011 2047 inelegans
1035 1961 1203 2032 videatur.
1229 1962 1329 2025 tersior

149 2077 198 2134 oet
220 2089 315 2154 quam
340 2075 377 2132 ut
395 2068 491 2133 ferat:
514 2067 586 2145 παρ’
606 2068 729 2130 αὐτοῦ
752 2091 825 2140 σνμ.
842 2102 861 2116 -
875 2100 894 2116 ·
908 2067 958 2130 διοὶ
983 2092 1012 2130 τ.
1035 2069 1141 2147 αὐτῷ
1163 2068 1266 2150 turgt„
1288 2064 1327 2129 in

148 2177 239 2256 κρθψ.
264 2177 390 2240 αὑτοῦ
411 2198 440 2239 τ.
463 2172 585 2256 εἴσοδον,
599 2173 787 2259 terrepetito
799 2173 908 2238 eodem
922 2176 1108 2257 pronomine
1120 2178 1209 2239 intra
1220 2175 1327 2239 brevis

148 2283 267 2347 simum
295 2283 447 2366 spatium.
488 2280 593 2346 Immo
619 2279 669 2346 vel
693 2280 752 2345 hoc
775 2279 894 2345 indicio
920 2286 970 2344 est
992 2282 1076 2359 αὐτῷ
1101 2279 1210 2346 labem
1233 2301 1328 2346 conce

148 2389 231 2472 pisse
254 2389 300 2452 sic
323 2387 484 2452 lenissime
508 2386 744 2474 corrigendam:
771 2386 944 2450 τούναντίον
965 2386 1029 2462 γὰρ
1052 2384 1104 2450 διὰ
1128 2391 1219 2452 τοῦτο
1243 2389 1327 2458 adri

148 2493 366 2575 ἐπιφαίνεται,
404 2492 450 2558 ihs
487 2493 586 2574 κρύψιν
624 2494 719 2556 αὐτοῦ
755 2498 809 2564 τὴν
842 2493 971 2573 εἴσοδον,
1005 2501 1037 2557 et
1068 2495 1113 2557 sic
1140 2494 1219 2558 bene
1245 2494 1327 2558 babet

147 2601 190 2664 διὸ
222 2625 251 2665 κ.
287 2607 363 2680 Φνσι
397 2607 428 2663 et
459 2622 538 2683 quae
571 2609 754 2684 sequuntur.
782 2601 1023 2674 ’Errucr‘vwdxc
1047 2608 1080 2663 ct
1106 2601 1275 2680 ἐπιφάνεια
1298 2601 1327 2664 de

148 2707 209 2771 diis
233 2709 294 2772 dici
319 2707 503 2772 hominibus
527 2727 593 2770 sese
617 2707 873 2789 ostendentibus,
899 2709 931 2769 in
957 2706 1076 2792 vulgus
1101 2714 1226 2771 notum.

193 2949 223 3001 ν,
252 2922 326 2986 335.
376 2922 443 2985 Οὐκ
468 2919 531 2983 ἔστι
556 2944 600 2983 σοι
625 2920 717 2999 φίλον
742 2923 850 2994 μαθεῖν
875 2921 929 2992 rho
952 2917 1070 2996 ἄλοχον
1095 2919 1264 2993 ἐπιδημίαν
1283 2923 1326 2991 τὴν

146 3034 218 3114 cciv,
243 3032 267 3093 εί
292 3033 384 3104 μήπω
411 3033 524 3105 πρῶτον
549 3026 667 3098 ταύτην
688 3027 859 3103 σειρασεις,
884 3027 908 3088 εί
930 3028 1002 3101 παρ’
1016 3028 1114 3097 αὐτῆς
1130 3021 1164 3096 ἧς
1180 3029 1325 3103 γνώριμος.

146 3139 204 3223 (Η)
243 3134 424 3201 Dindortius
458 3133 647 3217 simpliciter
678 3132 794 3215 (Praei.
827 3154 854 3216 p.
880 3131 1006 3215 thl):
1034 3131 1133 3206 „haec
1159 3130 1324 3216 corrupta.'’

147 3245 354 3330 Paraphrasin
391 3245 430 3305 iis
467 3242 618 3305 contineri
650 3261 800 3303 versuum
833 3238 1079 3303 Homericorum
1113 3237 1180 3301 335
1215 3248 1247 3304 et
1270 3236 1324 3301 336

144 3359 290 3439 apertum
311 3357 375 3417 est.
401 3369 480 3432 quae
503 3348 548 3411 sic
572 3346 656 3409 haud
680 3345 814 3409 absurde
839 3345 1055 3408 revocabitur:
1084 3345 1108 3406 si
1136 3349 1180 3419 uir
1206 3344 1325 3423 πρίει·

146 3484 205 3540 ρον
227 3458 345 3529 ταύτην
369 3454 539 3533 πειριίσεις,
567 3453 598 3514 εί
624 3454 712 3528 παρ’
737 3453 839 3530 αὐτῇ
865 3450 922 3513 ἔτι
949 3446 985 3512 εί
1006 3452 1171 3526 γνώριμος.

192 3700 223 3750 ν,
250 3672 325 3737 368.
372 3674 408 3733 Ὀ
429 3672 541 3750 χρυσὸς
564 3669 615 3731 καί
636 3670 678 3731 σίν
699 3667 811 3741 ἱμιίσια
836 3664 910 3729 ἔλων
936 3663 968 3738 ἦν
995 3667 1024 3729 ἕν
1049 3677 1089 3743 τῇ
1115 3672 1219 3748 χηλῷ.
1246 3667 1325 3743 σε’χι

79 3853 84 3871 ⁸
146 3776 195 3846 οὖν
218 3782 268 3846 διίο
293 3779 326 3842 τὸ
351 3777 445 3854 βάρος
472 3811 524 3826 --
538 3777 680 3853 ἐχώρισεν
706 3774 808 3847 αὐτοὶ,
830 3773 878 3836 iux
899 3772 1148 3851 βαστίσρκατίι
1164 3774 1263 3851 μέρος.
1278 3771 1326 3857 (HJJ

146 3887 308 3972 Reliquias
321 3886 479 3949 cernimus
491 3883 701 3966 quaestionis,
716 3902 771 3943 cur
786 3918 825 3927 —
840 3901 912 3943 cum
925 3899 1035 3944 omnes
1051 3878 1158 3944 Ulixis
1171 3902 1247 3965 opes
1260 3899 1326 3964 quas

147 4015 164 4058 a
188 3994 384 4058 Phaeacibus
407 3994 576 4075 accepisset
599 3992 631 4052 in
657 4009 718 4052 unu
743 4008 812 4050 arcu
832 3987 950 4050 fuerint
970 3987 1177 4051 absconditae
1193 4027 1233 4033 —
1249 3993 1329 4071 podia

147 4107 252 4164 tamen
276 4101 377 4164 dicut:
404 4099 502 4175 αὐτὰρ
523 4096 689 4165 Ὀδυσσεύς
714 4093 729 4171 Η
755 4087 846 4156 cirros
871 4093 984 4154 πέντ’
1009 4091 1133 4171 ἐφίρει.
1157 4096 1271 4171 χρυσὸν
1284 4078 1326 4156 ναί

145 4207 268 4284 circuatur
298 4205 420 4285 χαλκόν
443 4204 459 4282 ΙΙ
484 4201 601 4278 είμασοί
630 4201 659 4264 τ’
690 4200 848 4271 ebremari.
887 4198 976 4277 Quod
1008 4219 1071 4281 quo
1096 4200 1219 4265 clarius
1244 4221 1327 4286 appu·

146 4319 229 4388 reat,
267 4310 520 4383 rescribendum
556 4308 704 4386 θχρυσὸς
741 4331 766 4367 κ.
805 4329 833 4367 r.
865 4302 978 4377 instruct
1012 4301 1087 4368 ἔλα
1123 4308 1217 4382 ἐνῆν
1249 4310 1276 4371 ἐν
1300 4315 1330 4384 τῇ
