2978 4950
718 236 777 304 841
1239 256 1245 285 ι

145 445 239 512 quum
261 427 335 491 hoo:
358 431 444 504 σφῶν
464 428 531 490 sine
552 449 561 486 ι
581 446 636 511 pro
654 426 770 511 plurali
788 429 900 492 tertiae
918 449 1067 513 personae
1079 431 1221 515 positum
1231 450 1293 516 repr

143 534 291 598 hensione
310 553 371 597 non
385 553 498 597 cerere.
513 532 555 596 At
567 531 659 616 plene
673 538 779 597 eontra
791 538 847 606 est,
861 555 897 599 ee
909 537 936 598 si
948 535 1007 599 hoc
1020 555 1129 601 senens
1140 535 1203 602 looi
1215 534 1293 602 Hom

143 640 202 704 rici
224 659 286 704 non
309 645 487 724 respueret,
512 644 598 716 σφῶν
623 641 689 703 sine
713 635 725 700 ῐ
750 642 869 725 optime
891 641 1028 706 heberet.
1057 643 1168 728 Neque
1191 643 1293 710 hoou

145 745 349 831 Apollonius,
380 747 451 810 sed:
479 741 550 824 ὅπερ
576 743 670 809 ε’δόκει
696 746 891 823 ἐπίμεμπτον
916 744 992 811 είναι
1016 749 1053 820 ὥς
1079 751 1177 828 τρίτον
1201 752 1293 824 xinde

143 855 225 918 τικδν
251 852 278 927 (ὃ
288 855 315 934 ν)
341 853 417 932 δίχα
440 856 494 915 τοῦ
528 845 774 931 ἷγραφίμενον,
800 857 853 917 τοῦ
878 852 973 930 λίνου
997 855 1204 929 ἀπαιτοῦντος
1230 854 1293 922 δείτ

144 985 209 1039 ρον,
240 960 272 1024 id
305 963 370 1024 est:
405 958 513 1035 ἐπεί,
549 959 624 1038 δίχα
658 964 711 1022 τοῦ
737 956 753 1022 ι’
768 959 984 1043 γραφόμενον,
1009 962 1108 1040 τρίτον
1133 962 1293 1036 τλιςίυντιι

126 1071 271 1144 ἐστιν.

191 1173 262 1238 Soio
294 1171 459 1257 equidem,
485 1209 528 1220 —
550 1178 588 1236 ut
615 1171 721 1237 redeat
744 1172 828 1236 unde
852 1172 993 1261 digresse
1016 1179 1064 1240 est
1086 1176 1209 1259 oratio,
1236 1212 1280 1223 —

145 1280 326 1363 abruptiore
350 1277 599 1371 Scholiasterunr
624 1278 748 1343 dicendi
772 1299 886 1366 genere
910 1280 1064 1344 omissum
1082 1282 1138 1356 ὥς,
1160 1281 1217 1345 ubi
1233 1280 1293 1347 adu

146 1393 215 1450 tum
247 1385 421 1461 vellemus,
452 1404 512 1449 non
545 1383 583 1448 ad
616 1388 725 1450 virum
758 1385 962 1450 resecandum
988 1407 1063 1451 esse.
1088 1386 1201 1472 Itelpue
1223 1388 1293 1452 invi

145 1492 305 1558 codicibus
335 1514 396 1556 non
427 1490 641 1555 sollicitandos
672 1491 748 1555 duxi
780 1490 879 1568 looos,
915 1493 971 1556 ubi
1001 1514 1031 1558 r.
1046 1514 1072 1557 o.
1112 1500 1293 1559 auctorest

147 1598 269 1664 similes
293 1619 401 1663 versus
424 1619 479 1682 per
503 1618 602 1661 uuum
635 1598 686 1660 καί
718 1596 905 1676 laudentur,
930 1603 953 1680 ¹)
986 1605 1018 1664 et
1049 1601 1170 1665 intecto
1200 1600 1293 1685 reliqu

147 1704 253 1790 qualis
285 1709 374 1768 suut:
407 1728 442 1781 y,
475 1702 534 1770 73:
559 1703 708 1783 φαίνεται
732 1703 795 1780 γὰρ
820 1705 871 1768 οὐκ
897 1705 1024 1785 αἰσχρὸν
1048 1714 1111 1776 τοῖς
1136 1706 1281 1787 ἄρχαίοις

146 1815 181 1879 τδ
206 1811 378 1893 λῃστεύειν,
406 1810 473 1874 καί
499 1809 681 1884 Θουκυδίδης
705 1809 820 1888 εἴρηκε,
847 1810 972 1896 (Hel),
997 1811 1074 1878 licet
1098 1810 1124 1876 T
1149 1812 1293 1878 habenti

147 1918 213 1983 καὶ
239 1919 406 2004 probatum
430 1937 448 1980 e
472 1914 634 1981 Dindorfio
658 1916 700 2000 (p.
727 1915 816 2000 745),
837 1923 964 2003 propter
982 1918 1125 1983 eiusdem
1149 1918 1196 1983 rei
1221 1938 1293 2004 repe

147 2029 267 2091 tionem
287 2023 317 2101 ξ,
338 2023 418 2089 23οτ
441 2026 473 2088 οὐ
497 2023 560 2101 γὰρ
582 2024 710 2102 αίσχρδν
723 2024 769 2105 (τὸ
784 2024 963 2107 λῃστεύειν),
979 2023 1029 2087 καί
1046 2025 1229 2098 Θουκυδίδης
1243 2033 1293 2102 Φιιι

146 2131 237 2216 (BQ).
252 2169 293 2178 -
307 2130 388 2195 Item
409 2154 441 2203 ε,
465 2128 549 2193 28οε
571 2127 727 2209 ἄγχιστον
746 2128 778 2193 δί
798 2138 876 2209 φησι
901 2129 973 2192 uolt
998 2130 1121 2200 τούτους
1147 2130 1293 2214 (Phaone

148 2239 322 2316 ὑφίσταται
344 2245 399 2310 τῆς
424 2242 482 2313 γῆς
508 2235 662 2314 ἒσχιίτονς
686 2235 851 2306 οἰκοῦντας.
886 2237 952 2298 καί
987 2239 1003 2310 ἦ
1036 2239 1209 2302 Ναντικοία
1237 2243 1293 2318 φοι

150 2344 305 2422 „eludente
340 2359 407 2406 κτλ.
440 2342 532 2425 (PQ).
567 2381 607 2389 —
640 2340 674 2424 ζ,
709 2341 752 2404 54
784 2341 822 2406 sd
858 2344 942 2418 μετὰ
978 2344 1117 2414 κλειτοὺς
1153 2343 1293 2419 βασιλῆι

148 2453 174 2515 οί
198 2448 448 2527 καλούμενοι
473 2449 523 2512 διὰ
545 2448 577 2512 τδ
602 2447 780 2525 διατρέπειν
804 2449 845 2519 είς
870 2448 928 2519 τὰς
952 2449 1079 2527 ἀγοράς.
1106 2450 1291 2530 ἐπιφέρειν

150 2557 218 2636 ,,ίνα
254 2582 306 2636 μιν
343 2555 452 2620 κοίλεον
487 2556 619 2628 Φαίηκες
655 2555 802 2632 αγαυοί.”
839 2556 905 2617 καί
941 2557 1007 2634 περὶ
1045 2560 1098 2620 τοῦ
1134 2556 1293 2636 Τηλεμὶχ

152 2701 225 2749 „n
240 2701 259 2714 -
291 2662 407 2734 ποίντες
433 2662 495 2741 γαρ
521 2661 692 2726 καλέουσι.”
716 2675 767 2744 ιλ,
797 2660 873 2746 185)
895 2668 1061 2742 πανταχοῦ
1084 2663 1148 2743 γὰρ
1174 2672 1293 2729 ααλεῖτι

147 2772 212 2857 (Τ),
235 2772 292 2835 ubi
315 2770 421 2856 palem
446 2775 494 2833 est
516 2767 566 2833 vel
591 2789 628 2833 ex
654 2770 930 2853 interpretatione,
954 2770 1049 2834 fuisse
1073 2772 1128 2855 qui
1152 2784 1293 2845 κλκτοι

147 2882 307 2958 βασιλῆας
330 2876 490 2963 legerent,
516 2875 610 2958 idque
634 2872 837 2938 confirmatur
861 2878 919 2950 iis,
946 2896 1024 2960 quoe
1051 2875 1090 2940 ed
1111 2876 1249 2941 eundem
1266 2896 1293 2942 u

149 3008 220 3051 sum
257 2987 289 3049 in
320 2984 347 3047 Ε
376 2983 523 3047 adnotata
554 2987 645 3044 sunt:
679 2978 797 3043 ὄπισθεν
828 2989 884 3045 τῶν
916 2985 1042 3045 κλειτῶν
1074 2982 1285 3058 βασιλήωνν

149 3094 212 3170 γὰρ
236 3092 305 3161 τοὺς
330 3087 461 3163 ἐνδόξους
487 3092 694 3152 καλοῦσιν.
721 3086 842 3153 Immo:
868 3096 1004 3162 καλεῖ,
1027 3087 1190 3155 Homerus
1209 3111 1293 3176 nem]

150 3220 211 3284 quo
236 3199 318 3262 sueto
341 3195 504 3260 stabilitur
526 3194 619 3259 lectio
644 3195 799 3278 κλειτούς,
821 3232 861 3242 -
883 3207 956 3261 ne'm
982 3197 1041 3261 hoo
1063 3203 1111 3261 est
1135 3196 1268 3275 ἐνδόξους
1292 3238 1293 3243 1

149 3306 292 3369 reiicitur
327 3301 433 3365 altere.
471 3302 603 3376 Κλκτίς,
636 3307 673 3365 ut
704 3302 762 3365 hoo
794 3321 917 3386 quoque
946 3303 1076 3380 eddom,
1102 3304 1293 3388 praetereat

149 3411 279 3498 legitur,
303 3407 401 3472 semel
425 3409 456 3470 in
481 3405 596 3483 Iliade,
624 3406 638 3470 l
667 3406 728 3470 165
755 3443 794 3454 -
821 3408 860 3473 ed
885 3429 978 3493 quem
1003 3427 1132 3474 versum
1167 3412 1293 3477 Ariston

149 3523 224 3582 note
255 3520 319 3590 est,
347 3552 387 3561 -
413 3512 510 3577 semel
541 3516 574 3576 in
598 3511 755 3599 Odyssea,
780 3538 794 3593 ρ
821 3513 897 3591 386,
922 3515 976 3578 ubi
1001 3517 1033 3578 in
1057 3513 1196 3582 Scholiie
1222 3524 1293 3584 nost

151 3622 233 3687 nihil
269 3620 421 3684 traditum
458 3627 524 3702 est,
560 3625 694 3704 utroque
730 3620 796 3685 loeo
828 3619 917 3685 nullo
948 3626 1108 3704 praetereo
1138 3623 1293 3688 substanti

151 3730 282 3794 adiecto.
318 3725 497 3810 Utrumque
531 3725 722 3790 vocabulum
755 3729 875 3811 optime
898 3725 1044 3790 distinxit
1068 3734 1164 3812 etque
1188 3728 1293 3815 interp

154 3842 239 3898 tolus
272 3844 319 3896 ost
353 3830 536 3915 Apollonius
565 3829 714 3917 Sophiste
744 3854 768 3895 s.
793 3854 846 3897 uu.
870 3832 1077 3916 (Κλειταςε
1103 3833 1270 3911 κλείστοίς,

157 3941 269 4018 δόξους.
306 3977 347 3987 -
381 3938 581 4011 Κλητοιίςτ
620 3939 688 4009 τοὺς
726 3941 759 4014 ἐξ
794 3939 939 4016 ὀνόματος
975 3939 1218 4028 καλουμένους),
1251 3940 1293 4006 hs

156 4129 324 4139 ——b--

186 4221 209 4279 1)
226 4219 379 4283 saepiuscule
405 4219 465 4267 tolio
490 4219 602 4281 leguntur
628 4221 652 4267 in
678 4220 832 4268 Arislouioeis
860 4221 886 4269 ud
916 4220 1023 4279 lliedem,
1050 4237 1071 4269 v.
1087 4237 1106 4269 e.
1132 4222 1161 4269 sd
1185 4221 1275 4281 BL!

152 4317 168 4358 B
191 4311 247 4365 489,
276 4316 296 4356 Δ
321 4311 377 4367 343,
404 4316 425 4356 Θ
449 4308 505 4367 325,
533 4315 554 4356 θ
577 4309 625 4355 455
652 4312 729 4366 ronti,
755 4308 797 4355 elsi
817 4308 892 4356 mullo
910 4309 1001 4374 saepius
1019 4309 1049 4366 ὥς
1066 4311 1103 4357 vel
1121 4309 1168 4359 elie
1184 4322 1293 4377 sumpte

148 4393 265 4458 particule
282 4392 368 4440 addite.
