2978 4950
709 188 777 261 260

145 378 233 456 με’νος
265 379 317 445 κει)
350 381 467 458 dycaeo
489 384 545 456 riso
568 383 678 448 ἑαυτοῦ
703 384 879 459 ἐπιβουλήν.
927 381 964 446 In
988 384 1172 446 transcursu
1193 382 1332 445 notam

145 488 326 572 aequiorum
347 488 516 568 dictiones,
542 491 755 576 sarcerdote,
780 496 813 556 et
837 489 984 563 ιιοιθιῑοθιιι
1010 486 1062 552 ἐπὶ
1087 494 1143 561 τῆς
1166 484 1339 566 τροπθζιρς,

145 602 178 660 et
207 595 325 661 vitium
356 595 448 661 facile
478 595 618 663 sanabile
640 601 675 662 in
697 599 791 663 initio
814 598 869 670 rio
893 597 988 661 edroi
1013 593 1183 672 ἐπιβουλήν
1205 612 1257 678 pro
1273 592 1342 665 aiau

145 701 286 785 edroi,
318 710 350 766 et
380 704 426 767 sic
450 702 489 768 ad
513 724 550 769 ea
572 706 811 789 perveniamus,
836 723 971 788 quorum
997 722 1093 767 causa
1115 706 1222 767 totum
1244 718 1348 785 appo-

144 810 279 874 suimus.
326 808 474 874 Primum
505 830 675 875 monemur
704 810 959 884 aButtmanno‚
984 811 1018 872 in
1043 808 1152 873 codioa
1175 826 1240 873 esse
1259 802 1347 871 ἀλλ’

146 911 211 980 ἔστι
229 921 331 993 τοῦτο,
353 923 426 980 ante
449 913 514 980 ἔστι
539 919 707 982 inseruisse
732 916 856 981 Maium
880 917 943 980 οὐκ.
991 914 1178 978 Laudamus
1199 912 1309 978 factum
1332 954 1348 985 ,

145 1026 255 1106 estque
281 1022 333 1086 κοιὶ
358 1024 471 1101 τυφλῷ
497 1021 586 1096 δῆλον
610 1025 732 1107 requiri·
749 1025 961 1109 negationem.
1009 1019 1071 1086 Sed
1092 1041 1151 1085 cur
1168 1038 1238 1084 eam
1255 1017 1348 1083 exci-

78 1171 83 1183 ·
146 1127 228 1193 disse
265 1125 430 1193 dicamus?
465 1128 575 1194 Potest
607 1149 695 1194 mero
728 1149 801 1193 casu
831 1129 1002 1212 excidisse,
1034 1131 1072 1191 ut
1098 1145 1193 1211 saepe
1215 1123 1344 1189 acddit.

64 1236 71 1249 '
143 1232 299 1299 Attamen
329 1235 501 1301 advertunt
532 1256 588 1301 nos
619 1256 700 1320 quaa
730 1239 878 1301 continuo
911 1246 1106 1319 sequunturs
1141 1233 1252 1311 θθοθρρει
1269 1232 1342 1311 ριὶρ

144 1340 212 1405 eal
248 1341 300 1406 τὸν
335 1339 420 1405 δθλον
452 1344 520 1408 οὐκ
553 1342 679 1415 ἐνθνοεν.
717 1341 857 1406 Dixisset
887 1340 1002 1406 saltem
1034 1339 1125 1404 οὶλλοὶ
1158 1339 1209 1403 τθν
1232 1338 1256 1403 d.
1275 1338 1337 1401 odas

145 1444 281 1525 θνθιιοεν,
317 1453 350 1512 et
381 1468 420 1512 ne
452 1450 498 1513 sic
529 1448 657 1532 quidem
689 1451 809 1533 optimo
840 1447 964 1512 dictum
996 1447 1085 1512 foret.
1135 1444 1252 1511 Verum
1274 1442 1337 1509 ubi

146 1553 246 1619 semel
280 1553 566 1620 animadvertimus
600 1574 671 1619 eam
706 1557 807 1638 ipsam
840 1552 1031 1639 particulam
1067 1553 1139 1629 οὐκ,
1186 1572 1260 1637 quae
1291 1551 1335 1613 iu

145 1661 290 1746 proximo
324 1659 581 1725 antecedentibus
616 1660 739 1743 deerat,
775 1662 892 1725 iniuria
926 1660 988 1724 huo
1027 1679 1095 1724 esse
1136 1657 1333 1729 translatam,

146 1768 303 1831 sententia
332 1765 413 1831 hano
449 1774 560 1851 sponte
594 1766 731 1831 formam
767 1766 895 1830 induet:
928 1766 1004 1829 ἀλλ’
1035 1766 1105 1830 οὐκ
1138 1763 1205 1830 ἔστι
1238 1768 1332 1828 τοῦτο.

146 1872 259 1951 ἐθοθρρει
290 1872 353 1950 γὰρ
378 1873 424 1942 ὥς
457 1874 509 1936 τὸν
540 1871 624 1937 δι’λον
649 1871 775 1946 ἐνόησεν.
825 1869 971 1957 Suspicio
1002 1892 1059 1955 per
1081 1891 1115 1935 se
1138 1892 1202 1936 non
1224 1873 1335 1955 impro-

145 1977 262 2044 babilis
291 1981 404 2043 certior
427 1975 502 2051 fiet,
526 1979 555 2042 si
579 1979 853 2043 observaverimus
876 1978 1018 2042 scholion
1041 1999 1080 2043 er
1105 1977 1133 2041 E
1157 1992 1334 2063 expressum

145 2098 227 2150 ease·
247 2106 286 2149 ex
317 2090 392 2149 nota
421 2084 524 2149 multo
555 2086 742 2167 antiquioris
776 2083 978 2159 scholiastae,
1012 2086 1104 2148 cuius
1136 2084 1213 2148 haee
1240 2080 1336 2148 vebo

121 2197 270 2257 'servata
293 2198 367 2256 sunt
389 2193 423 2256 in
448 2189 503 2270 PQ
526 2190 565 2256 ad
589 2211 636 2255 vs.
662 2190 727 2255 537
748 2191 921 2275 adscripta:
942 2195 1032 2254 τοῦτο
1052 2192 1095 2261 εἷς
1117 2192 1263 2255 catomo
1278 2186 1335 2252 τοῦ

146 2297 256 2378 ipsae,
288 2298 333 2362 ἔτι
360 2298 413 2362 sal
439 2297 583 2361 πλειόνων
607 2296 696 2360 donov
720 2304 778 2362 τῶν
803 2295 984 2374 ἐπιθεμένων
1008 2297 1061 2360 eat
1087 2296 1221 2361 ἐνόπλων
1242 2292 1337 2360 οὐδεὶς

146 2401 331 2485 περιεσώθη,
368 2402 510 2478 ἐπειδὴ
546 2399 661 2479 ἅπαξ
697 2405 842 2483 ᾔσθετο
877 2412 947 2478 τῆς
984 2404 1206 2477 ἐπιθέσεως
1237 2418 1341 2480 γινο-

145 2511 280 2589 μένος.

192 2617 360 2682 Praeterea
387 2619 430 2692 μὴ
456 2615 538 2681 male
561 2615 648 2681 dedat
672 2617 711 2680 ad
736 2641 754 2679 ιι
778 2616 838 2700 86,
863 2618 919 2681 ubi
943 2616 1105 2682 Homerus
1130 2617 1168 2682 de
1193 2616 1344 2699 Laestry-

145 2746 264 2813 gonum
300 2738 383 2788 terra
418 2725 537 2786 mirum
574 2722 655 2786 illud
690 2730 814 2805 narrat,
850 2745 940 2807 posse
972 2722 1113 2808 aliquem
1144 2723 1215 2788 illio
1244 2724 1346 2787 boves

145 2852 281 2915 ovesque
304 2836 484 2914 pascentem
503 2829 663 2913 duplicem
685 2829 862 2894 mercedem
884 2850 1011 2913 capere,
1036 2830 1136 2907 ἐγγὺς
1154 2830 1217 2907 γὰρ
1235 2818 1346 2893 warde

145 2961 180 3001 τε
206 2938 257 3001 καὶ
284 2937 402 3011 ἤματός
427 2937 483 2998 ειόι
508 2935 649 2998 κέλευθοι.
688 2935 740 2998 Ad
765 2936 822 3000 hos
846 2957 955 3000 versus
980 2935 1120 3000 Cratetis
1144 2935 1264 3022 legitur
1283 2948 1349 2998 ex·

145 3042 275 3129 plicatio
308 3044 402 3107 hoec:
439 3041 558 3118 Κροὶονρς
595 3042 751 3119 βροχεθοις
785 3044 879 3105 αὐτοῦ
913 3044 1090 3105 ὑποτίθεται
1121 3043 1181 3113 τοὶς
1215 3041 1348 3105 oriam·

147 3185 201 3200 --
225 3149 276 3212 τὸν
308 3146 356 3213 οὖν
388 3148 543 3211 ιιιιθεύδειν
576 3147 818 3223 ποοροιιτούριενον
843 3150 968 3219 διπλοῦς
993 3148 1119 3223 μισθοὺς
1144 3146 1350 3226 λαμβάνειν,

146 3257 163 3330 ἢ
196 3256 246 3320 τθν
279 3257 308 3318 ἐν
341 3253 422 3334 ὕπνῳ
454 3254 487 3315 τὸ
516 3261 571 3327 τῆς
596 3256 710 3333 ἡμέροις
736 3255 814 3318 πολὺ
840 3256 1089 3333 κοιτοιχρῶμενον.
1118 3254 1208 3339 (HQ)
1235 3253 1348 3317 [mmo

145 3383 219 3428 vero
255 3362 305 3425 τὸν
332 3397 383 3410 --
408 3361 459 3436 μὴ
493 3362 741 3440 curameque.
769 3361 916 3425 —Item
949 3386 972 3423 ιι
999 3361 1084 3431 457,
1109 3362 1166 3424 ubi
1191 3360 1348 3425 Minervss

144 3471 250 3545 Ulixi,
285 3490 323 3533 ue
353 3490 371 3532 a
402 3466 534 3531 subulco
568 3468 795 3554 adgnoscutur,
827 3469 931 3546 λυγροὶ
963 3469 993 3532 δὲ
1031 3466 1153 3542 siccare
1178 3465 1246 3531 ἕσσε
1268 3455 1347 3539 περ)

144 3578 224 3658 χροΐ.
272 3575 450 3659 Exponitur
481 3574 582 3650 λυγροὶ
615 3573 691 3657 quid
714 3577 755 3638 sit
780 3579 811 3639 iu
837 3576 886 3639 V:
913 3576 1037 3649 εὐτελῆ,
1065 3575 1081 3650 ἢ
1109 3573 1259 3654 λαμπροὶ,
1280 3559 1345 3635 sed

143 3703 257 3750 verum
282 3689 346 3747 ost:
370 3682 482 3751 εὐτελῆ
491 3728 497 3748 .
525 3682 576 3756 μὴ
601 3678 744 3757 λαμπροὶ.

191 3894 407 3979 Apposuimus
427 3891 512 3956 locos
531 3896 578 3954 sat
599 3889 733 3972 multos,
754 3891 809 3954 ubi
829 3893 957 3977 negatio
970 3912 1115 3977 negreac
1128 3915 1204 3957 cum
1218 3897 1333 3957 senten·

144 4001 208 4065 tiae
229 4000 342 4064 damno
362 3999 466 4073 obest;
488 3997 541 4060 sed
562 4003 635 4059 siant
656 3998 752 4059 etiam
773 3995 910 4079 aliquot,
935 3999 993 4060 etsi
1008 4000 1328 4063 numeroinseriorea

145 4106 200 4170 ubi
224 4106 334 4171 eadem
355 4103 434 4167 duce
454 4104 609 4166 sententia
625 4106 672 4165 eat
690 4102 917 4187 expungenda,
930 4105 1023 4167 cicius
1035 4125 1122 4169 nunc
1135 4108 1182 4170 rei
1195 4098 1333 4187 exempla·

144 4211 297 4296 quaedam
329 4210 503 4295 insigniora
533 4206 694 4293 colligam.
743 4207 898 4292 Penelope
922 4209 1130 4292 profectionis
1156 4205 1325 4277 Telemachi

145 4317 273 4384 tandem
296 4336 396 4402 guara
418 4315 500 4378 iacta
524 4312 654 4376 ancillas
677 4314 835 4397 increpat,
861 4335 940 4398 quae
965 4335 998 4378 se
1023 4338 1040 4379 e
1065 4337 1179 4382 somno
1205 4338 1265 4383 nou
1289 4334 1328 4381 or·
