2978 4950
656 246 696 314 31

76 437 169 518 petre
191 437 379 520 superstite,
402 440 506 501 mater
527 457 590 503 non
612 436 718 502 solum
741 434 876 502 διδιισκει
900 436 1053 513 τιν’νσριιι,
1078 437 1132 501 sed
1162 438 1270 522 ipsum

76 544 201 624 petrem
231 540 379 606 ostendit.
429 543 645 609 Δεικννσιν
675 539 720 608 ὅτι
753 543 861 609 τούτου
892 543 957 608 ἐστι
990 550 1077 614 roric.
1125 541 1215 608 Haec
1243 541 1271 607 si

76 662 155 711 vera
183 653 274 730 sunt,
300 684 342 696 -
367 653 404 713 ut
434 655 509 713 sunt
532 652 600 715 sine
624 649 740 735 dubio,
766 687 808 698 -
832 650 945 736 quidni
968 650 1183 737 corrigamus:
1209 645 1269 713 κδιν

77 761 169 834 τεριῇ
191 776 221 817 ιι.
246 776 279 818 τ.
304 755 318 819 δ
343 752 496 834 τστήρι
543 754 716 836 Quoniam,
742 760 778 821 ut
801 754 998 844 significavi,
1024 757 1123 820 etiam
1145 753 1270 820 facilior

77 864 127 924 ast
148 862 232 925 ratio
255 863 301 926 rei
323 862 546 928 restituendae.
593 862 882 951 Interpnngamoa:
907 861 960 928 κιιι
984 863 1048 940 qap
1072 862 1097 925 ει
1121 862 1174 927 acl
1201 862 1268 925 ἕτε-

78 967 176 1040 ήνήιιει
201 963 272 1044 ἅμα
296 969 338 1048 τῷ
361 968 503 1046 γενέσθαι
527 970 579 1035 τδν
603 969 723 1046 τσιῖδιι,
748 971 765 1042 ή
789 969 890 1047 μήτηρ
914 966 1050 1033 διδάσκει
1073 971 1127 1032 τσῦ
1152 965 1268 1048 πατρὸς

76 1073 232 1151 τοῦνομα·
255 1071 331 1138 κᾶν
355 1084 470 1154 τεριή
497 1075 563 1139 acti
588 1084 711 1157 πικρή,
736 1078 753 1147 ή
778 1077 909 1155 μήτηρ
929 1074 1077 1141 δεικννσιν
1097 1072 1143 1139 ὅτι
1160 1072 1270 1139 τιν’τνν

77 1179 144 1243 ἔστι
188 1188 281 1257 eois,
324 1182 421 1246 etiem
457 1184 504 1247 sic
538 1183 744 1248 concinnitati
778 1183 996 1248 membrorum
1033 1183 1268 1267 prospicientes.

77 1286 164 1352 Nam
192 1289 226 1351 in
254 1291 390 1373 utraque
420 1287 609 1353 bimembris
636 1289 761 1373 periodi
781 1289 899 1373 protasi
923 1289 937 1353 δ
962 1290 1064 1366 τστήρ
1087 1288 1269 1354 subiectum

77 1400 144 1469 ast,
178 1413 281 1479 nequo
311 1395 352 1459 ad
383 1395 530 1470 ἐτεθνήκει
563 1415 665 1480 nequa
696 1398 735 1459 ad
766 1404 853 1477 σεριή
877 1395 930 1461 acti
958 1404 1039 1476 ισσρή
1065 1415 1271 1480 expressum,

76 1501 245 1584 ntriomne
267 1500 411 1586 epodosis
434 1501 615 1567 subiectum
638 1506 687 1566 eat
710 1504 727 1577 ή
751 1502 870 1585 μήτηρ,
895 1508 1002 1568 contra
1021 1503 1072 1568 bis
1091 1501 1270 1567 adiectum:

78 1606 97 1678 ή
128 1608 229 1686 μήτηρ
260 1605 395 1671 διδάσκει
427 1612 460 1672 et
493 1608 510 1679 ή
543 1607 644 1686 μήτηρ
669 1607 824 1672 δείκνυσιν.
872 1606 935 1674 Sed
956 1609 1092 1674 missum
1117 1607 1271 1674 iaciemus

77 1716 109 1776 et
128 1709 302 1778 Seleucum
326 1713 451 1777 eteius
475 1712 584 1788 λύσιν,
609 1714 666 1779 ubi
690 1734 791 1778 unum
816 1712 974 1779 addidero.
1023 1713 1059 1778 ln
1078 1716 1167 1780 exitu
1187 1716 1271 1781 eius·

76 1820 149 1883 dem
181 1819 405 1902 disputationis
440 1839 457 1884 e
492 1821 649 1885 contrario
672 1826 761 1904 pater
787 1820 877 1884 νισιτί
900 1819 1006 1885 locum
1031 1820 1121 1886 cedat
1144 1842 1269 1888 neceam

76 1930 135 1990 est.
183 1925 397 2013 Porphyrius,
442 1924 568 1992 Seleuci
603 1926 813 2012 explicatione
847 1947 909 1992 non
931 1932 1127 2010 conmeatus,
1167 1927 1270 2013 (ἄλλοι

76 2054 108 2096 ιι.
146 2029 241 2104 οὕτως
271 2031 394 2114 ζητοῦσι
422 2032 469 2105 τις
503 2034 517 2099 ὃ
550 2038 614 2107 νοῦς
649 2049 721 2099 κτλ.
754 2035 875 2101 immo:
907 2031 1119 2120 ζητοῦμεν),
1153 2032 1269 2110 datore

75 2139 305 2224 interpretetus
328 2143 376 2203 eet
398 2141 437 2211 ὡς
462 2138 534 2219 πρὸς
558 2142 613 2215 τήν
637 2142 730 2214 δισσήν
755 2139 930 2204 ιτιστενσε.
977 2138 1094 2220 Quodsi
1117 2142 1164 2206 ita
1190 2141 1269 2205 acci·

75 2247 201 2332 pimus,
234 2246 360 2331 pergit,
390 2242 478 2309 ἔστιιι
509 2246 523 2309 ὅ
556 2244 666 2324 λόγος,
696 2249 713 2322 ή
737 2245 838 2325 μήτηρ
861 2245 918 2324 μέν
941 2247 1129 2332 (necessario
1153 2245 1269 2312 adden·

73 2351 153 2416 dum
176 2351 228 2432 μ’)
254 2350 316 2429 ἔφη
339 2351 450 2416 ἐκείνου
475 2346 569 2428 εἷνιιι,
594 2352 654 2430 ἐγὼ
678 2351 704 2417 δ’
727 2353 782 2417 οὐκ
805 2347 895 2418 elta·
920 2352 953 2417 οὐ
977 2350 1040 2432 γάρ
1063 2376 1110 2424 τις
1136 2351 1175 2416 δι’
1198 2350 1268 2415 ἐσιν-

72 2462 128 2522 rori
159 2456 266 2536 τικρσι
289 2461 343 2522 τοῦ
367 2457 478 2523 {coreb
501 2459 615 2536 σιιτρδι
639 2458 694 2533 τήν
717 2458 821 2523 τιστιν
845 2457 947 2539 ἔσχεν.
973 2458 1076 2524 ἐνθάδε
1103 2458 1150 2525 δεῖ
1170 2457 1267 2524 πάλιν

72 2565 224 2641 ἑκοῦσαι,
255 2564 281 2627 εἰ
313 2565 358 2641 μή
382 2563 467 2644 παρὰ
492 2586 545 2627 τιι
556 2588 575 2627 τ
583 2566 645 2644 aar
667 2565 789 2631 πύθοιτο
812 2565 865 2630 acl
889 2564 1085 2644 σεβαστικῶς
1110 2563 1267 2641 ἕκδέξσιτν

71 2671 126 2734 τδν
148 2669 253 2748 λόγον.
278 2670 512 2754 Buttmonnus,
537 2673 720 2737 acutissime
742 2678 781 2736 ut
800 2693 942 2759 semper,
965 2673 1048 2739 vidit
1065 2672 1268 2738 scribendum

72 2798 142 2844 asse
165 2783 198 2843 ct
218 2800 266 2842 τε
274 2777 307 2856 pl
332 2781 384 2841 τσῦ
409 2778 519 2842 ἑιιντσῡ
545 2777 661 2856 πατρὸς
683 2783 715 2844 at
733 2780 758 2842 εἰ
779 2781 823 2856 μή
846 2780 933 2859 topic
957 2781 1111 2858 μητρὸς
1135 2778 1268 2844 addesco.

71 2882 169 2948 Prius
200 2882 394 2949 Harleianus
425 2891 533 2968 postea
556 2884 688 2949 demum
712 2906 863 2952 excussus
885 2886 1047 2972 probavit3
1076 2885 1268 2958 secuudum.

71 2991 159 3076 quod
189 2991 277 3056 idem
309 2990 406 3056 codex
437 3011 500 3055 uon
530 2992 661 3076 probare
691 2993 838 3071 videtur,
867 2993 998 3081 indigne
1030 2999 1173 3078 spretum
1203 2998 1270 3071 eet,

71 3096 150 3164 licet
181 3100 225 3162 sit
256 3098 461 3162 verissimum
492 3103 524 3162 et
555 3100 730 3163 sententiae
765 3101 857 3164 unice
886 3105 1019 3185 aptum,
1043 3099 1114 3165 ideo
1138 3099 1270 3178 fortasse

71 3204 157 3291 quod
182 3204 366 3269 dubitanter
389 3208 516 3267 tantum
539 3203 755 3269 Buttmonnus
780 3205 814 3270 id
836 3207 1016 3290 proposuit,
1037 3205 1113 3270 baec
1134 3205 1268 3271 addens:

72 3310 153 3388 „sed
172 3311 272 3375 nimis
295 3308 452 3394 impedito
474 3311 574 3374 totius
595 3309 692 3396 hujus
711 3309 773 3376 loci
793 3313 1029 3398 argumentatio
1051 3317 1088 3376 ut
1106 3331 1162 3397 pro
1182 3316 1267 3377 certo

71 3417 246 3502 quicquam
269 3413 501 3500 pronuntiem.’'
523 3413 627 3480 Miror
645 3418 753 3480 virum
773 3418 1016 3503 sagacissimum
1034 3419 1081 3482 ita
1100 3417 1267 3494 iudicasse,

71 3541 149 3588 nom
172 3521 256 3586 mihi
278 3520 374 3596 haec,
399 3521 438 3585 de
462 3520 577 3605 qui-bus
600 3542 683 3586 nunc
706 3524 852 3611 agimus,
871 3524 1021 3588 intricata
1052 3523 1184 3609 quidem
1217 3526 1266 3588 vi-

71 3630 189 3694 dentur
224 3633 257 3693 et
291 3626 505 3692 multifariam
540 3633 703 3713 corrupta,
743 3631 873 3694 caeteris
913 3647 1021 3695 tamen
1056 3629 1270 3696 solutionibus

72 3734 273 3821 longioribus
296 3731 377 3799 nihil
401 3752 593 3820 magnopere
621 3734 833 3820 impeditiora.
881 3733 944 3801 Sed
976 3740 1051 3801 utut
1074 3736 1152 3801 haec
1176 3741 1251 3800 sunt
1263 3784 1271 3815 ,

72 3840 265 3906 Buttmanni
289 3839 455 3904 redecima
478 3839 673 3918 emendatio,
699 3861 795 3926 quam
819 3841 947 3906 iuturus
966 3841 1079 3918 editor.
1102 3863 1213 3927 spero,
1237 3845 1273 3908 in

73 3954 200 4012 thum
235 3946 386 4030 recipiet,
422 3944 607 4029 planissime
637 3945 842 4013 confirmatur
873 3950 915 4012 iis
943 3968 1024 4034 quae
1047 3950 1197 4014 continuo
1221 3970 1268 4016 se-

75 4057 233 4138 quuntur:
255 4051 351 4121 οὐδεὶς
370 4052 433 4130 γὰρ
456 4050 551 4114 αὑτοῦ
575 4051 611 4132 (l.
636 4053 681 4118 δι’
706 4053 791 4138 cir.)
817 4056 869 4118 τὸν
890 4053 1013 4134 τιιτέριι
1032 4053 1199 4136 ιὶνεζήτησε
1212 4055 1266 4121 aci

77 4156 290 4238 ιὶνηρεύνησεν,
323 4158 349 4221 εἱ
380 4155 470 4228 ὅντως
495 4154 540 4232 εἴη
564 4157 578 4221 ὃ
601 4156 787 4244 λεγόμενος,
811 4159 992 4241 λεγιύση
1016 4160 1056 4225 δὲ
1079 4171 1125 4243 σή
1142 4161 1271 4243 μητρὶ

78 4267 139 4338 τῖις
159 4263 365 4328 τετίστενκεν
384 4260 457 4328 ἄνευ
478 4260 628 4342 ζητήσεως
648 4266 699 4330 διιὶ
719 4267 753 4330 τὸ
774 4265 873 4345 σέβιις
891 4267 927 4332 τὸ
939 4267 1012 4347 τρδς
1028 4268 1098 4338 τοὺς
1110 4265 1271 4339 araturae.

122 4368 207 4436 batis
236 4369 332 4456 longa
363 4388 382 4435 a
409 4367 549 4458 Cyclope
581 4371 819 4452 aberravimus,
844 4372 1002 4461 adquam
1024 4371 1177 4440 redeundi
1200 4375 1268 4440 iam
