2978 4950
589 129 593 138 '
689 124 753 212 :ies

126 332 283 409 Similiter
307 334 333 398 V
357 335 396 400 ad
419 356 546 401 versum
571 337 827 420 praecedentem:
854 342 909 412 τὴν
929 337 1001 415 πρὸς
1023 323 1143 408 ποίντοις
1164 331 1312 413 ἐχομένην

126 443 269 526 πομπήν,
295 440 412 516 τοιθτνν
435 441 487 506 sai
513 443 577 507 ἐπὶ
602 443 744 509 τούτου
768 453 867 524 τηρεῖν
889 445 1041 523 βεβυθοιν.

172 658 205 733 θ,
231 655 322 721 133.·
351 656 529 722 Laodemas
552 657 591 722 ad
614 657 773 724 Phaeaces

287 767 407 839 Δεῦτε,
433 763 536 843 Φθλοι,
561 764 611 828 τδν
634 761 729 838 ξεῖνον
752 764 886 842 ἐρώμεθα
911 763 939 828 sl
960 765 1013 828 τιν’
1037 763 1144 829 ἄεθλον

286 865 346 934 οἶδέ
370 894 405 934 τε
430 870 482 933 sal
507 869 646 944 δεδθνκε.
1072 879 1075 884 ’

126 974 315 1042 Admiratus·
337 977 413 1041 baec
437 979 668 1064 grammaticus
690 980 723 1041 in
752 976 796 1041 T:
822 979 925 1052 ἠθικῶς
950 976 1039 1057 θρα·
1064 979 1090 1041 οἱ
1116 977 1177 1055 γὰρ
1203 973 1232 1040 έν
1247 1001 1314 1041 -τινι

126 1083 342 1161 κατορθοῦντες
366 1083 417 1147 sai
442 1083 513 1162 πρθς
534 1084 603 1154 τοὺς
625 1081 725 1158 ξένους
747 1083 984 1155 ε’πιδεικτιῶντες
998 1085 1151 1155 κάκείνους
1170 1089 1315 1161 πειρᾶν

126 1189 374 1269 προτρέπειν
405 1188 682 1268 ποιρέχοντοιι,
715 1189 840 1266 ον’θριενοι
866 1191 1009 1272 προῦχειν
1034 1193 1135 1254 αὐτῶν
1157 1190 1223 1254 διὰ
1247 1195 1316 1254 τοῦ

126 1296 216 1374 rape
249 1304 312 1369 τοῖς
336 1293 429 1371 ξένοις
454 1295 635 1373 εὐδοκιμεῖν.
685 1296 736 1361 Sic
765 1297 905 1363 scholion
930 1296 1111 1362 Diodorfius
1134 1297 1317 1370 constituit,

126 1401 306 1468 Ptellarum
339 1408 416 1488 puto
456 1410 617 1467 auctorem
656 1409 799 1479 secutus,
835 1405 873 1469 de
910 1424 946 1487 eo
981 1411 1142 1488 praeterea
1175 1406 1221 1466 ita
1255 1404 1318 1466 dis-

126 1514 243 1595 putans
269 1509 363 1595 (App.
388 1530 418 1593 p.
446 1508 542 1591 774):
570 1509 748 1595 „particula
771 1506 831 1588 θροι
857 1509 973 1573 indicio
995 1515 1041 1572 est
1062 1510 1215 1574 excidisse
1228 1508 1319 1593 plura
1366 1548 1368 1552 -

126 1636 208 1700 quae
227 1603 471 1701 praedesserunt.
508 1615 598 1694 Quod
619 1636 680 1680 non
701 1616 927 1680 animadvertit
947 1615 1110 1692 librarius,
1131 1619 1185 1700 qui
1199 1601 1320 1680 lemma

126 1722 178 1787 bis
211 1723 315 1787 verbis
347 1720 493 1805 praefixit
523 1722 611 1786 δεῦτε
635 1722 722 1799 φίλοι
744 1721 794 1785 τὸν
819 1721 913 1798 ξεῖνον
937 1722 1072 1799 nepaes
1096 1724 1162 1787 sine
1187 1722 1317 1786 lacunae

126 1828 256 1893 indicio.
304 1826 431 1892 Omissa
466 1835 573 1892 autem
608 1824 665 1892 illa
699 1829 843 1892 incidunt
876 1829 909 1892 iu
946 1827 1090 1893 lacunam
1122 1827 1313 1893 scholiorum

126 1934 244 2001 codicis
268 1933 312 2009 T,
337 1955 416 2019 quae
440 1935 552 2018 incipit
575 1941 645 2018 post
669 1933 899 2011 dycnlcxexss'
923 1933 974 2016 (ad
1000 1937 1032 2009 θ,
1058 1936 1117 2011 63;
1142 1957 1169 2018 p.
1194 1934 1272 2007 361,
1297 1934 1316 1994 o

126 2038 240 2124 Dind.)
286 2041 323 2104 In
337 2041 454 2105 ¹codice
478 2039 624 2104 lacunam
650 2061 716 2105 esse
738 2062 796 2104 nee
821 2062 875 2124 per
899 2061 932 2104 ee
955 2040 1165 2125 improbabile
1190 2049 1317 2106 estnec

126 2148 159 2210 iu
185 2167 223 2211 ee
246 2167 279 2210 re
305 2144 430 2211 oculato
457 2148 529 2209 testi
553 2143 629 2209 fides
653 2146 846 2233 deneganda.
883 2144 944 2212 Sed
961 2147 1019 2210 hoo
1033 2147 1113 2210 mibi
1127 2147 1316 2211 videortuto

126 2250 288 2344 affirmare
326 2273 433 2337 posse,
471 2251 617 2317 lacunam
648 2250 738 2315 illem
771 2273 827 2316 nec
858 2254 980 2336 probari
1012 2255 1088 2317 isto·
1104 2250 1164 2332 θρον
1196 2273 1252 2317 nec
1283 2254 1316 2316 in

126 2367 229 2422 nostro
264 2360 373 2423 schol-io
405 2358 508 2422 ullum
541 2361 643 2422 inesse
675 2358 814 2422 defectus
838 2359 1003 2423 iudicium.
1051 2358 1208 2444 Corrupta
1240 2367 1314 2423 suut

126 2465 299 2550 quaedam,
327 2486 426 2528 onum
450 2466 489 2529 ab
513 2467 581 2548 ipso
606 2465 724 2528 editore
747 2466 915 2549 vitiatum,
939 2464 1061 2550 (πειρᾶν
1081 2465 1314 2550 videlicet‚pro

126 2592 189 2657 quo
225 2572 323 2637 codex
359 2571 500 2654 πεῖρον),
534 2591 614 2654 quae
649 2573 675 2633 si
711 2572 906 2635 sanabuntur
946 2571 1028 2635 nibil
1071 2571 1309 2636 desiderabitur.

126 2676 329 2743 Scribamus:
362 2679 464 2752 ἠθικῶς
498 2676 624 2754 ἄγνον·
653 2678 678 2740 ον’
703 2677 765 2756 νοὶρ
790 2677 819 2740 έν
843 2701 902 2741 τινι
925 2680 1138 2756 κατορθοῦντες
1165 2677 1216 2741 nal
1240 2677 1311 2755 πρὸς

126 2786 197 2854 τοὺς
236 2782 332 2859 ξένους
371 2784 607 2854 έτνδεικτιῶντες
643 2782 800 2854 κιὶκείνους
836 2785 918 2868 (εἷς)
955 2791 1100 2862 πεῖρονν
1137 2782 1312 2864 προτρέπειν

126 2889 358 2971 θρένοντοοι,
389 2888 514 2964 οἷθμενοι
546 2888 692 2969 προῦχειν
722 2890 820 2975 (τῶν)
853 2891 963 2955 οὶΣτῶν
996 2891 1046 2955 διθο
1070 2893 1112 2955 τὸ
1137 2891 1223 2966 ποιροὶ
1249 2897 1309 2962 τοῖς

126 2998 218 3075 Ξένιος
238 2998 423 3073 εὐδοκιμεῖν,
450 2998 537 3060 etin
562 2995 682 3059 eobolio
705 2998 737 3059 iu
762 3018 888 3061 summa
912 2997 1067 3062 brevitate
1086 2997 1308 3080 loquacissimo

126 3123 287 3190 superesse
309 3102 414 3188 potius
437 3101 598 3166 videbitur
621 3100 742 3186 aliquid
766 3104 934 3168 verborum
959 3124 1055 3189 quam
1081 3103 1197 3167 deesse.

171 3317 206 3393 θ,
232 3314 307 3380 147.
353 3317 386 3380 οὐ
411 3316 467 3391 μὲν
491 3315 553 3393 yde
574 3314 678 3395 μεῖζον
702 3315 787 3386 κλέος
812 3315 912 3394 οὶνέρος
937 3315 1018 3396 ὄρρον
1043 3343 1093 3381 κον
1118 3316 1201 3400 ᾖτιν,

222 3490 226 3499 ,
353 3422 370 3496 ἦ
396 3419 463 3486 ὅτι
490 3422 598 3485 ποοτθν
621 3445 655 3484 τε
680 3419 747 3501 ρ’έξρ
771 3422 822 3485 xxi
848 3423 953 3503 χερσὶν
978 3424 1069 3505 ἑῇσιν.

126 3529 386 3614 Peraphraais-in
411 3528 456 3608 Q:
490 3532 542 3593 οὐκ
567 3527 630 3592 ἔστι
655 3526 758 3609 μεῖζον
783 3528 868 3599 κλέος
893 3529 993 3608 οὶνέρος
1017 3527 1105 3601 dccc
1130 3532 1205 3596 ἐντί,
1256 3530 1312 3595 Ul·

126 3639 208 3703 tima
237 3638 282 3699 sic
316 3637 433 3719 scripta
456 3635 623 3719 adsequar:
649 3670 703 3685 --
727 3635 827 3713 οξνέρος
851 3632 919 3708 ἕως
945 3636 1063 3701 ἔστιν.
1113 3638 1243 3703 Plenius
1267 3639 1309 3704 T:

126 3744 176 3809 οὐκ
209 3741 274 3806 ἔστι
306 3739 409 3822 μεῖζον
434 3740 520 3812 κλέος
545 3742 647 3820 οένδρδς
672 3738 737 3813 ἕως
762 3740 808 3806 θιν
832 3739 874 3822 ζῇ
898 3746 978 3816 πλὴν
1005 3747 1020 3817 ἡ
1046 3745 1095 3808 διοὶ
1121 3752 1178 3809 τῶν
1203 3753 1309 3824 χειρῶν

126 3852 176 3917 rai
203 3849 299 3914 ποδῶν
323 3848 431 3927 θρθοτν
459 3847 581 3927 πρᾶξις.

166 4062 200 4136 θ,
228 4057 302 4123 163.
328 4058 487 4144 Euryalus
510 4057 600 4122 Ulixi
623 4058 766 4123 convicia
789 4058 956 4144 ingerens,
982 4080 1042 4123 uon
1068 4059 1231 4139 bellatori,
1256 4064 1305 4125 in·

126 4169 212 4257 psit,
237 4172 273 4230 tu
297 4165 377 4229 mihi
400 4165 515 4229 similis
539 4164 675 4248 videris,

809 4259 823 4273 Ἰ

214 4280 301 4344 οὶλλοὶ
326 4282 367 4360 τῷ
392 4274 422 4348 ὅς
449 4278 471 4339 θ’
496 4274 566 4354 θέμις
591 4275 639 4350 νηῒ,
661 4283 832 4351 πολυκλνϊδ
868 4277 1020 4359 θκμίζων,
