2978 4950
712 180 777 248 368

145 373 383 457 μεμηννμένης,
415 374 490 437 ἀλλ’
523 371 760 450 ύπονοωνμὲνηςθ
807 374 983 439 Possumus
1007 369 1132 457 quidem
1158 374 1320 455 corruptum

147 500 277 545 uxorem
301 501 369 545 esse
393 481 563 565 suspicari,
592 480 709 545 indicio
732 501 792 545 non
818 482 918 559 fseto;
944 501 983 544 sn
1007 478 1093 544 festo
1114 476 1230 542 indicio
1245 477 1317 542 iden

146 589 297 671 suspicari
321 585 460 672 emplius
483 607 545 651 non
570 584 758 671 possumus?
804 587 915 653 Nonne
939 608 978 652 ex
1000 585 1142 668 indiciis,
1166 585 1232 649 sivo
1252 586 1318 649 reris

146 691 211 756 illis
243 695 310 756 sive
344 690 444 767 fictis,
472 692 627 757 eiusmodi
651 694 841 778 suspiciones
864 699 901 756 ut
924 692 1104 779 plurimum
1127 696 1221 755 nstse
1240 687 1317 754 sunit

150 799 188 862 Et
210 799 286 884 quid
311 799 437 863 taudem
464 801 514 864 vir
539 799 741 864 doctissimus
761 800 879 885 etipse
899 800 1055 885 cogitavit
1073 802 1106 862 et
1123 816 1182 862 nos
1198 796 1317 883 cogitare

144 905 250 982 iubet,
276 927 348 978 oum
371 905 474 970 lacera
497 907 594 972 verbu
617 906 795 972 διακωλύειν
819 904 928 971 ύπα..
943 954 949 969 .
966 953 1019 968 ...
1044 903 1314 980 τετιλμημθνηςὶθι

145 1012 323 1097 suppleret:
358 1012 536 1077 διακωλύειν
567 1011 696 1078 ἅπαντα
725 1017 768 1078 τοὶ
792 1009 1009 1090 τολμηματαθ
1057 1009 1150 1090 Quod
1173 1011 1200 1072 si
1221 1027 1312 1074 rerum

145 1124 208 1194 est,
242 1119 280 1182 sd
305 1119 381 1203 quid
405 1120 576 1204 pertinebit
599 1122 708 1185 statim
734 1141 868 1205 sequens
894 1118 1086 1184 femininum
1110 1112 1228 1190 αὑτῆςῗ
1270 1110 1313 1177 lo

145 1225 261 1290 luitne:
297 1225 514 1303 ύπονοοωμένης
538 1234 593 1300 τῆς
618 1227 733 1306 φθοραῖς
758 1226 936 1291 διακωλύειν
960 1223 1128 1290 ἅπαντα
1153 1221 1196 1286 τοὶ
1218 1220 1313 1296 rripi-

146 1355 238 1409 ματα
262 1338 316 1403 τῆς
340 1328 477 1411 osque?
524 1332 634 1418 ltaque
658 1332 697 1397 de
719 1331 876 1397 adulterio
899 1331 1013 1394 indicio
1038 1330 1123 1395 lauto
1145 1323 1313 1413 (μεμηνιιρθ

146 1439 210 1526 νης)
235 1461 296 1503 non
317 1439 422 1503 omnis
446 1439 575 1524 quidem
600 1446 654 1512 τῆς
677 1441 790 1520 Φθοριῖς
815 1439 1010 1516 τολμήματα
1031 1435 1207 1502 cohibendo
1224 1436 1311 1505 erunt,

147 1554 180 1612 ut
204 1546 358 1631 quaedam
386 1544 513 1612 tamen?
549 1545 660 1632 Neque
685 1547 698 1611 θ
724 1547 816 1624 λόγος
841 1543 911 1626 εἶχε
935 1565 1038 1611 errore
1063 1548 1172 1620 varst,
1195 1562 1229 1606 ιιο
1250 1535 1312 1603 nul·

147 1660 218 1717 tum
251 1674 376 1730 vereor,
411 1660 447 1717 ut
478 1653 613 1718 editores
636 1653 689 1718 hie
713 1655 781 1718 eius
807 1655 872 1718 vim
898 1651 1064 1717 commode
1087 1647 1239 1715 recordsti
1258 1645 1311 1711 sint

146 1757 239 1824 Velut
261 1762 363 1825 enim:
398 1784 497 1823 rumor
520 1761 649 1836 obtines,
674 1761 758 1844 quod
782 1760 835 1825 hio
858 1760 1004 1845 inprimis
1027 1756 1209 1821 ridiculum.
1251 1751 1311 1817 Sstir

146 1887 303 1952 superque
326 1867 402 1932 hseo
427 1875 501 1932 sunt
525 1868 564 1932 ud
589 1866 722 1932 Prelleri
747 1869 912 1932 consmins
931 1866 1105 1929 sententiae
1126 1856 1311 1927 restituendo

146 1992 274 2056 prorsus
304 1973 445 2038 infelicis
474 1974 650 2038 evertenda.
698 1973 734 2037 lu
758 1972 784 2037 Τ
806 1993 866 2038 non
892 1979 940 2037 est·
964 1968 1181 2047 μεμηνυμὲνης
1204 1967 1253 2032 sud
1272 1987 1309 2041 με·

146 2078 320 2162 μιγμένης,
351 2088 383 2144 et
406 2082 513 2164 ipsum
537 2081 726 2157 absurdum,
753 2083 781 2144 si
804 2080 933 2165 quidem
956 2084 1041 2143 recte
1066 2079 1111 2142 sic
1136 2074 1250 2140 loetum
1269 2077 1307 2136 est

148 2183 217 2265 Quo
248 2206 341 2250 sensu
372 2185 478 2250 rsleut
500 2188 641 2250 smus
680 2208 774 2251 nemo
805 2189 913 2251 nescit.
961 2184 1097 2249 Ponitur
1126 2183 1165 2246 de
1194 2202 1263 2244 οοιιο
1283 2196 1307 2240 ιο

146 2291 334 2377 plerumque
365 2291 444 2357 fslss
474 2294 627 2376 opinione,
660 2294 747 2355 ιιιιθθο
777 2304 858 2356 cuin
886 2291 1011 2355 οοίοιιθὶο
1040 2290 1135 2364 nisu,
1168 2285 1262 2373 qualis
1280 2302 1307 2347 οἱ

147 2396 407 2482 philosophorum
431 2405 576 2464 veterum
600 2407 705 2464 mente
726 2401 830 2464 omnis
848 2399 988 2462 humans
1008 2396 1153 2461 doctrine
1171 2402 1225 2459 est.
1246 2389 1306 2457 llirt

149 2506 280 2568 ὑπονοεῖν
317 2512 348 2568 et
385 2505 513 2584 νομίζειν
550 2512 750 2591 opponuntur
782 2509 821 2585 τῷ
859 2505 987 2578 εἰδέναι,
1015 2501 1097 2587 quod
1124 2502 1246 2566 deorum
1266 2502 1305 2559 ιιι.

146 2612 237 2676 Dixit
260 2618 352 2675 vetus
376 2618 499 2688 cantor,

303 2718 468 2796 ’Ἄνθρωποι
491 2718 522 2783 δὲ
546 2721 672 2796 μύταια
697 2720 876 2800 νομίζομεν,
903 2719 1014 2788 εἰδότες
1041 2713 1142 2791 οὐδέν,

350 2824 406 2888 θεοὶ
432 2824 462 2888 δὲ
487 2826 571 2889 κατὰ
595 2826 741 2904 σφέτερον
766 2826 871 2889 πύνπα
897 2830 1019 2887 τελοῦσι
1045 2822 1127 2897 νθον,

151 2933 233 2994 dixit
256 2931 444 2996 Menander:
473 2933 565 2995 αὑτὸν
590 2935 651 3012 γὰρ
676 2933 770 3002 οὐδεὶς
794 2930 829 2996 οἶ
839 2933 864 2996 δ’
889 2928 955 2995 ύτου
982 2929 1052 2993 ποτ’
1079 2915 1305 3005 ε’γένεπο,ΙΙι’λλ’

147 3041 396 3113 ὑπονοοῦμεν
421 3040 535 3109 πάντες
561 3041 576 3111 ἢ
603 3039 795 3111 πιστεύομεν,
847 3038 931 3102 Hinc
952 3036 1158 3122 repetendum
1182 3025 1305 3118 quidni

146 3152 291 3230 corrupto
325 3145 520 3221 μεμιγμένης
560 3147 666 3210 lateat.
715 3146 762 3209 Ne
803 3145 928 3231 longior
960 3146 1040 3215 sim,
1088 3144 1197 3205 stetim
1238 3136 1306 3217 adpo

146 3274 238 3335 nam,
264 3253 421 3336 quomodo
446 3252 527 3315 milri
552 3259 583 3316 et
603 3259 749 3335 corrupta
770 3252 907 3315 sananda
927 3258 959 3314 et
972 3239 1306 3330 definientiusupplends

146 3382 212 3424 esse
237 3360 423 3431 videantur,
458 3365 493 3421 ut
517 3367 606 3422 exeat
630 3360 711 3443 quod
736 3358 881 3445 intellegi
908 3360 1015 3442 possit.
1055 3354 1201 3419 Διδὺοκει
1224 3344 1305 3414 uni

146 3467 179 3529 ἐκ
211 3466 318 3528 τούτου
350 3468 384 3529 τὸ
417 3467 584 3542 χρησιμων,
618 3472 679 3537 πῶς
712 3465 831 3529 δεῖκαὶ
858 3466 914 3534 τοὶς
942 3463 1089 3532 τοιαύτας
1115 3463 1173 3524 τῶν
1196 3455 1305 3537 repulsu

148 3571 431 3652 μεταχειρίζεσθαι.
475 3574 518 3647 μη
563 3572 845 3648 γεγενημένης
882 3571 984 3653 (γὰρ)
1020 3580 1074 3639 τῆς
1111 3571 1223 3646 Φθορῖις
1252 3557 1306 3626 ἀλλ’

148 3678 380 3754 ύπονοοιιμένης,
409 3679 452 3740 λα’
462 3702 531 3753 γον
553 3675 620 3757 εἶχε
641 3679 837 3760 διακωλύειν,
870 3675 995 3759 ύπα(ξ
1026 3675 1078 3759 δὲ)
1105 3668 1305 3748 τετολμημὲιλέ

146 3789 243 3858 αὑτῆς
274 3788 579 3867 καταθφρονεῖν)
612 3783 669 3848 ἔδει
700 3793 753 3859 τῆς
780 3787 913 3867 Φθοροῖς,
941 3782 1018 3867 (τὸν
1043 3782 1080 3845 δὲ
1106 3781 1312 3861 φθορέακι’

148 3890 311 3976 λθζειν.)
350 3892 549 3974 Quamquam
574 3892 650 3955 haec
674 3914 706 3955 se
730 3894 798 3976 ipsu
822 3894 899 3955 sutis
922 3890 1107 3964 detendunt,
1134 3895 1235 3952 tamen
1254 3877 1315 3944 fidei

147 3998 305 4061 faciendae
334 4018 428 4062 causa
453 3998 607 4080 quaedam
632 3998 817 4062 adscribam.
868 3996 1033 4080 Oppositio
1058 3998 1102 4070 μη
1127 3986 1314 4071 γεγενηριὲιιέ

149 4111 201 4173 τῆς
225 4106 338 4181 φθορᾶς
365 4105 439 4165 αλλ’
466 4103 680 4178 ὑπονοουμένη·
705 4126 763 4167 non
791 4102 948 4167 absimilis
975 4109 1020 4166 est
1047 4102 1097 4166 illi
1123 4102 1259 4186 Lysiacae
1279 4091 1319 4151 51¹

148 4211 287 4272 oratione
311 4211 491 4272 notissima:
518 4211 541 4272 εἷ
567 4211 623 4285 μὲν
648 4210 710 4285 γὰρ
735 4211 835 4284 λόγων
859 4209 1016 4285 εἰρομένων
1043 4209 1131 4285 ἔργον
1155 4208 1184 4269 δὲ
1205 4195 1322 4278 astru-5

148 4315 355 4391 γεγενημένον
392 4319 549 4392 μετελθεῖν
585 4317 721 4381 ε’κέλενον
756 4322 884 4399 ἐκεῖνον,
920 4317 1036 4392 ἠδίκουν
1073 4314 1127 4379 ἂν·
1159 4316 1181 4377 εὶ
1210 4311 1236 4374 δὲ
1259 4302 1317 4376 ἤδη
