2978 4950
715 242 781 310 225

143 456 222 502 oum
256 435 437 524 Magnum,
470 436 552 524 quod
585 449 658 500 cum
690 436 837 500 Gudiauo
859 442 890 499 et
914 435 1032 501 Zonara
1056 436 1186 501 Pindari
1212 460 1336 505 versum

144 540 308 608 Simonidi
338 545 473 621 tribuit,
505 541 678 608 Simonidis
702 541 858 613 Pindaro.
885 541 983 606 simul
1008 564 1063 628 pro
1087 568 1121 607 τε
1146 543 1263 621 delusa
1285 568 1341 612 ex·

143 648 262 714 iibens
293 648 468 727 Τελοομθν,
494 670 567 714 ουτοι
590 647 725 713 Zonaras
745 673 779 711 τε
804 646 912 725 λωβθν
935 650 1093 734 praebeat.
1140 650 1250 736 ltaque
1273 655 1339 718 iam

144 757 326 840 antiquitus
360 759 394 821 in
425 756 485 820 hoe
515 776 625 820 versus
656 755 815 842 fragmine
847 755 1012 820 turbatum
1043 761 1105 831 est,
1140 777 1202 841 quo
1233 756 1269 823 fit
1304 764 1340 823 ut

144 861 220 925 inde
257 860 339 926 nihil
374 861 549 948 quidquam
585 866 669 926 eerto
705 857 865 944 conficias,
903 881 941 925 ne
976 862 1035 926 hoe
1071 862 1231 947 quidem‚·
1249 866 1340 930 euius

145 968 190 1030 rei
223 988 320 1033 causa
349 968 508 1044 adfertur,
542 988 580 1033 au
609 966 731 1051 liquido
762 972 924 1051 appareat,
959 967 1134 1033 Pindarum
1159 971 1255 1035 verbo
1278 968 1341 1046 ξει-

146 1074 275 1138 νοδοκεῑν
318 1094 412 1138 usum
459 1095 527 1139 esse
571 1094 627 1159 pro
669 1075 795 1150 testari,
834 1076 1051 1139 testimonium
1087 1074 1200 1140 diuers.
1254 1058 1341 1142 Illud

147 1186 248 1244 urium
290 1180 400 1256 video,
445 1180 523 1245 haec
564 1183 612 1244 ita
655 1181 789 1264 scripta:
830 1177 1017 1254 ξεινοθθκνρσθ
1052 1206 1085 1244 τε
1122 1181 1257 1258 ὅοοίμων,
1299 1221 1339 1232 -

147 1287 266 1352 omisso
301 1312 316 1351 ν
349 1287 580 1371 ἐφελκοστικῷ,
613 1285 696 1371 quod
727 1291 848 1350 veteres
880 1290 976 1352 testes
1006 1289 1171 1366 omittunt,
1208 1327 1249 1337 —
1272 1286 1343 1354 finis

149 1391 328 1461 hexametri
368 1397 505 1480 speeiem
546 1394 703 1480 praebere.
750 1391 797 1456 At
827 1396 858 1458 in
891 1393 1063 1460 Simonidis
1093 1416 1187 1461 versu
1221 1395 1342 1467 adlato.

152 1535 192 1546 —
222 1520 317 1586 quam
353 1499 512 1588 Bar-gline
547 1501 599 1585 (fr.
631 1498 688 1584 84)
723 1520 796 1564 eum
829 1502 870 1564 iis
904 1504 1083 1587 coniungit,
1119 1522 1198 1587 quae
1228 1523 1247 1567 a
1277 1500 1343 1568 solo

152 1600 323 1673 Plutarcho
356 1608 390 1671 in
424 1605 535 1672 libello
571 1605 609 1672 de
640 1604 794 1670 Herodoti
827 1605 1031 1692 malignitate
1062 1609 1101 1692 (o.
1128 1607 1183 1692 42)
1217 1616 1342 1674 servata

150 1717 223 1776 aunt
255 1715 374 1798 seripto
404 1712 502 1778 simul
534 1712 560 1777 δ’
592 1711 711 1791 ὤριστος
744 1717 776 1776 et
809 1712 943 1789 λοίμπων
976 1749 1018 1761 -
1050 1714 1088 1778 de
1112 1713 1342 1802 significatione

151 1818 238 1883 serbi
268 1817 440 1896 ξεινοδόκον
464 1818 554 1884 nulla
576 1818 736 1884 dubitatio
760 1839 826 1883 esse
851 1823 962 1904 potest.
1010 1818 1128 1884 Eadem
1149 1818 1190 1885 'ac
1215 1819 1341 1906 Apollo

154 1922 239 2009 nius,
267 1931 302 1991 ut
326 1926 411 1998 dixi,
436 1925 587 1990 exhibent
610 1924 873 2013 Etymologiuum
897 1926 1054 2013 Magnum
1078 1932 1109 1991 et
1135 1924 1339 2011 Gudianum‚

155 2027 258 2098 minus
279 2035 420 2121 integre,
446 2037 479 2096 at
502 2031 607 2096 multo
630 2030 810 2096 dilucidius.
836 2030 1052 2120 Stymologiei
1078 2052 1200 2118 quoque
1227 2032 1339 2120 Magni

108 2150 113 2195 ²,
154 2134 246 2203 verba
268 2138 463 2214 describam,
489 2144 526 2202 ut
549 2159 646 2224 parvo
667 2138 696 2200 ἐν
716 2137 832 2218 πωρθὸςο
853 2141 934 2202 vitio
954 2139 1097 2204 liberem.
1124 2137 1339 2205 serotinos

156 2236 177 2300 θ·
202 2242 254 2318 μίν
283 2244 420 2326 Ὅμηρος
456 2244 508 2309 τὸν
545 2246 628 2329 (τοὺς
666 2251 750 2310 recta
786 2244 856 2309 add.
898 2243 996 2329 Gud.)
1036 2243 1135 2320 ξένους
1174 2244 1338 2326 δεχόμενον

159 2341 303 2433 (inaug.
326 2352 444 2418 iterum
468 2350 586 2416 rectius
606 2350 705 2434 Gud.)
725 2352 853 2423 συνήθως
880 2353 950 2427 ἡμῖν
978 2352 1213 2427 ὑποτίθησι·
1238 2364 1340 2441 illuu-

159 2448 234 2527 'idas
255 2458 283 2524 ll
306 2459 358 2524 nai
384 2460 529 2538 Πίνδαρος
554 2459 605 2523 zai
628 2455 718 2523 ἄλλοι
740 2459 817 2527 τινὲς
838 2457 890 2520 τθν
908 2456 1101 2539 ἕπιμοίρτυροο
1114 2458 1212 2543 (Gud.
1227 2460 1339 2540 ροοίρτ.)

160 2552 333 2642 dsistam.
368 2565 537 2644 Σιμωνίδης
571 2562 777 2643 ,,ξοινοδθκιρσε
802 2564 994 2649 Τελσμθν”,
1018 2565 1086 2629 dari
1110 2570 1182 2643 τοῦ,
1209 2567 1339 2647 ἒμοορτθ-

162 2680 241 2733 moa·
282 2673 334 2737 ιιοοί
378 2671 525 2752 Πίνδαρος
569 2669 758 2749 »ξεινοδόκον
802 2669 828 2734 δ’
871 2667 990 2750 ἄριστος
1034 2671 1146 2752 χρυσὸς
1183 2673 1213 2737 ἕν
1248 2673 1338 2751 οοίθίρι

163 2766 317 2855 Marad,
362 2777 432 2842 olari
475 2782 549 2862 τοῦ,
592 2777 759 2857 μοορτθρων.
816 2776 887 2841 Non
931 2776 1063 2853 dicitur,
1097 2774 1233 2856 Ὅμηρος
1267 2777 1339 2864 (ξει-

163 2871 275 2968 ’vddxol
305 2885 436 2960 συνήθως
470 2886 542 2962 ἡμῖν
567 2883 742 2966 ὑποτίθησι,
766 2920 808 2930 -
826 2885 859 2947 in
885 2880 1033 2949 Gudiano
1056 2885 1189 2949 verbum
1214 2907 1339 2970 prorsus

164 2972 254 3074 θθένί,
283 3030 323 3041 -
357 2992 412 3057 sed
441 2990 596 3076 τίθησι,
628 2989 897 3075 quemadmodum
929 3012 960 3054 v.
986 3012 1011 3055 o.
1045 2991 1084 3056 ad
1117 2989 1215 3057 1257
1248 3014 1341 3078 super

108 3103 110 3115 ¹
164 3076 356 3165 Homericum
387 3099 550 3163 ὅσιοοίντων
575 3096 715 3178 φθίγγον
741 3121 776 3160 τε
802 3096 901 3176 βοορθν
926 3099 959 3160 in
984 3097 1011 3161 Τ
1035 3099 1239 3164 observatur:
1263 3095 1339 3170 ὅλως

164 3189 198 3252 θὸ
227 3206 315 3279 τίθησι
346 3207 402 3279 τὴν
433 3205 642 3281 λίγουσοον
672 3202 722 3266 ἐπὶ
748 3208 802 3273 τῆς
827 3203 1026 3281 ἀδιαρθρώτου
1053 3212 1157 3280 Φωνῆς
1182 3205 1233 3268 aui
1260 3206 1339 3269 οὸιιοο-

163 3311 428 3390 τθ’σοςνιροωτίσπου,
462 3311 499 3381 τίς
533 3310 584 3374 aad
615 3316 730 3380 ἐντοῖς
758 3306 923 3388 ἔμπροσθεν
950 3308 1006 3395 (vs.
1036 3308 1112 3394 167)
1140 3314 1262 3388 ,,οοὸτῶν
1285 3313 1340 3385 τίον

162 3396 277 3483 immo:
313 3419 369 3505 τε)
407 3417 590 3499 φθογγήν.”,
624 3417 680 3481 ubi
713 3411 789 3486 ὅλως
823 3419 919 3491 γοῦν
952 3417 1050 3487 τίθησι
1075 3417 1129 3489 τὴν
1153 3416 1265 3494 λέξιν
1290 3420 1340 3484 ἐπὶ

160 3522 226 3584 '‘id-
245 3527 431 3612 reponebam
453 3544 525 3589 oum
546 3522 682 3599 Sobeto,
707 3560 766 3598 —,
794 3524 856 3585 nisi
881 3521 964 3605 quod
988 3522 1040 3585 hie
1065 3523 1230 3608 (Mnemos.
1255 3525 1295 3590 N.
1308 3525 1340 3591 S.

159 3602 224 3690 Vol.
250 3629 306 3695 VII
338 3651 368 3714 p.
402 3628 479 3712 436,
513 3627 624 3711 1879.)
656 3626 844 3712 simpliciter
867 3629 900 3691 οὐ
927 3629 1068 3700 omittit,
1096 3666 1136 3677 -
1158 3638 1340 3716 comparato

156 3713 174 3778 i·
201 3751 228 3798 a.
248 3738 284 3803 ad
309 3761 317 3800 ι
344 3736 426 3808 151:
459 3735 508 3799 ἐπί
539 3740 592 3800 τοῦ
625 3736 887 3813 οὶπονυστοθζοντος
911 3734 1008 3808 τίθησι
1034 3736 1089 3807 τὴν
1114 3733 1196 3811 λέξιν
1219 3738 1341 3825 (agitur

155 3816 191 3892 ὅθ
226 3844 316 3909 verbo
352 3841 592 3928 ἀποβρίξαντες)
629 3839 728 3911 ὅπως
766 3841 819 3905 οὐκ
852 3841 901 3905 ἐπὶ·
926 3844 979 3903 τοῦ
1003 3839 1123 3915 βοοθίως
1150 3842 1340 3911 ὑπνῶσοοι.

155 3920 232 4013 8itui
256 3948 333 4015 haee
364 3969 488 4035 quoque
516 3951 629 4013 iterum
664 3969 702 4012 ex
734 3947 772 4024 Τ,
807 3952 901 4032 atque
931 3949 977 4010 ita
1007 3955 1153 4033 corrupta
1185 3955 1236 4025 ut,
1265 3972 1337 4015 eum

154 4031 275 4120 faaerint
305 4056 344 4121 ad
375 4053 487 4120 scholii
521 4076 631 4119 versus
656 4054 720 4118 257
746 4053 997 4118 emendationem
1024 4053 1266 4133 stabiliendam,
1291 4059 1339 4122 vi·

158 4146 255 4226 tisun
276 4162 351 4227 hino
374 4160 511 4226 salutem
537 4162 702 4245 accipiant.
754 4163 836 4223 t'erto
861 4161 944 4222 enim
970 4158 1141 4246 legendum
1164 4168 1224 4225 est:
1248 4159 1337 4247 (ὅτιὸ)

162 4250 206 4325 la)
230 4272 280 4332 τοῦ
314 4266 576 4348 οἱπονυστοίζοντος
602 4266 700 4340 τίθησι
724 4270 777 4340 τὴν
804 4263 886 4340 λέξιν
909 4263 1029 4338 ὅλως,
1055 4267 1108 4331 οὐκ
1132 4266 1181 4330 ἐπὶ
1205 4273 1258 4331 τοῦ
1277 4271 1337 4347 βου·

166 4359 223 4443 ttae
251 4376 521 4443 ὑπνώσοοντος.
572 4372 665 4458 Apud
699 4374 873 4458 aequiores,
900 4409 940 4420 -
966 4378 1002 4436 ut
1032 4372 1091 4438 hoe
1123 4392 1247 4457 quoque
1276 4396 1339 4440 uon

1191 4495 1221 4545 1⁶
1287 4534 1293 4547 .
