2978 4950
683 306 750 376 253

123 499 289 577 νήσοισιν,
325 504 364 564 ut
398 502 462 566 sint
495 502 597 566 instar
631 502 795 585 omnium,
830 501 1016 586 notavitque
1050 501 1189 568 breviter
1225 503 1311 570 hune

123 607 386 674 ualentissimi
414 608 620 695 grammatici
651 627 789 673 errorem
822 607 927 672 dicam
953 627 993 672 an
1018 627 1139 673 morem
1161 608 1312 676 Lehrsius

123 736 127 778 ι
158 713 378 789 Aristarcho,
402 733 433 798 p.
455 711 522 778 300
541 733 602 779 seo.
623 712 671 779 ed.
695 713 737 778 Et
756 715 802 778 sio
821 733 910 796 spero
931 734 983 779 me
1004 713 1183 800 opinionem
1204 735 1310 781 meam

124 821 268 906 primis
302 821 365 905 ipsi
397 819 517 885 (lobato
551 821 628 885 satis
659 820 824 905 probasse,
857 824 911 885 τοῦ
943 819 1007 900 γαρ
1033 820 1050 894 ή
1073 821 1177 900 κρίσις.
1223 820 1311 887 Illud

123 927 223 991 riter
255 925 355 1010 addo,
386 925 529 991 eiusdem
563 926 628 991 fere
663 925 783 991 formae
815 927 1086 1003 observationem,
1123 964 1164 977 -
1195 928 1309 994 itidem

124 1031 292 1097 ristonioi
328 1034 527 1117 putaverim,
552 1069 593 1079 -
618 1030 683 1119 legi
713 1032 753 1097 ad
784 1047 803 1095 λ
838 1031 917 1097 182:
948 1030 1061 1113 ίίζωραί
1095 1032 1126 1097 δέ
1153 1035 1178 1099 ol
1214 1035 1299 1116 αίείΙΙ

124 1137 272 1202 ίίνονσιν
306 1139 413 1211 νύκτες
444 1163 480 1203 σε
510 1138 560 1203 καί
592 1137 704 1215 ήματα
736 1140 965 1223 δακρυχεούση,
997 1141 1153 1205 sinceram
1175 1143 1209 1205 in
1234 1141 1307 1208 BT:

170 1242 236 1310 δια
264 1245 335 1316 τοὺς
365 1253 558 1322 μνηστῆρας·
589 1244 692 1310 οιίπω
717 1245 794 1324 γὰρ
818 1240 919 1319 ήσαν
943 1244 1195 1323 ἕτιίέμενοι·
1220 1249 1309 1314 ἄλλα

124 1348 144 1413 ἱ
204 1349 253 1428 σί,
283 1351 502 1440 corrigendam
533 1354 567 1416 in
599 1350 643 1415 V:
667 1355 728 1433 οὐχ
752 1352 810 1418 ὑπὸ
834 1352 1011 1430 μνηστήρων
1034 1352 1224 1437 δχλουμίνη·
1249 1357 1310 1422 ori·

138 1478 266 1522 ποτε
300 1460 364 1538 γαρ
399 1460 424 1524 οί
460 1465 647 1539 μνηστήρει,
681 1456 711 1523 ci
737 1482 777 1537 γε
809 1459 895 1536 μετὰ
926 1459 1063 1540 τέσσαρα
1088 1459 1141 1534 ἔτη
1167 1461 1307 1527 ἐπίασιν·

124 1562 213 1628 ,λὰ
248 1563 283 1628 σὲ
317 1563 460 1646 ζητούση.
511 1564 585 1631 Non
616 1565 712 1640 dicit,
742 1588 891 1651 nunquam
921 1586 1030 1650 procos
1063 1566 1218 1645 adfuisse,
1256 1568 1311 1634 sad

125 1671 266 1755 udam,
297 1679 487 1757 quapropter
511 1693 622 1738 verum
653 1672 730 1737 erit:
766 1671 922 1737 οὐδέπω
954 1672 1018 1752 γὰρ
1050 1669 1162 1758 (ήσαν
1184 1676 1260 1760 ίιιο.)
1283 1675 1309 1739 oi

125 1784 298 1857 ησσήρει,
322 1777 484 1862 simulque
513 1780 548 1843 in
578 1778 671 1843 initio
703 1777 858 1843 articulus
893 1777 978 1843 male
1014 1778 1118 1844 dehet:
1154 1781 1216 1860 οὐχ
1252 1780 1308 1845 ὑπὸ

128 1882 173 1946 ὅ
191 1885 221 1970 ν)
241 1886 417 1963 μνηστήρων
440 1883 621 1966 ίχλουμίνη.
647 1921 688 1933 -
714 1882 820 1950 Semel
843 1887 888 1963 μή
913 1905 1073 1970 superesse
1098 1884 1309 1970 deprehendi,

125 2040 128 2048 .
190 2015 217 2056 π
239 1991 297 2059 77:
335 1989 427 2068 δόξαν
459 1991 521 2071 γὰρ
551 2000 622 2064 ταῖς
645 1991 784 2069 οίγαίαῑς
809 1988 945 2071 ἔφερον
969 1993 1003 2056 τὸ
1028 1991 1133 2055 πολλοί
1158 1991 1231 2071 ὑπὲρ
1254 1997 1308 2057 τοῦ

125 2091 148 2166 ‘u
197 2099 372 2177 γαμηθῆναι
397 2098 519 2175 λαβεῖν.
549 2097 606 2182 (Η)
632 2095 914 2163 considerantibus
937 2097 1142 2181 paraphrasin
1166 2100 1233 2162 e'sse
1252 2098 1308 2164 ad:

213 2208 229 2280 ή
255 2205 310 2283 ήδη
336 2202 394 2281 ἅμ’
417 2203 529 2278 ἕπηται
555 2204 738 2290 (Penelope)
763 2206 903 2284 Ἀχαιῶν
927 2200 1012 2274 ὅστις
1034 2202 1156 2280 ἄριστος

214 2316 330 2390 μνὶται
356 2310 396 2374 ἑνί
420 2311 601 2391 μεγάροισιν
624 2311 697 2390 σίνήρ
722 2311 790 2375 καί
816 2319 998 2375 πλείστα
1024 2309 1205 2390 rippa-eu,

127 2430 177 2477 n
215 2417 347 2483 dubium
379 2416 542 2482 videbitur
569 2417 741 2504 legendum
766 2434 849 2481 esse:
872 2414 963 2492 δόξαν
988 2416 1051 2496 γὰρ
1076 2425 1145 2490 ταῖς
1170 2418 1308 2496 οίγαίαῑι

126 2532 254 2602 *spen
278 2523 312 2589 τὸ
336 2523 441 2589 πολλοὶ
467 2522 560 2603 ὑπὲρ
585 2527 653 2588 τοῦ
676 2524 914 2600 γαμηίήναι
937 2523 1062 2600 λαβεῖν.

137 2732 268 2802 Auno
301 2738 354 2802 his
388 2739 507 2802 vitium
543 2743 590 2801 est
622 2737 763 2802 confusio
793 2758 855 2802 non
884 2738 1065 2823 infrequens
1095 2738 1178 2802 inter
1209 2739 1242 2803 οὐ
1279 2741 1312 2801 et

127 2852 216 2914 ros
244 2843 297 2909 vel
329 2838 429 2927 οὗτοι,
460 2849 555 2928 atque
577 2843 641 2920 ita,
665 2849 703 2908 ut
726 2846 851 2929 saepius
873 2847 1001 2931 negatio
1024 2843 1152 2930 legatur
1173 2863 1231 2929 pro
1255 2843 1310 2908 de·

127 2949 350 3032 onstrativo,
381 2951 541 3014 rarissime
566 2955 691 3033 contra,
716 2949 807 3014 cuius
831 2961 937 3014 tamen
962 2971 1060 3014 unum
1087 2949 1166 3015 olim
1190 2952 1223 3014 in
1247 2947 1311 3014 Ob·

127 3060 251 3121 vvest.
280 3076 312 3141 p.
427 3057 610 3120 notavimus
641 3054 841 3140 exemplum,
870 3055 907 3119 ad
933 3055 948 3119 δ
976 3054 1057 3131 199,
1082 3056 1138 3120 ubi
1163 3056 1311 3122 omnibns

133 3161 210 3226 ud
241 3161 425 3227 Menelaum
457 3163 490 3224 in
522 3161 669 3226 lacrimas
701 3161 860 3226 conversis
882 3182 965 3226 unus
989 3161 1176 3227 Pisistratus
1199 3162 1312 3228 suadet

181 3263 284 3333 luctui
308 3266 404 3332 finem
428 3266 603 3352 imponant.
651 3267 699 3332 De
722 3267 782 3332 boo
806 3269 908 3354 igitur
935 3268 1054 3334 scholia
1077 3268 1111 3332 in
1135 3267 1180 3348 Q:
1205 3268 1312 3345 δαιμο-

127 3379 194 3444 ’ΰς
211 3373 321 3447 οὗτοι
345 3383 543 3451 γνωμολογεῖ
564 3373 629 3453 περί
653 3370 844 3438 edormire
870 3375 903 3439 οὐ
927 3376 989 3455 xli
1012 3375 1143 3451 κλαίειν,
1164 3374 1252 3439 ἀλλὰ
1277 3375 1311 3439 τὸ

128 3490 198 3543 ὀν
223 3482 321 3552 scitor
354 3479 510 3557 ἐξήνεγκε.
558 3479 627 3560 Quo
657 3479 726 3545 looo
751 3500 845 3545 nomo
869 3481 1000 3568 negabit
1024 3501 1138 3546 verum
1161 3501 1246 3565 asse,
1271 3480 1311 3545 οὐ

128 3590 322 3666 Ι’σιιμολογεῖ
355 3619 374 3635 ·
388 3623 408 3634 -
422 3621 442 3636 -
477 3587 565 3650 οίλλα
602 3584 757 3663 ἐξήνεγκε.
805 3586 958 3652 Eiusdem
989 3588 1114 3674 generis
1141 3607 1225 3651 nuno
1249 3585 1313 3654 alia

128 3693 277 3759 undem
299 3693 445 3777 exempla
465 3694 641 3780 insigniora
661 3712 851 3777 proponam,
872 3695 990 3758 iterum
1011 3694 1051 3759 ab
1071 3714 1134 3763 uno
1154 3715 1194 3759 ex
1206 3693 1314 3760 Iliacis

128 3778 261 3866 lobonis
292 3797 362 3865 loco
394 3798 487 3864 initio
520 3799 601 3864 facto
620 3801 756 3886 sortasse
779 3799 838 3864 hoc
862 3799 955 3864 modo
977 3801 1011 3864 in
1036 3802 1199 3888 integrum
1223 3803 1314 3866 resti·

128 3897 252 3972 tundo.
299 3904 402 3971 Locus
436 3926 531 3990 quern
565 3905 635 3970 diro
664 3904 840 3970 Herodiani
864 3912 912 3971 est
935 3906 975 3970 ad
998 3915 1032 3971 M
1063 3904 1118 3971 26.
1163 3906 1314 3973 Describe

133 4010 396 4094 nomannorum
440 4011 524 4096 apud
565 4009 765 4077 Dindorfium
806 4010 929 4076 editur:
971 4011 1127 4077 ἁλίπλοοι
1170 4013 1224 4086 τήν
1266 4026 1316 4092 λι,

136 4120 226 4197 Occi,
262 4116 427 4193 συλλαβήν
462 4115 671 4191 ίξιιτονητέον·
708 4116 794 4181 κατα
824 4117 886 4195 γὰρ
920 4118 1019 4182 αὐτῶν
1049 4125 1108 4182 τῶν
1138 4119 1316 4198 ἐρειπίωνή

131 4223 205 4304 λίξις
230 4231 350 4301 κεῖται,
375 4222 445 4301 οὐχί
467 4223 509 4287 τοί
535 4222 566 4286 ἐν
588 4232 627 4305 σή
652 4223 705 4288 cini
730 4222 865 4288 πλέοντα
889 4225 1086 4304 σημαίνεται.
1107 4222 1200 4299 οὕτως
1221 4231 1315 4291 Ἀλε-

129 4333 193 4412 ξίων
225 4328 277 4393 καί
309 4330 335 4392 cl
366 4324 467 4393 ἄλλοι.
497 4329 585 4406 κοίγὼ
610 4327 641 4393 δὲ
665 4329 938 4409 συγκατατίθεμαι
963 4341 1002 4414 σή
1027 4330 1195 4413 προσῳδίᾳ·
1219 4332 1314 4398 ἐκεῖνο

129 4440 183 4519 trip
218 4435 282 4515 ἔχω
315 4435 553 4515 ιίποφήναοίαι,
586 4437 624 4509 ὥς
657 4430 703 4500 ίτι
735 4436 926 4517 ίπίτερον
950 4437 1020 4504 icio
1042 4437 1222 4522 σημαίνη
1244 4461 1316 4535 προ·
