2978 4950
708 168 769 245 411

128 364 247 432 obiter
270 386 400 443 moneo,
424 351 572 432 'cancellis
595 371 697 455 eaepei
720 368 772 433 καί
794 405 814 417 -
828 405 848 418 -
868 367 1029 451 νεωτέρων,
1049 388 1124 433 cum
1145 389 1208 434 non
1230 388 1336 454 euper-

128 493 246 538 vacna
275 477 401 537 tantum
425 475 488 537 eint
511 474 564 538 aed
589 482 620 539 et
644 477 878 541 sententiarum
894 495 1014 538 nexum
1039 474 1278 558 perturbanda,
1304 479 1336 540 et

128 579 254 644 addidi
278 581 346 643 aci:
369 580 603 645 anacoluthiam
627 584 732 664 enim,
756 579 860 665 qualia
884 586 933 644 eet
956 582 990 644 τί
1015 583 1170 659 νεώτερος,
1196 581 1336 661 πρεσβύ-

129 708 226 765 τερος
262 685 359 750 τύπον
389 684 446 762 μέν
478 688 535 750 είσι
561 700 645 763 κτλ,
672 687 821 770 equidem
845 686 929 770 apud
952 689 1182 772 grammaticos
1208 706 1337 774 graecae

129 791 287 881 nondum
318 791 440 857 offendi.
487 792 540 856 Ad
571 794 785 879 Porphyrium
811 798 848 855 ut
872 792 1016 869 redeam,
1041 812 1103 856 non
1127 796 1233 880 magia
1258 796 1339 858 vitio

131 904 232 963 caret
252 897 407 977 ἀντιφέρει
427 898 440 959 ὁ
462 895 496 971 έξ
516 899 655 969 ἐναντίας
676 902 716 978 τῷ
738 899 857 978 φέροντι
876 899 1043 977 ἀποφέρων
1064 900 1098 961 τὸ
1120 899 1192 965 ἴσον.
1217 897 1336 964 Verum

133 1004 278 1089 quidem
304 1018 352 1069 eet
375 999 419 1067 ὅτι
444 1004 600 1082 ἀντιφέρει
624 1005 636 1067 ὁ
661 1004 848 1082 ἀντιφέρων,
873 1004 927 1068 eed
950 1005 1076 1069 fatuum
1103 1024 1170 1069 ease
1193 1010 1337 1088 oportet,

135 1113 200 1195 qni
221 1107 415 1194 profiteatur.
450 1109 522 1174 Non
541 1109 682 1176 multum
703 1110 854 1194 praesidii
873 1116 920 1174 eet
940 1111 974 1173 in
993 1108 1134 1175 Veneto:
1148 1109 1334 1192 ἀντιφερίζει

135 1217 172 1280 δὲ
199 1219 216 1279 ο*
243 1250 263 1264 -
284 1216 543 1299 -ἀντιφερίζων,
572 1215 626 1280 aed
650 1223 758 1303 tamen
782 1215 918 1301 aliquid3
943 1214 1114 1302 legendum
1138 1220 1225 1281 enim
1251 1217 1339 1283 vido·

137 1333 219 1387 tur:
244 1322 298 1386 ιιαί
331 1319 591 1401 ἀντιφερίζει
623 1324 637 1384 d
663 1321 696 1397 ἐξ
720 1323 861 1394 ἐναντίας
885 1324 926 1403 τῷ
950 1324 1071 1404 φέροντι
1096 1322 1278 1403 ἀποφέρων
1301 1322 1337 1387 τὸ

138 1429 222 1495 ἴσον.
258 1427 478 1513 interpretatio
500 1432 585 1492 enim
610 1430 705 1495 verbo
728 1430 931 1511 ἀντιφερίζειν
954 1433 1060 1518 magia
1080 1433 1244 1507 convenit,
1265 1450 1340 1515 quo·

139 1559 223 1604 cum
256 1538 417 1621 componit
447 1533 644 1615 ἰσοφαρίζειν.
690 1535 727 1600 In
759 1535 883 1601 ultimis
915 1536 1043 1601 malim:
1071 1538 1159 1603 τὸδὲ
1184 1538 1261 1602 αὐτὸ
1286 1537 1338 1601 καί

139 1643 278 1725 ίσοφαρί
286 1642 367 1723 ζειν
402 1641 505 1719 λέγει,
531 1642 594 1716 ἤτοι
626 1642 688 1706 ἀτὸ
719 1648 778 1707 τῶν
809 1640 960 1724 φερόντων
990 1642 1115 1708 ἐναντία
1146 1644 1224 1732 (τά)
1254 1640 1340 1708 ὅπλα

140 1767 231 1828 κτλ,
258 1751 320 1815 etei
342 1769 468 1832 prorsus
491 1749 598 1814 eadem
624 1756 719 1832 atque
738 1753 772 1813 in
792 1750 906 1815 noetrie
925 1753 959 1815 in
977 1749 1093 1817 Veneti
1113 1771 1237 1835 quoque
1249 1757 1340 1815 textu

141 1857 316 1946 leguntur.

192 2095 224 2150 ι,
250 2070 328 2137 278.
374 2069 445 2136 Non
470 2070 599 2136 deorum
626 2075 729 2147 metu,
764 2107 796 2119 —
821 2070 1039 2157 Polyphemus
1064 2073 1129 2156 ait,
1155 2108 1196 2120 -
1222 2073 1282 2138 tibi
1306 2093 1342 2138 ac

140 2179 246 2246 eociie
269 2199 447 2263 parcerem,

729 2285 755 2349 εί
780 2286 824 2362 μὴ
848 2284 940 2360 danda
964 2308 1005 2361 με
1029 2285 1159 2350 κελεύοι.

314 2390 402 2456 ἀλλά
426 2414 477 2466 ριοι
502 2389 564 2468 εἴφ’
591 2389 650 2470 dap
672 2390 765 2471 ἔσχες
790 2391 839 2454 thr
864 2390 993 2470 εὐεργέα
1016 2399 1093 2470 νῆα,

314 2500 330 2572 ἥ
355 2521 412 2562 που
437 2498 486 2561 ἐπ’
512 2498 662 2578 ἐσχατιῆς
687 2499 704 2572 ἢ
729 2497 782 2561 καί
806 2496 937 2577 σχεδόν,
961 2496 1042 2577 Ιίφρα
1067 2497 1167 2565 δαείω.

132 2607 198 2674 ‘Ad
218 2604 286 2670 'hoe
309 2625 432 2689 quoque
455 2625 564 2669 verane
587 2607 752 2691 ingeniosa
774 2604 952 2669 observatio
975 2609 1040 2669 eet:
1061 2606 1238 2685 πανούργως
1258 2606 1346 2685 ἀναν

141 2712 266 2779 ἐλπίδα
291 2713 374 2781 αιἰτῶ
399 2708 574 2787 ὑποβοίλλει
597 2712 829 2791 φιλανθρωπίας
852 2709 983 2785 οἰόμενος
1003 2710 1054 2774 3ιά
1075 2713 1184 2777 τούτου
1202 2711 1344 2791 προάξειν

142 2818 246 2885 αὐτὸν
279 2817 328 2880 έπί
360 2818 415 2889 τὴν
446 2817 592 2889 ἀλιὶίειαν
619 2816 687 2894 περί
722 2816 824 2903 (codd.
855 2815 924 2892 έπί,
950 2817 1084 2881 correxit
1116 2817 1255 2904 Buttm.)
1290 2829 1346 2895 τῆς

141 2930 234 2996 νεώς.
271 2922 371 3002 διόπερ
401 2921 467 2988 οὐδὲ
499 2920 602 3002 ἥψατο
634 2929 691 2987 τῶν
725 2923 848 2999 ἑταίρων
880 2920 957 3003 ἀχρι
990 2923 1074 3005 μάίρ
1107 2924 1193 2989 πόσοι
1220 2925 1295 2989 είσίν
1317 2927 1344 2991 οἱ
1405 2991 1409 2999 ,

142 3029 469 3104 συνακολουθήσαντες
502 3031 595 3107 αὐτῷ.
620 3029 673 3093 οὐκ
705 3033 750 3105 ria
759 3029 794 3108 ρί
802 3029 827 3105 β
836 3053 907 3092 ωσε
932 3029 963 3093 δὲ
987 3030 1022 3092 τὸ
1047 3037 1101 3103 τῆς
1127 3032 1269 3110 πονηρίας
1294 3031 1346 3097 oroi

143 3141 205 3213 *risa
230 3137 393 3215 ἀκρίβειαν
417 3133 474 3208 τῆς
496 3137 674 3215 ἐρωτήσεως.
701 3135 733 3199 τί
757 3136 820 3215 γὰρ
848 3133 881 3208 ἦν
898 3119 1055 3216 ’χρήσιμον
1079 3134 1129 3200 ἵνα
1141 3137 1243 3220 μάίρ,
1257 3137 1345 3224 (HQ)

143 3245 344 3330 Suspectum
368 3243 449 3307 mihi
473 3245 595 3325 cetaria
621 3242 789 3321 ἠκρίβωσε,
814 3247 846 3307 et
868 3244 944 3325 quia
966 3244 1019 3307 οὐκ
1041 3243 1192 3323 ἢκρίβωσε
1216 3244 1267 3308 διὰ
1291 3247 1347 3319 rer

143 3350 317 3430 ἀκρίβειαν
339 3352 420 3414 mire
443 3349 566 3414 dictum
587 3349 728 3427 videtur,
750 3347 805 3414 ned
826 3351 967 3413 maxime
987 3352 1061 3433 quia
1082 3350 1223 3415 multum
1238 3372 1346 3416 vereor

145 3467 187 3527 ut
213 3456 360 3535 ἀκριβοῦν
382 3456 416 3520 id
439 3453 615 3543 significet,
640 3456 724 3541 quod
747 3457 902 3520 sententia
926 3461 1033 3539 aperte
1056 3455 1183 3543 flagitat
1204 3465 1242 3522 ut
1263 3458 1349 3524 dica·

145 3573 216 3632 tur.
254 3565 376 3629 Auctor
405 3583 491 3627 emm
523 3562 582 3627 hoc
615 3560 694 3626 vult.
730 3557 867 3647 chlope
898 3561 974 3626 ficta
996 3561 1195 3629 humanitate
1219 3561 1347 3630 Ulixem

144 3673 299 3756 decipere
332 3674 481 3745 conatur,
517 3674 554 3733 ut
578 3669 623 3732 eic
646 3668 821 3752 comperiat
843 3668 899 3732 ubi
922 3667 1018 3732 huius
1041 3671 1131 3734 navia
1154 3669 1187 3733 in
1211 3672 1347 3735 statione

145 3781 203 3846 eit.
255 3776 300 3841 At
330 3775 509 3862 malignum
542 3776 611 3839 ciue
642 3773 810 3838 consilium
844 3799 886 3822 -0-
917 3774 993 3856 quid
1017 3771 1140 3860 igitur?
1175 3774 1347 3857 „Succeeeu

145 3882 298 3957 aaruit‚”
336 3888 403 3947 erat
437 3881 626 3955 dicendum,
662 3882 789 3964 opinor;
824 3884 859 3944 τὸ
895 3887 949 3954 τῆς
986 3880 1129 3960 πονηρίας
1167 3879 1348 3963 ἔσφαλται,
1451 3891 1454 3895 ’

144 3992 345 4072 ἧμάρτιρται.
392 3989 463 4053 Iam
486 4008 561 4056 vero
585 3986 743 4071 quomodo
765 3986 824 4051 hoc
848 3989 880 4050 et
903 3988 1006 4051 active
1030 3992 1062 4051 et
1086 4007 1160 4050 oum
1182 3990 1350 4075 negatione

142 4092 346 4169 dicendum?
377 4095 455 4158 Mihi
486 4091 613 4179 quidem
648 4093 783 4158 arridet:
821 4093 860 4157 οὐ
895 4090 1134 4171 κατάρίωσε
1166 4093 1196 4158 δὲ
1229 4096 1264 4160 τὸ
1295 4103 1350 4170 τῆς

141 4205 299 4284 πονηρίας
331 4201 383 4266 aaa
406 4203 461 4276 τὴν
484 4199 645 4279 ἀκρίβειαν
668 4210 723 4274 τῆς
748 4200 937 4283 ἐρωτήσεως,
961 4199 1143 4283 quodcum
1168 4221 1350 4286 reponerem
1469 4200 1473 4207 ’

140 4311 338 4402 cogitabam
363 4312 395 4372 et
419 4309 624 4372 notissimum
648 4305 742 4372 illum
770 4326 896 4372 versum
922 4325 941 4370 a
964 4304 1179 4372 Demosthene
1203 4310 1349 4392 citatum,
