2978 4950
711 176 776 254 364

152 432 155 444 .
193 368 226 453 ά,
261 374 337 442 191.
370 376 502 452 Φοιίνιιες
533 376 747 458 δολιχήρετμοι
776 379 944 463 exponitur
967 375 1043 460 quid
1067 370 1245 461 significet:
1270 390 1326 450 με·

146 491 233 560 κριοῖς
268 484 385 554 νεάτοις
420 483 580 565 χρώμενοι.
619 487 636 558 ἢ
672 482 710 549 ὧν
745 489 761 558 ά
793 485 979 559 κωτνλοισίοι
1010 483 1132 554 νεοινιιιίι
1164 479 1326 560 καὶμέχρι

147 594 291 665 ποταμοῦ
323 590 526 655 διατείνουσα.
559 589 641 677 (EQ)
666 591 850 656 Absurdum
874 595 921 655 est
945 587 1040 671 μέχρι
1064 591 1222 665 ποταμοῦ.
1246 585 1327 652 Butt-

147 716 283 760 mannus
311 699 446 762 coniecit
477 697 571 778 μέχρι
605 697 813 776 τορρωτάτουι
838 697 985 779 volebat,
1010 695 1120 772 credo,
1145 693 1325 771 πορρωτάτω.

148 799 254 867 Possis
285 806 402 867 etism:
434 803 529 882 μέχρι
560 807 747 868 ὠκεανοῦ.
782 803 883 867 Paulo
913 802 1007 868 aliter
1030 802 1116 866 idem
1141 800 1324 866 adiectirum

148 911 316 994 exponitur
337 912 371 974 in
396 908 423 973 Τ
448 910 489 975 ad
512 912 527 974 ί
553 910 636 986 369,
657 913 889 990 δολιχήρετμοιῑ
911 909 1041 988 δολιχάς
1063 907 1147 979 itote
1168 907 1324 978 διωνάοιτιι

149 1017 202 1078 κοί
234 1018 277 1092 μά
311 1016 553 1093 κάμνοντες,
579 1022 595 1091 ἢ
622 1019 731 1100 δολιχῇ
757 1020 856 1100 ἐρεσίρι
882 1018 1121 1091 κάμνοντες.
1168 1012 1324 1084 Monemur

148 1120 289 1186 codicem
313 1122 428 1188 habere
452 1124 556 1206 άρεσίρι
580 1123 677 1209 (App.
701 1145 730 1207 p.
748 1122 841 1208 776),
863 1123 946 1208 quod
965 1121 1048 1186 nihil
1069 1119 1159 1185 aliud
1178 1126 1227 1185 est
1241 1140 1322 1204 qnam

148 1230 302 1307 χρωφιιιίν
326 1229 468 1311 σφάλμα
489 1251 529 1295 ex
547 1233 757 1295 recentiorum
781 1231 1036 1316 pronuntiatione
1055 1225 1261 1311 repetendum
1278 1243 1323 1310 pro

148 1334 316 1417 είρεσίρι.
364 1335 486 1400 Utilius
521 1340 553 1401 in
586 1338 692 1401 codice
724 1336 810 1401 aliud
841 1335 972 1401 verbum
996 1341 1159 1419 repertum
1183 1329 1322 1397 vellemus

149 1461 205 1525 pro
240 1440 338 1507 altero
373 1445 559 1519 κάμνοντες,
595 1444 678 1529 quod
712 1447 780 1508 siue
809 1443 1027 1507 'controversia
1057 1438 1246 1509 mendosum
1274 1442 1320 1502 eet

150 1547 314 1626 Quomodo
334 1552 429 1629 ‚enirn
461 1550 558 1615 iidem
590 1551 732 1614 homines
763 1549 978 1631 δολιχήρετμοι
1002 1547 1065 1611 dici
1086 1550 1219 1630 possunt
1240 1541 1320 1609 simul

147 1658 184 1717 ut
216 1653 384 1730 κάμνοντες
417 1663 449 1721 et
478 1662 514 1721 nt
549 1658 593 1732 μὴ
630 1656 823 1733 κάμνοντεςί
848 1655 1045 1740 Quapropter
1069 1653 1121 1717 hic
1144 1651 1231 1715 idem
1251 1647 1319 1734 qnod

147 1763 272 1845 saepius
303 1764 444 1846 suspicor
475 1763 614 1846 factum,
640 1769 676 1827 ut
699 1767 870 1848 repetitum
896 1761 1064 1839 κάμνοντες
1090 1778 1201 1824 verum
1225 1777 1260 1822 ac
1280 1775 1319 1820 ne

145 1869 320 1932 cessarium
352 1868 485 1933 verbum
518 1872 704 1952 extruserit,
737 1868 819 1954 quod
852 1869 916 1933 fere
946 1886 1006 1931 non
1032 1864 1213 1930 aliudesse
1234 1867 1320 1947 polest

146 1992 258 2056 quam:
294 1974 311 2048 ἢ
346 1973 455 2056 δολιχῇ
487 1975 621 2058 είρεσίρι
651 1979 858 2055 χρώμενοι.
890 1972 954 2038 cfr.
979 1972 1018 2038 ud
1044 1972 1062 2036 ὃ
1087 1968 1170 2039 781:
1197 1976 1318 2052 'dcvii

146 2077 260 2162 είρεσίρι
281 2080 446 2158 χράμενοι;
471 2081 528 2167 (sic
549 2081 864 2168 interpungendum.)
888 2079 1002 2156 κίσμοιι
1016 2080 1111 2161 χάριν
1135 2075 1230 2162 (nv),
1253 2092 1317 2160 quae

145 2191 336 2269 repetuntur
359 2207 397 2250 ex
422 2185 449 2250 ll
472 2186 511 2251 ad
536 2189 550 2249 ί
576 2185 628 2250 52.

192 2400 224 2478 ί,
259 2399 333 2465 196.
366 2400 512 2466 Minerva
543 2401 581 2466 de
613 2401 700 2467 disco
732 2403 771 2466 ab
804 2400 898 2467 Ulixe
922 2404 1033 2466 misso:
1062 2400 1128 2465 ἐπεὶ
1154 2401 1217 2466 οὔτι
1239 2420 1314 2477 μεμε

108 2588 110 2592 y
145 2506 258 2585 χμένον
284 2508 364 2571 ἐστίν
390 2508 628 2588 ίμίλῳ,Ηάλλά
653 2508 732 2570 πολὺ
757 2511 881 2587 πρῶτον.
930 2507 1011 2573 Cum
1035 2506 1095 2571 hoe
1119 2505 1265 2571 lemmate
1283 2500 1313 2565 l':

146 2617 198 2680 οὐκ
218 2615 248 2677 ἕν
269 2617 310 2693 τῷ
332 2615 438 2687 atrides
459 2621 516 2676 τῶν
537 2615 683 2689 σημείων,
706 2616 793 2677 ἄλλοι
815 2615 859 2677 δι’
881 2615 978 2677 adri
1001 2615 1016 2687 ἦ
1043 2619 1113 2676 τοῦ
1140 2613 1313 2691 προῦχειν

145 2723 256 2785 πολύ.
294 2721 332 2784 In
366 2722 415 2784 his
447 2723 499 2784 οὐκ
535 2721 574 2784 ad
599 2727 693 2805 caput
718 2725 890 2785 sententiae
914 2726 997 2784 recte
1021 2721 1132 2783 reiecit
1157 2718 1310 2787 Prelleruo

144 2850 217 2893 eum
250 2830 281 2891 in
314 2828 419 2892 codice
449 2831 587 2913 positum
612 2829 654 2891 sit
676 2835 745 2912 post
769 2835 826 2891 τῶν
851 2829 1003 2903 σημείων,
1029 2825 1098 2889 loco
1122 2826 1252 2889 minime
1273 2841 1312 2903 op·

145 2941 296 3018 portun0;
323 2937 427 2997 minus
453 2942 535 2997 recte
560 2934 648 3009 feeit,
674 2956 747 2998 cum
771 2938 808 3005 ὠς
831 2937 884 2997 οὐκ
908 2935 937 2996 ἐν
962 2935 1003 3012 τῷ
1025 2947 1096 2997 κτλ.
1118 2932 1222 2996 ederet
1234 2929 1309 3013 (App.

145 3063 172 3126 p.
208 3040 302 3124 775),
334 3060 395 3124 qua
427 3041 459 3103 in
484 3061 515 3102 re
540 3043 607 3103 iure
632 3061 705 3103 eum
730 3040 868 3104 deseruit
894 3037 1085 3103 Dindortius.
1134 3037 1221 3101 Idem
1245 3030 1310 3098 Prel-

143 3147 227 3211 lerus
262 3146 424 3210 malesana
454 3148 486 3208 in
517 3149 604 3209 exitu
629 3144 789 3232 glossulas
812 3167 873 3209 non
897 3149 1004 3230 inepte
1027 3148 1226 3230 procuravit,
1256 3156 1310 3205 cum

143 3259 346 3338 proponeret:
372 3253 434 3324 ἤτοι
460 3249 590 3330 τροῦχον
615 3252 705 3314 τινά.
753 3253 928 3317 Praestabit
952 3261 1080 3335 tamen,
1106 3255 1139 3315 ni
1165 3249 1308 3315 lallor:-·

145 3360 233 3425 σίλλίι
259 3358 304 3422 δι’
329 3360 426 3422 αὐτὸ
454 3358 517 3422 ἘΚ
541 3363 593 3422 τοῦ
619 3358 764 3439 προῦχειν
789 3361 879 3423 πολύ.

190 3575 223 3656 ά,
259 3571 335 3634 201.
374 3570 481 3634 Ulixes
513 3572 645 3634 notoria
677 3571 778 3634 laetus
815 3573 866 3633 axi
907 3571 979 3634 τίτε
1024 3571 1208 3650 κουφότερον
1240 3589 1308 3645 μετε-

144 3680 242 3757 Φώνεε
268 3677 460 3752 Φαιήκεσσιν.
496 3676 561 3740 Vox
583 3678 760 3756 κουφότερον
781 3682 884 3742 varias
906 3679 1028 3761 peperit
1048 3678 1308 3762 interpretatione.

143 3782 321 3868 Exponitur
352 3786 385 3846 in
418 3782 459 3846 T:
493 3782 702 3860 τοιτεινίτερον
736 3787 751 3856 ἦ
777 3785 958 3865 πρριίτερον·
988 3783 1176 3859 άτοάέμενος
1201 3776 1307 3860 γάρτῷ

144 3890 194 3952 ἐστὶ
218 3892 259 3968 τῷ
285 3891 386 3953 ὀνείδει
410 3889 530 3966 βάρει
557 3888 606 3951 διά
632 3897 685 3961 τῆς
720 3888 856 3968 πράξεως
885 3892 1181 3969 ε’νοιρμέοτερος
1205 3889 1306 3966 ἐγένετο.

145 3996 161 4066 ἢ
199 3993 468 4077 άλοιζονικάτερος,
507 3996 614 4072 captas
651 3998 691 4073 τῷ
727 3997 808 4075 φίλῳ
843 3997 894 4058 uxi
928 4007 964 4076 τῇ
999 4000 1073 4076 vlup.
1126 3996 1214 4060 Unde
1243 3987 1312 4056 nobie

145 4100 272 4165 dativus
294 4105 335 4180 τῷ
360 4100 472 4179 βάρειί
497 4101 557 4180 Qui
577 4104 604 4164 si
624 4104 794 4188 corrigitur
811 4106 842 4166 in
867 4107 1078 4167 necessarium
1103 4105 1317 4168 accusativum.

146 4226 184 4269 ne
217 4214 291 4269 tunc
320 4208 447 4290 quidem
480 4210 555 4270 satis
587 4209 809 4291 perspicietur,
840 4209 913 4294 quid
941 4210 1001 4275 sibi
1026 4211 1123 4276 velit:
1149 4208 1249 4272 Ulixes
1266 4199 1320 4264 lli?-

146 4320 200 4387 τῆς
226 4311 361 4391 πράξεως
388 4313 598 4390 ἐννργέττερις
625 4314 755 4390 ἐγένετο.
793 4315 835 4378 Ῑίι
860 4316 932 4380 hino
958 4320 1064 4401 aptius
1091 4317 1218 4380 verbum
1237 4325 1350 4374 eruat-
