2978 4950
700 176 767 250 348

145 368 261 455 ίερὴα
296 373 363 437 καί
401 374 666 461 ὀνειροπόλον)
701 378 747 454 ὥς
784 373 942 440 attacta.
1000 372 1084 440 Oum
1120 372 1232 439 iisdem
1261 370 1307 438 ierc

145 482 251 548 verbis
281 486 392 545 utatur
426 480 623 546 Aristonicus
647 484 686 546 ad
711 481 821 546 Iliadis
851 481 956 546 locum
981 483 1014 545 in
1041 482 1191 546 omuibus
1216 482 1308 545 nostn's

146 587 306 652 adlatum:
343 591 360 661 ἡ
385 587 495 660 διπλῆ,
521 587 567 653 ὅτι
591 589 703 665 μοίντις
727 596 872 672 γενικῶς,
897 590 991 666 ίερεὺς
1018 587 1048 652 δὲ
1074 588 1127 651 καί
1152 585 1308 664 ὄνειροπίλις

145 695 280 770 εἰδικῶς,
313 694 376 768 είθη
403 691 558 770 μοίντεαν,
584 705 690 760 nostra
714 717 837 780 quoque
863 697 1039 759 Aristonico
1063 694 1237 758 adscribere
1258 680 1309 756 aa‘a·

146 803 207 865 tori
230 821 292 865 non
315 800 453 864 nimium
481 801 584 865 audax
608 802 730 866 facinus
754 802 922 866 videbitur.
972 798 1038 865 Cur
1061 799 1235 864 exciderint
1252 819 1309 882 quaa

147 908 325 971 coniectura
355 907 485 982 reduxi,
518 928 612 972 causa
642 911 675 971 in
706 910 811 992 aprico
844 910 945 992 posita
968 913 1026 971 est.
1075 905 1188 971 Restat
1210 912 1244 968 nt
1263 924 1308 968 no

145 1035 256 1089 neam,
288 1012 326 1077 da
357 1032 433 1078 voce
464 1016 663 1083 κατακλῶθες
695 1013 855 1099 duplicem
884 1015 958 1078 ferri
987 1014 1191 1077 sententiam.
1235 1009 1307 1074 linat

146 1122 199 1204 qui
232 1121 427 1184 coniunctim
459 1120 632 1184 scriberent
664 1126 759 1204 atque
786 1122 1069 1205 interpretarentur
1093 1120 1133 1197 ‚ai
1158 1114 1305 1185 ἐπικλίσει

146 1232 205 1290 τῶν
239 1230 374 1308 Μοιρῶν,
406 1225 488 1309 quod
520 1226 670 1291 exhibent
704 1225 865 1310 Apollonii
895 1227 1033 1291 Lexicon
1063 1230 1095 1291 at
1118 1223 1193 1289 ME.
1216 1222 1306 1288 Barac

58 1386 61 1391 .
146 1334 290 1413 sianum,
326 1338 415 1395 erant
448 1335 504 1416 qni
538 1333 716 1398 dividerent
749 1352 785 1398 ac
814 1334 1077 1418 praepositionem
1112 1328 1305 1395 traherenttd

146 1459 279 1522 sequens
309 1440 447 1512 νὴσαντο.
497 1438 534 1503 In
566 1440 624 1504 hac
655 1446 744 1524 parte
773 1438 870 1505 fuisse
893 1439 984 1504 credo
1008 1443 1041 1503 st
1063 1439 1305 1502 Aristonicunct

145 1542 387 1619 Aristarchum,
419 1564 492 1607 nam
524 1544 646 1610 nullam
677 1545 769 1610 video
796 1566 944 1621 cansam,
967 1565 1024 1608 cnr
1045 1541 1234 1608 scholiorum
1253 1561 1304 1607 uos

145 1655 266 1715 trorum
288 1649 484 1725 ultimanon
505 1634 584 1715 item
607 1672 642 1716 ac
661 1655 764 1737 priora
783 1652 964 1718 Aristonico
984 1653 1213 1715 continuemus.
1237 1646 1304 1728 Quod

146 1758 172 1820 si
197 1763 263 1834 est,
289 1761 337 1824 bis
361 1759 395 1820 in
416 1755 442 1819 E
466 1756 596 1822 divisim
621 1758 821 1823 scribendum
846 1759 953 1823 κατὰ
977 1758 1138 1827 κλῶθεε.

192 1994 228 2051 η,
253 1967 329 2033 206.
355 1966 445 2033 Dicit
466 1968 625 2034 Nausicaa

552 2076 620 2139 ε’πεί
642 2082 748 2155 σφισιν
773 2076 859 2162 (diis)
882 2075 1013 2155 ἐγγύθεν
1036 2076 1140 2154 είμέν,

280 2181 379 2262 ὥσπερ
404 2181 573 2252 Κύκλωπές
597 2205 632 2246 πε
657 2182 709 2246 καί
735 2180 832 2262 ίιγρια
855 2188 946 2262 Φῦλα
970 2181 1138 2260 Γιγοίνταν.

144 2289 263 2356 Extitit
294 2291 409 2383 horum
445 2310 595 2354 versuum
626 2291 802 2373 antiquitus
833 2292 1051 2376 interpretatio
1083 2290 1179 2366 salsa,
1210 2283 1307 2370 duplici

144 2400 247 2460 torma
277 2402 437 2481 concepta.
485 2393 594 2460 Altera
620 2402 667 2460 est
693 2399 725 2459 in
747 2395 821 2461 BT:
852 2405 1014 2474 συγγενεῖς
1038 2395 1100 2474 γοίρ
1125 2397 1216 2473 ἐσμεν
1236 2392 1305 2464 θεῶν,

144 2507 182 2574 ὡς
209 2505 234 2567 οί
259 2502 424 2572 Κύκλωπες
450 2508 507 2565 τῶν
531 2503 698 2578 Γιγοίντιον.
726 2499 823 2581 ὅμοροι
851 2505 914 2581 γὰρ
939 2501 1033 2579 οὗτοι,
1059 2505 1075 2577 ἡ
1101 2501 1199 2581 ἄμφω
1221 2498 1306 2566 ἄδικοι,

144 2620 176 2675 et
208 2615 240 2673 in
272 2609 399 2689 BEQ'P:
432 2591 762 2689 ayxrcrrdopo'yap
796 2613 899 2680 αι’·τοῖς
930 2612 1015 2673 κατὰ
1048 2609 1152 2691 γένος,
1186 2601 1307 2681 ὥσπερὴ

145 2719 312 2786 Κύκλωπες
337 2717 388 2779 καί
413 2719 438 2780 οἱ
463 2717 613 2792 Γίγαντες
639 2718 786 2789 οίλλὴλοις
811 2719 1064 2799 ἀγχιστεύονσιν.
1096 2714 1236 2779 Alteram
1253 2727 1308 2773 vern

144 2825 262 2890 habent
296 2822 452 2901 BEPQV:
485 2822 501 2894 ἡ
534 2820 631 2899 ὥσπερ
663 2824 828 2893 Κύκλωπες
862 2826 913 2887 καί
947 2826 1099 2901 Γίγαντες
1125 2823 1221 2900 ἔγγὺς
1244 2816 1309 2883 κατὰ

145 2932 249 3009 γένος,
281 2935 298 3006 ἡ
329 2934 414 2992 κατοί
447 2929 555 3004 τόπον,
589 2929 606 3003 ἡ
639 2931 724 2992 κατὰ
749 2930 886 3002 οίθικίαν,
912 2927 988 2994 οὕτω
1013 2929 1065 2993 καὶ
1091 2931 1181 3005 ἡμεῖς
1205 2923 1309 2998 πλησίοι

144 3043 219 3110 θεοῖς
250 3037 334 3102 κατὰ
366 3035 576 3111 δικαιοσύνην,
611 3041 643 3098 et
665 3035 793 3100 brevius
816 3037 914 3100 iidem
939 3036 1040 3115 BnQ:
1076 3035 1092 3108 ἡ
1118 3035 1203 3099 καποὶ
1225 3030 1308 3111 γένος,

146 3147 161 3219 ἡ
188 3146 272 3209 κατὰ
295 3144 432 3219 ἀδικίαν,
459 3141 534 3206 οὕτω
558 3143 611 3205 καὶ
633 3145 720 3219 ἡμεῖς
743 3145 827 3206 κατοὶ
847 3143 1045 3215 δικαιοσύνην.
1072 3141 1309 3207 Praetereamus

146 3253 172 3331 Q
203 3252 241 3317 ad
276 3252 395 3316 lemma
419 3249 594 3324 Γιγοίνπωντ
620 3246 717 3328 ὅμοροι
742 3251 851 3332 (codex
875 3245 984 3326 ὅμοιοι,
1011 3249 1092 3333 quod
1119 3248 1309 3312 Buttmannut

146 3361 266 3443 optime
290 3359 436 3440 correxit)
461 3356 525 3433 γὰρ
550 3352 639 3420 οὖτοι.
661 3361 677 3431 ἡ
700 3356 744 3420 ἔτι
766 3356 865 3436 οίμφω
890 3356 985 3420 ἄδικοι
1006 3356 1197 3434 ὑπάρχουσιν
1220 3352 1308 3429 ὅμοιοι,

146 3464 220 3529 οὕτω
246 3465 297 3528 καί
324 3467 410 3537 ἡμεῖς
437 3464 509 3532 θεοῖς
535 3464 661 3532 πλησίον
686 3465 768 3526 κατα
795 3462 1013 3539 δικαιολογίαν.
1052 3461 1255 3525 Manifestum
1275 3459 1309 3519 eit

146 3572 197 3636 vel
233 3593 272 3635 ex
307 3571 402 3643 odra,
430 3570 510 3654 quod
547 3568 627 3632 nihil
660 3570 755 3633 habet
786 3574 836 3634 cui
870 3570 1070 3654 respondeat,
1104 3570 1181 3633 haec
1210 3580 1309 3651 qnoque

145 3679 259 3744 lacuna
281 3677 421 3742 laborare
446 3682 572 3760 propter
595 3676 819 3749 ὁμοιοσέλεντον
843 3686 927 3754 orta,
952 3699 1008 3741 nec
1032 3676 1168 3740 dubium
1191 3693 1252 3738 esso
1270 3687 1307 3753 po·

145 3791 223 3867 test,
257 3784 413 3868 quomodo
443 3780 620 3846 deficientia
653 3783 828 3868 supplenda
859 3787 930 3846 sint.
980 3782 1185 3868 Legendum‚
1208 3782 1309 3843 mnata

146 3890 243 3954 simul
279 3890 545 3973 interpunctione:
583 3885 679 3967 ίμοροι
714 3890 776 3969 γίιρ
808 3887 903 3965 οὗτοι,
937 3888 953 3962 ἡ
985 3887 1030 3951 ὅτι
1064 3886 1164 3968 οίμφιο
1188 3885 1308 3950 ἄδικοι.

147 3998 178 4081 (ἡ
213 3994 339 4074 ὥσπερ
376 3997 593 4066 Κύκλωπες
630 3997 695 4059 καί
732 3999 937 4074 Γίγαντες
975 3996 991 4068 ἡ
1026 3995 1133 4058 κοντοὶ
1168 3986 1308 4070 pavori

146 4107 232 4167 κατ’
256 4103 433 4184 ἀδικίαν)
461 4103 650 4179 ὑποίρχονοιν
681 4099 792 4184 ὅμοιοι,
818 4100 893 4165 οὕτω
917 4101 968 4164 καί
995 4102 1080 4176 ἡμεῖς
1108 4102 1181 4170 θεοῖς
1205 4094 1310 4168 πλησίον

146 4211 231 4273 κατὰ
268 4208 485 4284 δικαιολογίαν.
546 4209 674 4274 Partem
710 4214 776 4274 veri
813 4210 896 4273 vidit
939 4206 1125 4290 Buttmanni
1160 4206 1309 4293 saguntus·

145 4314 241 4382 ἄδικοι
267 4318 299 4379 in
324 4316 638 4399 attemptandum
664 4338 729 4381 esse
753 4317 916 4379 censentis.
