2978 4950
668 204 733 276 333

41 408 195 478 δηλοῖ
219 400 271 473 τίιν
294 399 463 479 προαίρεσιν
487 398 539 462 καί
564 397 652 464 πθθεν
677 400 888 479 παραγίνεται
912 400 964 464 καί
990 402 1022 466 τί
1044 400 1214 482 βούλεται,
1240 393 1294 463 εἷθ’

43 509 146 581 οὔτ’
167 533 230 580 ως
263 508 315 574 καί
347 507 388 573 τοὶ
421 505 556 588 μείζονος
581 507 749 587 διηγήσεως
774 506 904 589 ἄρξηται
931 508 1075 586 ,Ἰλιόθεν
1098 532 1139 584 με
1163 505 1294 587 φέρων.”

44 619 110 690 Ne
154 636 309 702 pravam
334 617 368 678 in
392 614 498 692 media
522 615 650 699 periodo
669 618 955 700 interpunctionem
976 615 1026 680 rel
1046 617 1152 700 potius
1172 612 1295 677 nullam
1361 631 1366 639 ·

45 736 257 812 tangam,
289 722 365 807 quid
398 724 440 784 eit
471 725 530 783 τῶν
562 720 758 799 πραγμάτων
791 723 997 796 ἐπιθυμήσωσι
1021 720 1168 808 intellegi
1192 723 1295 804 potest

46 829 258 900 collatum
294 831 314 893 i.
339 850 367 894 a.
397 849 470 893 cum
502 831 559 904 iis,
595 849 675 913 quae
707 829 745 893 ad
777 853 798 905 γ
833 828 897 894 184
922 829 1120 894 dictasunt:
1145 825 1293 904 ἐμβαλὼν

48 942 103 1010 είς
143 936 336 1012 ἐπιθυμίαν
359 941 417 1000 τῶν
440 935 552 1000 νθστων
575 935 626 999 τὸν
650 937 820 1013 ἐκροατιίν,
848 935 923 1021 quid
948 939 991 1000 eit
1013 943 1071 1000 τῶν
1096 932 1294 1014 πραγμάτων

50 1045 261 1120 ἐπιθυμεῖν
292 1041 335 1106 σοὶ
367 1039 525 1120 ιιεγίμενα
558 1041 704 1126 equidem
730 1041 819 1106 nullo
842 1049 934 1126 pacto
958 1062 1068 1128 capere
1091 1061 1237 1127 possum,
1262 1042 1295 1102 et

50 1159 96 1218 ut
148 1149 230 1215 alii
260 1149 417 1214 feliciores
447 1151 511 1213 sint
544 1147 685 1213 multum
717 1169 837 1213 vereor.
873 1148 983 1234 Neque
1012 1151 1115 1235 magis
1138 1147 1294 1228 dixerim,

51 1257 181 1324 unde
218 1255 252 1320 in
282 1256 385 1320 fronte
416 1255 550 1339 pendeat
580 1254 752 1320 relativum
779 1251 854 1332 θσο,
882 1294 922 1304 -
947 1254 1157 1320 exclamative
1180 1271 1294 1339 ponere

54 1361 300 1430 scholiastae
317 1382 378 1426 non
400 1360 519 1437 solent,
535 1367 623 1425 —et
642 1363 675 1424 in
696 1360 756 1427 fine
777 1363 997 1426 coniunctivae
1016 1359 1156 1439 ἄρξηται.
1179 1358 1295 1424 Omnes

55 1472 128 1536 has
185 1467 356 1533 molestias
388 1471 503 1554 partim
535 1468 806 1555 interpungendo,
838 1471 954 1553 partim
980 1468 1135 1553 quaedem
1159 1445 1304 1550 interpo'

58 1575 228 1652 nendO,
247 1576 365 1660 partim
391 1575 543 1639 mutando
562 1577 609 1639 ita
629 1573 795 1638 tollamus:
819 1569 913 1658 (θρα)
937 1569 993 1637 θσα
1019 1572 1105 1649 αὔξει
1129 1575 1184 1645 τὴν
1208 1594 1296 1650 προσ-

61 1687 164 1760 οχὴν
220 1680 400 1760 προσδοκίαν
435 1682 566 1755 ἐμποιῶν
708 1679 756 1742 δεῖ
785 1681 847 1760 γίιρ
879 1714 931 1728 --
956 1680 1053 1759 ἑαυτῷ
1085 1679 1143 1756 μὲν
1178 1679 1294 1743 εθνοιοιν

66 1788 318 1864 ἐπισπᾶσθαι,
352 1788 393 1867 τῷ
426 1786 457 1850 δέ
487 1786 570 1865 itys
601 1785 771 1869 προσοχιίν,
796 1783 844 1849 ίνα
868 1786 919 1849 τὸν
943 1788 998 1862 μὲν
1023 1782 1157 1862 λέγοντα
1182 1781 1295 1848 ἀποδί-

68 1891 239 1969 ξοονται,
275 1899 349 1957 τῶν
381 1894 420 1957 δὲ
452 1891 711 1973 πραγμάτων
744 1893 1022 1969 ἐπιθυμήσωσι
1056 1893 1122 1956 καί
1155 1891 1204 1955 τοὶ
1236 1905 1295 1953 λε-

71 1997 177 2077 γθρι
196 2024 269 2063 ονα
292 1998 494 2077 μοίθωσιν,
519 1994 590 2077 θπερ
615 1998 652 2062 δι’
676 1996 746 2062 ὅλου
773 2000 964 2076 ιιατώρθωκεν
990 1997 1171 2067 Ὀδυσσεύς.
1186 1997 1294 2060 ἑαυτὸν

78 2101 135 2180 μὲν
193 2107 296 2189 (γὰρ)
321 2103 487 2174 ἐπαινέσας
513 2139 566 2154 --
589 2104 677 2176 δηλοῖ
696 2105 750 2177 τὴν
775 2107 945 2185 προαίρεσιν
968 2105 1020 2168 καί
1045 2105 1133 2169 πίθεν
1158 2102 1296 2191 παραγί·

81 2230 185 2273 sem
227 2212 277 2276 καί
309 2214 342 2277 τί
371 2211 535 2289 βούλεται,
563 2207 617 2275 είθ’
643 2208 753 2284 οὕτως,
782 2207 907 2298 (ὅπως)
934 2211 1052 2281 selsel
1077 2210 1210 2290 μείζονος
1236 2210 1295 2279 διν-

86 2313 230 2388 γιίοεωο
251 2316 401 2399 ἄρξηται,
430 2316 571 2394 ,Ἰλιόθεν
596 2341 636 2393 με
656 2316 785 2397 φέρων.”
805 2317 895 2392 Quod
916 2319 1009 2381 initio
1031 2313 1083 2396 θρα
1103 2316 1294 2401 interposui,

10 2456 13 2481 ι
53 2422 57 2429 '
89 2415 144 2482 feti
208 2444 243 2489 ex
278 2424 435 2491 constanti
471 2422 720 2489 Scholiastarum
753 2424 997 2501 consuetudine,
1024 2462 1064 2472 -
1096 2423 1296 2488 conferantur

10 2514 14 2561 ῗ
89 2525 199 2589 modo
237 2552 275 2598 ex
306 2529 434 2596 scholiis
465 2531 504 2595 ad
535 2531 619 2594 huno
649 2551 748 2594 unum
780 2529 898 2595 librum
932 2530 970 2595 ad
994 2552 1038 2595 vs.
1067 2529 1125 2594 16:
1151 2525 1204 2606 θρα
1227 2528 1296 2605 μεθ’

88 2617 137 2688 ὅσα
173 2640 240 2698 νῦν
263 2637 370 2703 ἑαυτὸν
395 2638 497 2716 δηλοῖ,
522 2636 643 2702 adres.
666 2634 885 2714 tenetote,
910 2639 1007 2701 etsie
1031 2637 1224 2710 sexcenties,
1252 2671 1293 2682 -

80 2746 118 2896 Z}
143 2741 347 2830 efidemque
370 2744 598 2809 consuetudine
622 2743 729 2821 λέγει,
753 2743 868 2821 ἐποίγει
893 2743 943 2809 vel
968 2745 1072 2808 simile
1096 2742 1172 2828 quid
1196 2744 1294 2807 omit.

116 2854 178 2904 ur.
972 2866 976 2871 ,

108 3064 119 3105 ¹
128 3091 139 3120 ι
188 3054 261 3127 39,
291 3063 344 3129 Ad
370 3061 527 3128 Κιιιθνεσσι
552 3063 739 3128 adnotatur:
764 3063 798 3126 τὸ
824 3069 939 3143 πρῶτον
962 3071 1016 3137 τῆς
1042 3063 1162 3137 πλοίννς
1187 3063 1295 3144 χωρίον
1390 3097 1393 3103 ·

58 3165 328 3248 γινωσκόμενον
360 3169 563 3255 παρέλαβεν,
587 3169 784 3247 ἀξιοπιστίαν
809 3178 870 3241 τοῖς
896 3168 963 3245 ἑξῆς
991 3169 1222 3252 παρεχθμὲνθθ,
1247 3168 1296 3233 7⁹ss

55 3257 121 3378 τᾶν
181 3267 291 3357 ἴχνος
329 3279 413 3341 κατα
450 3281 557 3341 πᾶσαν
587 3278 687 3355 οίρχὶρν
719 3276 872 3358 (ardesco
886 3324 1031 3342 .......
1064 3279 1089 3341 oi
1119 3278 1150 3342 δὲ
1176 3279 1295 3347 Κίκονες

48 3381 162 3437 va
205 3387 278 3460 τὴν
302 3389 352 3448 νῦν
378 3383 560 3463 Μαρώνειαν
583 3383 787 3459 καλουμένην.
803 3382 854 3467 (Τ)
879 3382 1050 3449 Profitetur
1073 3383 1297 3466 LudwichiuS,

44 3481 80 3526 ⁸⁰
108 3486 230 3550 eost
260 3491 414 3573 ζητήσεως
438 3493 601 3576 perspicue
625 3493 658 3554 in
684 3491 790 3555 codice
814 3490 966 3574 scripturn
992 3491 1109 3556 vidisse
1128 3489 1242 3570 αφέλρ.
1268 3491 1298 3570 ¹)

43 3565 241 3660 0⁰¹¹l⁸to
263 3601 339 3664 testi
360 3603 392 3662 et
404 3599 597 3682 peritissimo
609 3618 682 3661 cum
697 3617 757 3660 non
771 3598 894 3662 credere
908 3596 1034 3662 difficile
1048 3599 1106 3673 sit,
1121 3597 1217 3661 codex
1230 3597 1297 3680 ipse

12 3717 16 3723 .
39 3690 328 3800 emetpdatione
351 3703 518 3791 indigebit.
539 3702 701 3767 Sententia
721 3704 805 3766 enim
825 3711 908 3768 recte
929 3711 1091 3789 perspecta
1109 3725 1171 3769 nou
1191 3704 1298 3783 οὶφέιιρ

36 3799 261 3895 re(imm,
286 3810 339 3875 sed
369 3829 495 3894 prorsus
519 3811 733 3886 contrarium,
753 3810 815 3872 nisi
839 3812 910 3892 quis
934 3816 1079 3875 accurate
1103 3812 1243 3897 cogitata
1266 3815 1298 3875 et

37 3885 136 3951 hm
205 3919 391 3982 enunciata
431 3918 593 3981 existimet
627 3915 721 3980 haec:
755 3921 847 3999 poeta
877 3919 1018 4001 primum
1050 3919 1162 3982 erroris
1191 3918 1296 3982 locum

39 3999 202 4075 ¹¹⁰l¹¹¹11
257 4025 422 4110 proponit,
459 4024 590 4087 caeteris
625 4021 719 4087 fidem
752 4023 941 4107 concilians,
971 4031 1004 4086 ct
1035 4047 1116 4087 omne
1146 4030 1298 4105 οωιὶριίιοι

38 4122 104 4183 W
150 4117 285 4194 ῑθίτιιιι
316 4131 427 4195 erroris
459 4130 638 4212 principium
669 4129 856 4213 ιἰιιίαροθὲοιιί
886 4141 1006 4194 nostroe
1029 4131 1186 4195 detrahat!
1217 4129 1299 4210 Quin

57 4254 287 4297 *N

100 4340 133 4406 l)
170 4358 301 4420 ‘Hiatus
319 4365 441 4433 ζντιίσιοις
458 4368 548 4421 kouute
565 4368 603 4419 ich
621 4369 645 4418 in
663 4369 683 4417 Τ
700 4365 780 4434 θιφίλρ
798 4369 858 4418 noch
877 4368 983 4420 deutlich
999 4368 1145 4418 erkeuneu.''
1163 4386 1185 4435 p.
1204 4370 1261 4420 449.
