<?xml version="1.0" encoding="UTF-8"?>
<!DOCTYPE html PUBLIC "-//W3C//DTD XHTML 1.0 Transitional//EN"
    "http://www.w3.org/TR/xhtml1/DTD/xhtml1-transitional.dtd">
<html xmlns="http://www.w3.org/1999/xhtml" xml:lang="en" lang="en">
 <head>
  <title>
</title>
<meta http-equiv="Content-Type" content="text/html;charset=utf-8" />
  <meta name='ocr-system' content='tesseract 3.04.00' />
  <meta name='ocr-capabilities' content='ocr_page ocr_carea ocr_par ocr_line ocrx_word'/>
</head>
<body>
  <div class='ocr_page' id='page_1' title='image "./adodysseameiusq00polagoog_0515.png"; bbox 0 0 2978 4950; ppageno 0'>
   <div class='ocr_carea' id='block_1_1' title="bbox 707 166 774 245">
    <p class='ocr_par' dir='ltr' id='par_1_1' title="bbox 707 166 774 245">
     <span class='ocr_line' id='line_1_1' title="bbox 707 166 774 245; baseline 0 -2"><span class='ocrx_word' id='word_1_1' title='bbox 707 166 774 245; x_wconf 71' lang='lat'><strong>474</strong></span> 
     </span>
    </p>
   </div>
   <div class='ocr_carea' id='block_1_2' title="bbox 144 362 1334 1823">
    <p class='ocr_par' dir='ltr' id='par_1_2' title="bbox 144 362 1334 1823">
     <span class='ocr_line' id='line_1_2' title="bbox 189 362 1329 456; baseline 0.002 -23"><span class='ocrx_word' id='word_1_2' title='bbox 189 362 341 434; x_wconf 79' lang='lat' dir='ltr'><strong>Nondum</strong></span> <span class='ocrx_word' id='word_1_3' title='bbox 365 366 462 431; x_wconf 86' lang='lat' dir='ltr'><strong>unius</strong></span> <span class='ocrx_word' id='word_1_4' title='bbox 484 368 599 451; x_wconf 89' lang='lat' dir='ltr'><strong>capitis</strong></span> <span class='ocrx_word' id='word_1_5' title='bbox 622 365 818 451; x_wconf 74' lang='lat' dir='ltr'><strong>corruptelas</strong></span> <span class='ocrx_word' id='word_1_6' title='bbox 841 367 1089 434; x_wconf 67' lang='lat' dir='ltr'><strong>exundavimus.</strong></span> <span class='ocrx_word' id='word_1_7' title='bbox 1122 366 1218 434; x_wconf 84' lang='lat' dir='ltr'><strong>Plato</strong></span> <span class='ocrx_word' id='word_1_8' title='bbox 1240 368 1329 456; x_wconf 72' lang='lat' dir='ltr'><strong>igitur</strong></span> 
     </span>
     <span class='ocr_line' id='line_1_3' title="bbox 144 470 1329 562; baseline 0 -22"><span class='ocrx_word' id='word_1_9' title='bbox 144 476 264 562; x_wconf 81' lang='lat' dir='ltr'><strong>(pergit</strong></span> <span class='ocrx_word' id='word_1_10' title='bbox 293 495 323 559; x_wconf 89' lang='lat' dir='ltr'><strong>p.</strong></span> <span class='ocrx_word' id='word_1_11' title='bbox 353 470 431 555; x_wconf 81' lang='lat'>150)</span> <span class='ocrx_word' id='word_1_12' title='bbox 461 471 704 538; x_wconf 73' lang='lat' dir='ltr'><strong>maledicentiae</strong></span> <span class='ocrx_word' id='word_1_13' title='bbox 735 475 767 537; x_wconf 92' lang='lat' dir='ltr'><strong>in</strong></span> <span class='ocrx_word' id='word_1_14' title='bbox 791 471 969 539; x_wconf 83' lang='lat' dir='ltr'><strong>Homerum</strong></span> <span class='ocrx_word' id='word_1_15' title='bbox 993 476 1098 540; x_wconf 88' lang='lat' dir='ltr'><strong>iustas</strong></span> <span class='ocrx_word' id='word_1_16' title='bbox 1121 474 1186 540; x_wconf 94' lang='lat' dir='ltr'><strong>luit</strong></span> <span class='ocrx_word' id='word_1_17' title='bbox 1210 495 1329 560; x_wconf 66' lang='lat' dir='ltr'><strong>manaa,</strong></span> 
     </span>
     <span class='ocr_line' id='line_1_4' title="bbox 144 578 1328 663; baseline 0.001 -17"><span class='ocrx_word' id='word_1_18' title='bbox 144 584 175 647; x_wconf 89' lang='grc' dir='ltr'><strong>έν</strong></span> <span class='ocrx_word' id='word_1_19' title='bbox 206 580 348 660; x_wconf 73' lang='grc' dir='ltr'><strong><em>ἐλευθέρῳ</em></strong></span> <span class='ocrx_word' id='word_1_20' title='bbox 380 579 412 643; x_wconf 77' lang='grc' dir='ltr'><strong>δέ</strong></span> <span class='ocrx_word' id='word_1_21' title='bbox 441 582 563 654; x_wconf 79' lang='grc' dir='ltr'><strong><em>σώματι</em></strong></span> <span class='ocrx_word' id='word_1_22' title='bbox 594 579 733 651; x_wconf 77' lang='grc' dir='ltr'><strong><em>δονλικίιν</em></strong></span> <span class='ocrx_word' id='word_1_23' title='bbox 758 578 908 660; x_wconf 84' lang='grc' dir='ltr'><strong><em>νίνέσχετο</em></strong></span> <span class='ocrx_word' id='word_1_24' title='bbox 931 581 1034 663; x_wconf 79' lang='grc' dir='ltr'><strong><em>τύχην</em></strong></span> <span class='ocrx_word' id='word_1_25' title='bbox 1059 584 1114 646; x_wconf 86' lang='grc' dir='ltr'><strong><em>καί</em></strong></span> <span class='ocrx_word' id='word_1_26' title='bbox 1138 585 1236 662; x_wconf 79' lang='grc' dir='ltr'><strong><em>μέχρι</em></strong></span> <span class='ocrx_word' id='word_1_27' title='bbox 1260 583 1328 663; x_wconf 77' lang='grc' dir='ltr'><strong><em>τρέ-</em></strong></span> 
     </span>
     <span class='ocr_line' id='line_1_5' title="bbox 144 682 1329 768; baseline 0.001 -16"><span class='ocrx_word' id='word_1_28' title='bbox 144 713 230 760; x_wconf 79' lang='grc' dir='ltr'><strong><em>σεως.</em></strong></span> <span class='ocrx_word' id='word_1_29' title='bbox 267 687 327 752; x_wconf 72' lang='grc' dir='ltr'><strong>οὐδ’</strong></span> <span class='ocrx_word' id='word_1_30' title='bbox 361 682 405 757; x_wconf 79' lang='grc' dir='ltr'><strong>εἰς</strong></span> <span class='ocrx_word' id='word_1_31' title='bbox 435 687 498 764; x_wconf 73' lang='grc' dir='ltr'><strong>γὰρ</strong></span> <span class='ocrx_word' id='word_1_32' title='bbox 530 688 640 762; x_wconf 78' lang='grc' dir='ltr'><strong><em>οἰγνοεί</em></strong></span> <span class='ocrx_word' id='word_1_33' title='bbox 669 685 720 749; x_wconf 79' lang='grc' dir='ltr'><strong>τὸν</strong></span> <span class='ocrx_word' id='word_1_34' title='bbox 751 685 955 763; x_wconf 72' lang='grc' dir='ltr'><strong><em>Σπαρτιάτην</em></strong></span> <span class='ocrx_word' id='word_1_35' title='bbox 988 688 1122 764; x_wconf 71' lang='grc' dir='ltr'><strong><em>Πόλλιν,</em></strong></span> <span class='ocrx_word' id='word_1_36' title='bbox 1145 683 1169 768; x_wconf 75' lang='grc' dir='ltr'><strong><em>ᾧ</em></strong></span> <span class='ocrx_word' id='word_1_37' title='bbox 1194 688 1270 754; x_wconf 64' lang='grc' dir='ltr'><strong>οὐδ’</strong></span> <span class='ocrx_word' id='word_1_38' title='bbox 1290 691 1329 759; x_wconf 87' lang='grc' dir='ltr'><strong>ιίς</strong></span> 
     </span>
     <span class='ocr_line' id='line_1_6' title="bbox 145 791 1330 873; baseline 0.001 -13"><span class='ocrx_word' id='word_1_39' title='bbox 145 795 332 872; x_wconf 80' lang='grc' dir='ltr'><strong><em>Λιβυκοῦ</em></strong></span> <span class='ocrx_word' id='word_1_40' title='bbox 363 793 485 873; x_wconf 85' lang='grc' dir='ltr'><strong><em>χοίρις</em></strong></span> <span class='ocrx_word' id='word_1_41' title='bbox 511 792 627 857; x_wconf 86' lang='grc' dir='ltr'><strong><em>έλέοω</em></strong></span> <span class='ocrx_word' id='word_1_42' title='bbox 650 791 875 870; x_wconf 76' lang='grc' dir='ltr'><strong><em>σέσωσται,</em></strong></span> <span class='ocrx_word' id='word_1_43' title='bbox 901 794 954 858; x_wconf 87' lang='grc' dir='ltr'><strong><em>καί</em></strong></span> <span class='ocrx_word' id='word_1_44' title='bbox 978 801 1060 871; x_wconf 81' lang='grc' dir='ltr'><strong><em>μνῶν</em></strong></span> <span class='ocrx_word' id='word_1_45' title='bbox 1083 794 1180 861; x_wconf 74' lang='grc' dir='ltr'><strong><em>εἰκοσι</em></strong></span> <span class='ocrx_word' id='word_1_46' title='bbox 1204 794 1330 872; x_wconf 64' lang='lat' dir='ltr'><strong>addace</strong></span> 
     </span>
     <span class='ocr_line' id='line_1_7' title="bbox 145 898 1332 987; baseline 0.001 -19"><span class='ocrx_word' id='word_1_47' title='bbox 145 902 329 982; x_wconf 76' lang='grc' dir='ltr'><strong><em>οἰνίροίτοίον</em></strong></span> <span class='ocrx_word' id='word_1_48' title='bbox 363 900 487 969; x_wconf 77' lang='grc' dir='ltr'><strong><em>ειίτιλίς</em></strong></span> <span class='ocrx_word' id='word_1_49' title='bbox 519 900 656 975; x_wconf 75' lang='grc' dir='ltr'><strong><em>ἐτιμήθη.</em></strong></span> <span class='ocrx_word' id='word_1_50' title='bbox 704 898 920 965; x_wconf 78' lang='lat' dir='ltr'><strong>Emendandis</strong></span> <span class='ocrx_word' id='word_1_51' title='bbox 954 903 1061 966; x_wconf 86' lang='lat' dir='ltr'><strong>verbis</strong></span> <span class='ocrx_word' id='word_1_52' title='bbox 1091 905 1332 987; x_wconf 73' lang='lat' dir='ltr'><strong>comparemus</strong></span> 
     </span>
     <span class='ocr_line' id='line_1_8' title="bbox 146 1004 1332 1093; baseline 0.001 -21"><span class='ocrx_word' id='word_1_53' title='bbox 146 1005 167 1092; x_wconf 78' lang='grc' dir='ltr'><em>ᾧ</em></span> <span class='ocrx_word' id='word_1_54' title='bbox 190 1048 231 1059; x_wconf 92' lang='grc'><strong>--</strong></span> <span class='ocrx_word' id='word_1_55' title='bbox 251 1009 404 1073; x_wconf 83' lang='grc' dir='ltr'><strong><em>σέσωσται</em></strong></span> <span class='ocrx_word' id='word_1_56' title='bbox 429 1005 566 1090; x_wconf 78' lang='lat' dir='ltr'><strong>praeivit</strong></span> <span class='ocrx_word' id='word_1_57' title='bbox 589 1004 751 1070; x_wconf 83' lang='lat' dir='ltr'><strong>Mehlerus</strong></span> <span class='ocrx_word' id='word_1_58' title='bbox 774 1006 851 1071; x_wconf 89' lang='lat' dir='ltr'><strong>haec</strong></span> <span class='ocrx_word' id='word_1_59' title='bbox 874 1007 1058 1092; x_wconf 90' lang='lat' dir='ltr'><strong>disputans:</strong></span> <span class='ocrx_word' id='word_1_60' title='bbox 1083 1029 1190 1093; x_wconf 78' lang='lat' dir='ltr'><strong>„quae</strong></span> <span class='ocrx_word' id='word_1_61' title='bbox 1210 1028 1332 1093; x_wconf 79' lang='lat' dir='ltr'><strong>aequm·</strong></span> 
     </span>
     <span class='ocr_line' id='line_1_9' title="bbox 146 1108 1331 1202; baseline -0.005 -18"><span class='ocrx_word' id='word_1_62' title='bbox 146 1127 200 1184; x_wconf 90' lang='lat' dir='ltr'><strong>tur</strong></span> <span class='ocrx_word' id='word_1_63' title='bbox 223 1118 361 1202; x_wconf 82' lang='lat' dir='ltr'><strong>pessime</strong></span> <span class='ocrx_word' id='word_1_64' title='bbox 386 1112 495 1177; x_wconf 86' lang='lat' dir='ltr'><strong>habita</strong></span> <span class='ocrx_word' id='word_1_65' title='bbox 519 1110 690 1186; x_wconf 88' lang='lat' dir='ltr'><strong>vocabula,</strong></span> <span class='ocrx_word' id='word_1_66' title='bbox 714 1114 761 1176; x_wconf 89' lang='lat' dir='ltr'><strong>ita</strong></span> <span class='ocrx_word' id='word_1_67' title='bbox 784 1111 856 1176; x_wconf 83' lang='lat' dir='ltr'><strong>fort.</strong></span> <span class='ocrx_word' id='word_1_68' title='bbox 881 1121 1013 1198; x_wconf 72' lang='lat' dir='ltr'><strong>possum</strong></span> <span class='ocrx_word' id='word_1_69' title='bbox 1034 1114 1218 1180; x_wconf 85' lang='lat' dir='ltr'><strong>emendari:</strong></span> <span class='ocrx_word' id='word_1_70' title='bbox 1237 1108 1258 1195; x_wconf 74' lang='grc' dir='ltr'><strong><em>ᾧ</em></strong></span> <span class='ocrx_word' id='word_1_71' title='bbox 1278 1115 1331 1178; x_wconf 67' lang='grc' dir='ltr'><strong>ὅσα</strong></span> 
     </span>
     <span class='ocr_line' id='line_1_10' title="bbox 146 1216 1334 1301; baseline -0.006 -10"><span class='ocrx_word' id='word_1_72' title='bbox 146 1224 240 1291; x_wconf 83' lang='grc' dir='ltr'><strong><em>λενίων</em></strong></span> <span class='ocrx_word' id='word_1_73' title='bbox 271 1221 411 1298; x_wconf 80' lang='grc' dir='ltr'><strong><em>Λιβυκοῦ</em></strong></span> <span class='ocrx_word' id='word_1_74' title='bbox 442 1217 536 1299; x_wconf 75' lang='grc' dir='ltr'><strong><em>χάριν</em></strong></span> <span class='ocrx_word' id='word_1_75' title='bbox 560 1217 644 1282; x_wconf 81' lang='grc' dir='ltr'><strong><em>ἕλέοο</em></strong></span> <span class='ocrx_word' id='word_1_76' title='bbox 668 1216 831 1281; x_wconf 89' lang='grc' dir='ltr'><strong><em>σέσωσται.</em></strong></span> <span class='ocrx_word' id='word_1_77' title='bbox 880 1217 943 1298; x_wconf 83' lang='lat' dir='ltr'><strong>Qui</strong></span> <span class='ocrx_word' id='word_1_78' title='bbox 966 1222 1054 1284; x_wconf 84' lang='lat' dir='ltr'><strong>enim</strong></span> <span class='ocrx_word' id='word_1_79' title='bbox 1077 1220 1219 1286; x_wconf 85' lang='lat' dir='ltr'><strong>redemit</strong></span> <span class='ocrx_word' id='word_1_80' title='bbox 1240 1241 1258 1284; x_wconf 83' lang='lat' dir='ltr'><strong>a</strong></span> <span class='ocrx_word' id='word_1_81' title='bbox 1278 1240 1334 1301; x_wconf 63' lang='lat' dir='ltr'><strong>serg</strong></span> 
     </span>
     <span class='ocr_line' id='line_1_11' title="bbox 147 1322 1332 1410; baseline -0.003 -13"><span class='ocrx_word' id='word_1_82' title='bbox 147 1335 252 1396; x_wconf 92' lang='lat' dir='ltr'><strong>vitute</strong></span> <span class='ocrx_word' id='word_1_83' title='bbox 287 1327 469 1400; x_wconf 74' lang='lat' dir='ltr'><strong>Platonem,</strong></span> <span class='ocrx_word' id='word_1_84' title='bbox 512 1326 677 1389; x_wconf 81' lang='lat' dir='ltr'><strong>Anniceria</strong></span> <span class='ocrx_word' id='word_1_85' title='bbox 712 1323 775 1388; x_wconf 81' lang='lat' dir='ltr'><strong>fnit</strong></span> <span class='ocrx_word' id='word_1_86' title='bbox 806 1322 1018 1410; x_wconf 80' lang='lat' dir='ltr'><strong>Gyrenaeun”</strong></span> <span class='ocrx_word' id='word_1_87' title='bbox 1071 1325 1250 1404; x_wconf 80' lang='lat' dir='ltr'><strong>Similiter,</strong></span> <span class='ocrx_word' id='word_1_88' title='bbox 1285 1327 1332 1392; x_wconf 85' lang='lat' dir='ltr'><strong>aad</strong></span> 
     </span>
     <span class='ocr_line' id='line_1_12' title="bbox 146 1429 1334 1525; baseline -0.006 -20"><span class='ocrx_word' id='word_1_89' title='bbox 146 1440 253 1525; x_wconf 77' lang='lat' dir='ltr'><strong>magis</strong></span> <span class='ocrx_word' id='word_1_90' title='bbox 276 1437 309 1499; x_wconf 90' lang='lat' dir='ltr'><strong>ni</strong></span> <span class='ocrx_word' id='word_1_91' title='bbox 334 1431 428 1497; x_wconf 88' lang='lat' dir='ltr'><strong>fallor</strong></span> <span class='ocrx_word' id='word_1_92' title='bbox 450 1431 624 1496; x_wconf 86' lang='lat' dir='ltr'><strong>secundum</strong></span> <span class='ocrx_word' id='word_1_93' title='bbox 649 1429 816 1496; x_wconf 86' lang='lat' dir='ltr'><strong>literarum</strong></span> <span class='ocrx_word' id='word_1_94' title='bbox 840 1434 945 1516; x_wconf 86' lang='lat' dir='ltr'><strong>apices</strong></span> <span class='ocrx_word' id='word_1_95' title='bbox 968 1431 1195 1518; x_wconf 86' lang='lat' dir='ltr'><strong>Heraclitiquc</strong></span> <span class='ocrx_word' id='word_1_96' title='bbox 1216 1452 1334 1499; x_wconf 79' lang='lat' dir='ltr'><strong>cenem·</strong></span> 
     </span>
     <span class='ocr_line' id='line_1_13' title="bbox 148 1533 1334 1624; baseline -0.006 -16"><span class='ocrx_word' id='word_1_97' title='bbox 148 1546 291 1610; x_wconf 86' lang='lat' dir='ltr'><strong>tudinem</strong></span> <span class='ocrx_word' id='word_1_98' title='bbox 321 1542 389 1624; x_wconf 86' lang='lat' dir='ltr'><strong>ipae</strong></span> <span class='ocrx_word' id='word_1_99' title='bbox 421 1539 626 1603; x_wconf 83' lang='lat' dir='ltr'><strong>correxerim:</strong></span> <span class='ocrx_word' id='word_1_100' title='bbox 660 1534 722 1601; x_wconf 78' lang='grc' dir='ltr'><strong>οὐδ’</strong></span> <span class='ocrx_word' id='word_1_101' title='bbox 754 1533 796 1608; x_wconf 86' lang='grc' dir='ltr'><strong>εἰς</strong></span> <span class='ocrx_word' id='word_1_102' title='bbox 829 1538 892 1618; x_wconf 77' lang='grc' dir='ltr'><strong>γιίρ</strong></span> <span class='ocrx_word' id='word_1_103' title='bbox 921 1542 1033 1615; x_wconf 74' lang='grc' dir='ltr'><strong><em>οἰχνοεί</em></strong></span> <span class='ocrx_word' id='word_1_104' title='bbox 1060 1538 1114 1602; x_wconf 76' lang='lat' dir='ltr'><strong>rba</strong></span> <span class='ocrx_word' id='word_1_105' title='bbox 1140 1537 1334 1617; x_wconf 69' lang='grc' dir='ltr'><strong><em>Σπαρτιάτην</em></strong></span> 
     </span>
     <span class='ocr_line' id='line_1_14' title="bbox 147 1641 1333 1733; baseline -0.003 -19"><span class='ocrx_word' id='word_1_106' title='bbox 147 1652 263 1717; x_wconf 75' lang='grc' dir='ltr'><strong><em>Πόλλιν</em></strong></span> <span class='ocrx_word' id='word_1_107' title='bbox 307 1641 328 1727; x_wconf 78' lang='grc' dir='ltr'><em>ᾧ</em></span> <span class='ocrx_word' id='word_1_108' title='bbox 371 1643 700 1729; x_wconf 66' lang='lat' dir='ltr'><strong>(debuissem),</strong></span> <span class='ocrx_word' id='word_1_109' title='bbox 744 1642 807 1708; x_wconf 76' lang='lat' dir='ltr'><strong>ott·</strong></span> <span class='ocrx_word' id='word_1_110' title='bbox 843 1647 882 1716; x_wconf 82' lang='grc' dir='ltr'><strong>ιίς</strong></span> <span class='ocrx_word' id='word_1_111' title='bbox 918 1647 1058 1722; x_wconf 80' lang='grc' dir='ltr'><strong><em>Λιβυκοῦ</em></strong></span> <span class='ocrx_word' id='word_1_112' title='bbox 1097 1646 1333 1733; x_wconf 29' lang='grc' dir='ltr'><strong><em>χιίρινιέλέον</em></strong></span> 
     </span>
     <span class='ocr_line' id='line_1_15' title="bbox 147 1757 310 1823; baseline -0.043 0"><span class='ocrx_word' id='word_1_113' title='bbox 147 1757 310 1823; x_wconf 86' lang='grc' dir='ltr'><strong><em>σέσωσται.</em></strong></span> 
     </span>
    </p>
   </div>
   <div class='ocr_carea' id='block_1_3' title="bbox 145 1961 1335 2483">
    <p class='ocr_par' dir='ltr' id='par_1_3' title="bbox 145 1961 1335 2483">
     <span class='ocr_line' id='line_1_16' title="bbox 193 1961 1335 2053; baseline -0.004 -18"><span class='ocrx_word' id='word_1_114' title='bbox 193 1969 230 2039; x_wconf 84' lang='lat' dir='ltr'><strong>O.</strong></span> <span class='ocrx_word' id='word_1_115' title='bbox 254 1966 372 2035; x_wconf 82' lang='lat' dir='ltr'>LXXV</span> <span class='ocrx_word' id='word_1_116' title='bbox 398 1967 440 2053; x_wconf 88' lang='lat' dir='ltr'><strong>(p.</strong></span> <span class='ocrx_word' id='word_1_117' title='bbox 470 1964 561 2042; x_wconf 85' lang='lat'>151):</span> <span class='ocrx_word' id='word_1_118' title='bbox 589 1961 755 2052; x_wconf 69' lang='lat' dir='ltr'><strong>(instigate</strong></span> <span class='ocrx_word' id='word_1_119' title='bbox 775 1963 908 2031; x_wconf 88' lang='lat' dir='ltr'><strong>Platone</strong></span> <span class='ocrx_word' id='word_1_120' title='bbox 927 1965 1114 2033; x_wconf 86' lang='lat' dir='ltr'><strong>Heraclitus</strong></span> <span class='ocrx_word' id='word_1_121' title='bbox 1133 1966 1188 2033; x_wconf 89' lang='lat' dir='ltr'><strong>vel</strong></span> <span class='ocrx_word' id='word_1_122' title='bbox 1201 1968 1335 2034; x_wconf 75' lang='lat' dir='ltr'><strong>acerbius</strong></span> 
     </span>
     <span class='ocr_line' id='line_1_17' title="bbox 145 2069 1333 2162; baseline -0.006 -18"><span class='ocrx_word' id='word_1_123' title='bbox 145 2080 180 2144; x_wconf 89' lang='lat' dir='ltr'><strong>in</strong></span> <span class='ocrx_word' id='word_1_124' title='bbox 211 2077 384 2162; x_wconf 76' lang='lat' dir='ltr'><strong>Epicurum</strong></span> <span class='ocrx_word' id='word_1_125' title='bbox 414 2072 585 2138; x_wconf 87' lang='lat' dir='ltr'><strong>invehitur.</strong></span> <span class='ocrx_word' id='word_1_126' title='bbox 618 2074 656 2136; x_wconf 86' lang='lat' dir='ltr'><strong>&#39;O</strong></span> <span class='ocrx_word' id='word_1_127' title='bbox 689 2070 721 2135; x_wconf 72' lang='grc' dir='ltr'><strong>δέ</strong></span> <span class='ocrx_word' id='word_1_128' title='bbox 746 2069 850 2147; x_wconf 77' lang='grc' dir='ltr'><strong><em>Φαίαξ</em></strong></span> <span class='ocrx_word' id='word_1_129' title='bbox 874 2075 1047 2155; x_wconf 76' lang='grc' dir='ltr'><strong><em>Φιλόσοφος</em></strong></span> <span class='ocrx_word' id='word_1_130' title='bbox 1074 2076 1333 2161; x_wconf 78' lang='grc' dir='ltr'><strong><em>[Ἔτίνιουρος],ἰ</em></strong></span> 
     </span>
     <span class='ocr_line' id='line_1_18' title="bbox 145 2176 1333 2262; baseline 0 -15"><span class='ocrx_word' id='word_1_131' title='bbox 145 2195 202 2259; x_wconf 78' lang='grc' dir='ltr'><strong>τῆς</strong></span> <span class='ocrx_word' id='word_1_132' title='bbox 233 2183 335 2257; x_wconf 72' lang='grc' dir='ltr'><strong><em>ἡδονῆς</em></strong></span> <span class='ocrx_word' id='word_1_133' title='bbox 360 2182 390 2244; x_wconf 83' lang='grc' dir='ltr'><strong>έν</strong></span> <span class='ocrx_word' id='word_1_134' title='bbox 414 2188 477 2248; x_wconf 77' lang='grc' dir='ltr'><strong><em>τοῖς</em></strong></span> <span class='ocrx_word' id='word_1_135' title='bbox 502 2179 585 2249; x_wconf 78' lang='grc' dir='ltr'><strong><em>ἰίἰοις</em></strong></span> <span class='ocrx_word' id='word_1_136' title='bbox 608 2179 714 2252; x_wconf 78' lang='grc' dir='ltr'><strong><em>κιίτοις</em></strong></span> <span class='ocrx_word' id='word_1_137' title='bbox 738 2178 894 2262; x_wconf 72' lang='grc' dir='ltr'><strong>γεωργός,</strong></span> <span class='ocrx_word' id='word_1_138' title='bbox 919 2214 973 2229; x_wconf 87' lang='grc'><strong>-·</strong></span> <span class='ocrx_word' id='word_1_139' title='bbox 999 2176 1050 2260; x_wconf 74' lang='grc' dir='ltr'><strong>ἆρ’</strong></span> <span class='ocrx_word' id='word_1_140' title='bbox 1073 2181 1148 2262; x_wconf 85' lang='grc' dir='ltr'><strong>οιίχί</strong></span> <span class='ocrx_word' id='word_1_141' title='bbox 1174 2184 1229 2246; x_wconf 88' lang='grc' dir='ltr'><strong><em>καί</em></strong></span> <span class='ocrx_word' id='word_1_142' title='bbox 1253 2178 1333 2247; x_wconf 69' lang='grc' dir='ltr'><strong><em>ταῦθ’</em></strong></span> 
     </span>
     <span class='ocr_line' id='line_1_19' title="bbox 146 2283 1334 2369; baseline -0.003 -13"><span class='ocrx_word' id='word_1_143' title='bbox 146 2287 168 2360; x_wconf 73' lang='lat' dir='ltr'><strong>t</strong></span> <span class='ocrx_word' id='word_1_144' title='bbox 205 2292 285 2369; x_wconf 78' lang='grc' dir='ltr'><strong><em>μένα</em></strong></span> <span class='ocrx_word' id='word_1_145' title='bbox 320 2290 362 2369; x_wconf 83' lang='grc' dir='ltr'><strong>τῷ</strong></span> <span class='ocrx_word' id='word_1_146' title='bbox 397 2286 457 2366; x_wconf 79' lang='grc' dir='ltr'><strong>βίῳ</strong></span> <span class='ocrx_word' id='word_1_147' title='bbox 492 2283 649 2363; x_wconf 61' lang='lat' dir='ltr'><strong>capitone</strong></span> <span class='ocrx_word' id='word_1_148' title='bbox 683 2285 820 2365; x_wconf 80' lang='grc' dir='ltr'><strong><em>αἰσχρῶς</em></strong></span> <span class='ocrx_word' id='word_1_149' title='bbox 856 2288 1067 2363; x_wconf 77' lang='grc' dir='ltr'><strong><em>ιίγνοιίσας</em></strong></span> <span class='ocrx_word' id='word_1_150' title='bbox 1099 2291 1177 2368; x_wconf 72' lang='grc' dir='ltr'><strong>παρ’</strong></span> <span class='ocrx_word' id='word_1_151' title='bbox 1207 2292 1334 2368; x_wconf 64' lang='lat' dir='ltr'><strong>‘Opim</strong></span> 
     </span>
     <span class='ocr_line' id='line_1_20' title="bbox 147 2390 1334 2483; baseline -0.005 -18"><span class='ocrx_word' id='word_1_152' title='bbox 147 2401 318 2480; x_wconf 82' lang='grc' dir='ltr'><strong><em>κέκλοφεν;</em></strong></span> <span class='ocrx_word' id='word_1_153' title='bbox 356 2393 481 2474; x_wconf 81' lang='lat' dir='ltr'><strong>Quanto</strong></span> <span class='ocrx_word' id='word_1_154' title='bbox 512 2391 616 2456; x_wconf 86' lang='lat' dir='ltr'><strong>acrius</strong></span> <span class='ocrx_word' id='word_1_155' title='bbox 647 2390 745 2455; x_wconf 89' lang='lat' dir='ltr'><strong>simul</strong></span> <span class='ocrx_word' id='word_1_156' title='bbox 765 2402 797 2455; x_wconf 89' lang='lat' dir='ltr'><strong>ct</strong></span> <span class='ocrx_word' id='word_1_157' title='bbox 820 2391 936 2456; x_wconf 87' lang='lat' dir='ltr'><strong>salsius</strong></span> <span class='ocrx_word' id='word_1_158' title='bbox 960 2392 1119 2479; x_wconf 79' lang='lat' dir='ltr'><strong>Epicurus</strong></span> <span class='ocrx_word' id='word_1_159' title='bbox 1145 2393 1334 2483; x_wconf 79' lang='lat' dir='ltr'><strong>significatm</strong></span> 
     </span>
    </p>
   </div>
   <div class='ocr_carea' id='block_1_4' title="bbox 145 2495 1333 4391">
    <p class='ocr_par' dir='ltr' id='par_1_4' title="bbox 145 2495 1333 3752">
     <span class='ocr_line' id='line_1_21' title="bbox 146 2495 1333 2586; baseline -0.007 -14"><span class='ocrx_word' id='word_1_160' title='bbox 146 2509 207 2573; x_wconf 92' lang='lat' dir='ltr'><strong>erit</strong></span> <span class='ocrx_word' id='word_1_161' title='bbox 230 2524 291 2568; x_wconf 93' lang='lat' dir='ltr'><strong>non</strong></span> <span class='ocrx_word' id='word_1_162' title='bbox 315 2502 436 2567; x_wconf 91' lang='lat' dir='ltr'><strong>adiecto</strong></span> <span class='ocrx_word' id='word_1_163' title='bbox 460 2495 605 2562; x_wconf 83' lang='lat' dir='ltr'><strong>nomine!</strong></span> <span class='ocrx_word' id='word_1_164' title='bbox 632 2497 798 2563; x_wconf 89' lang='lat' dir='ltr'><strong>Praeterea</strong></span> <span class='ocrx_word' id='word_1_165' title='bbox 822 2501 978 2574; x_wconf 69' lang='grc' dir='ltr'><strong><em>ἀγνοήσας</em></strong></span> <span class='ocrx_word' id='word_1_166' title='bbox 1002 2522 1105 2585; x_wconf 88' lang='lat' dir='ltr'><strong>neque</strong></span> <span class='ocrx_word' id='word_1_167' title='bbox 1130 2523 1188 2586; x_wconf 90' lang='lat' dir='ltr'><strong>per</strong></span> <span class='ocrx_word' id='word_1_168' title='bbox 1208 2523 1242 2567; x_wconf 88' lang='lat' dir='ltr'><strong>se</strong></span> <span class='ocrx_word' id='word_1_169' title='bbox 1260 2508 1333 2566; x_wconf 82' lang='lat' dir='ltr'><strong>recte</strong></span> 
     </span>
     <span class='ocr_line' id='line_1_22' title="bbox 145 2603 1333 2693; baseline -0.008 -14"><span class='ocrx_word' id='word_1_170' title='bbox 145 2616 241 2679; x_wconf 89' lang='lat' dir='ltr'><strong>habet</strong></span> <span class='ocrx_word' id='word_1_171' title='bbox 264 2618 296 2675; x_wconf 87' lang='lat' dir='ltr'><strong>et</strong></span> <span class='ocrx_word' id='word_1_172' title='bbox 320 2608 401 2673; x_wconf 88' lang='lat' dir='ltr'><strong>alius</strong></span> <span class='ocrx_word' id='word_1_173' title='bbox 424 2603 570 2669; x_wconf 82' lang='lat' dir='ltr'><strong>vocabuli</strong></span> <span class='ocrx_word' id='word_1_174' title='bbox 595 2626 720 2688; x_wconf 87' lang='lat' dir='ltr'><strong>prorsus</strong></span> <span class='ocrx_word' id='word_1_175' title='bbox 744 2607 910 2670; x_wconf 87' lang='lat' dir='ltr'><strong>necessarii</strong></span> <span class='ocrx_word' id='word_1_176' title='bbox 931 2610 1048 2670; x_wconf 88' lang='lat' dir='ltr'><strong>iniuria</strong></span> <span class='ocrx_word' id='word_1_177' title='bbox 1068 2607 1178 2673; x_wconf 89' lang='lat' dir='ltr'><strong>lucum</strong></span> <span class='ocrx_word' id='word_1_178' title='bbox 1200 2616 1333 2693; x_wconf 85' lang='lat' dir='ltr'><strong>occupat.</strong></span> 
     </span>
     <span class='ocr_line' id='line_1_23' title="bbox 145 2711 1333 2797; baseline -0.008 -12"><span class='ocrx_word' id='word_1_179' title='bbox 145 2720 275 2786; x_wconf 81' lang='lat' dir='ltr'><strong>Etenim</strong></span> <span class='ocrx_word' id='word_1_180' title='bbox 307 2718 332 2779; x_wconf 88' lang='lat' dir='ltr'><strong>ei</strong></span> <span class='ocrx_word' id='word_1_181' title='bbox 366 2711 536 2797; x_wconf 85' lang='lat' dir='ltr'><strong>quiequid</strong></span> <span class='ocrx_word' id='word_1_182' title='bbox 562 2712 719 2786; x_wconf 73' lang='grc' dir='ltr'><strong><em>οἰρνοιὶσιις</em></strong></span> <span class='ocrx_word' id='word_1_183' title='bbox 745 2711 913 2791; x_wconf 76' lang='grc' dir='ltr'><strong><em>κέκλοφεν,</em></strong></span> <span class='ocrx_word' id='word_1_184' title='bbox 939 2735 995 2776; x_wconf 88' lang='lat' dir='ltr'><strong>our</strong></span> <span class='ocrx_word' id='word_1_185' title='bbox 1019 2716 1049 2778; x_wconf 91' lang='lat' dir='ltr'><strong>ei</strong></span> <span class='ocrx_word' id='word_1_186' title='bbox 1073 2713 1135 2778; x_wconf 91' lang='lat' dir='ltr'><strong>hoc</strong></span> <span class='ocrx_word' id='word_1_187' title='bbox 1161 2715 1241 2779; x_wconf 92' lang='lat' dir='ltr'><strong>adeo</strong></span> <span class='ocrx_word' id='word_1_188' title='bbox 1264 2717 1333 2778; x_wconf 84' lang='lat' dir='ltr'><strong>vitio</strong></span> 
     </span>
     <span class='ocr_line' id='line_1_24' title="bbox 145 2816 1333 2904; baseline -0.006 -12"><span class='ocrx_word' id='word_1_189' title='bbox 145 2830 206 2891; x_wconf 88' lang='lat' dir='ltr'><strong>erit</strong></span> <span class='ocrx_word' id='word_1_190' title='bbox 235 2816 447 2889; x_wconf 73' lang='lat' dir='ltr'><strong>vertendum?</strong></span> <span class='ocrx_word' id='word_1_191' title='bbox 483 2818 531 2881; x_wconf 90' lang='lat' dir='ltr'><strong>Ne</strong></span> <span class='ocrx_word' id='word_1_192' title='bbox 563 2837 695 2904; x_wconf 83' lang='lat' dir='ltr'><strong>urgeam</strong></span> <span class='ocrx_word' id='word_1_193' title='bbox 729 2817 788 2881; x_wconf 89' lang='lat' dir='ltr'><strong>hoc</strong></span> <span class='ocrx_word' id='word_1_194' title='bbox 813 2819 852 2881; x_wconf 93' lang='lat' dir='ltr'><strong>ab</strong></span> <span class='ocrx_word' id='word_1_195' title='bbox 876 2823 1014 2885; x_wconf 85' lang='lat' dir='ltr'><strong>auctoris</strong></span> <span class='ocrx_word' id='word_1_196' title='bbox 1039 2830 1149 2885; x_wconf 86' lang='lat' dir='ltr'><strong>mente</strong></span> <span class='ocrx_word' id='word_1_197' title='bbox 1176 2821 1333 2886; x_wconf 86' lang='lat' dir='ltr'><strong>abhorrere</strong></span> 
     </span>
     <span class='ocr_line' id='line_1_25' title="bbox 145 2922 1332 3017; baseline -0.005 -19"><span class='ocrx_word' id='word_1_198' title='bbox 145 2933 270 3017; x_wconf 85' lang='lat' dir='ltr'><strong>saepius</strong></span> <span class='ocrx_word' id='word_1_199' title='bbox 295 2946 448 3012; x_wconf 84' lang='lat' dir='ltr'><strong>expressa.</strong></span> <span class='ocrx_word' id='word_1_200' title='bbox 475 2922 552 3005; x_wconf 78' lang='lat' dir='ltr'><strong>(cfr.</strong></span> <span class='ocrx_word' id='word_1_201' title='bbox 579 2945 608 3006; x_wconf 89' lang='lat' dir='ltr'><strong>p.</strong></span> <span class='ocrx_word' id='word_1_202' title='bbox 636 2922 655 2986; x_wconf 89' lang='lat'>6</span> <span class='ocrx_word' id='word_1_203' title='bbox 680 2931 711 2988; x_wconf 89' lang='lat' dir='ltr'><strong>et</strong></span> <span class='ocrx_word' id='word_1_204' title='bbox 740 2923 830 3008; x_wconf 80' lang='lat'><strong>152.)</strong></span> <span class='ocrx_word' id='word_1_205' title='bbox 855 2925 896 2988; x_wconf 79' lang='lat' dir='ltr'><strong>Et</strong></span> <span class='ocrx_word' id='word_1_206' title='bbox 919 2946 1055 3009; x_wconf 87' lang='lat' dir='ltr'><strong>quocum</strong></span> <span class='ocrx_word' id='word_1_207' title='bbox 1078 2928 1332 3015; x_wconf 77' lang='lat' dir='ltr'><strong>coniungenduuu</strong></span> 
     </span>
     <span class='ocr_line' id='line_1_26' title="bbox 147 3028 1332 3117; baseline -0.008 -13"><span class='ocrx_word' id='word_1_208' title='bbox 147 3033 304 3117; x_wconf 84' lang='grc' dir='ltr'><strong><em>αἰσχρῶςί</em></strong></span> <span class='ocrx_word' id='word_1_209' title='bbox 337 3033 434 3096; x_wconf 80' lang='lat' dir='ltr'><strong>Estne</strong></span> <span class='ocrx_word' id='word_1_210' title='bbox 465 3028 619 3107; x_wconf 77' lang='grc' dir='ltr'><strong><em>παρέδωκε</em></strong></span> <span class='ocrx_word' id='word_1_211' title='bbox 643 3031 715 3111; x_wconf 83' lang='lat' dir='ltr'><strong>(sic)</strong></span> <span class='ocrx_word' id='word_1_212' title='bbox 740 3029 898 3109; x_wconf 83' lang='grc' dir='ltr'><strong><em>αἰσχρῶςί</em></strong></span> <span class='ocrx_word' id='word_1_213' title='bbox 922 3052 961 3096; x_wconf 88' lang='lat' dir='ltr'><strong>an</strong></span> <span class='ocrx_word' id='word_1_214' title='bbox 987 3035 1094 3117; x_wconf 85' lang='lat' dir='ltr'><strong>potius</strong></span> <span class='ocrx_word' id='word_1_215' title='bbox 1122 3036 1259 3113; x_wconf 82' lang='grc' dir='ltr'><strong><em>αἰσχρῶς</em></strong></span> <span class='ocrx_word' id='word_1_216' title='bbox 1282 3035 1332 3108; x_wconf 71' lang='lat' dir='ltr'><strong>rip·</strong></span> 
     </span>
     <span class='ocr_line' id='line_1_27' title="bbox 146 3133 1332 3222; baseline -0.003 -18"><span class='ocrx_word' id='word_1_217' title='bbox 146 3139 276 3219; x_wconf 73' lang='grc' dir='ltr'><strong><em>νιήσοιςί</em></strong></span> <span class='ocrx_word' id='word_1_218' title='bbox 301 3162 339 3205; x_wconf 85' lang='lat' dir='ltr'><strong>an</strong></span> <span class='ocrx_word' id='word_1_219' title='bbox 367 3138 500 3214; x_wconf 75' lang='grc' dir='ltr'><strong><em>αἰσχρῶς</em></strong></span> <span class='ocrx_word' id='word_1_220' title='bbox 525 3133 698 3214; x_wconf 76' lang='grc' dir='ltr'><strong><em>κέκλοφινί</em></strong></span> <span class='ocrx_word' id='word_1_221' title='bbox 723 3139 765 3199; x_wconf 78' lang='grc' dir='ltr'><strong>Αἰ</strong></span> <span class='ocrx_word' id='word_1_222' title='bbox 789 3137 930 3220; x_wconf 88' lang='lat' dir='ltr'><strong>primum</strong></span> <span class='ocrx_word' id='word_1_223' title='bbox 956 3138 1101 3222; x_wconf 86' lang='lat' dir='ltr'><strong>ineptum</strong></span> <span class='ocrx_word' id='word_1_224' title='bbox 1129 3150 1196 3218; x_wconf 85' lang='lat' dir='ltr'><strong>est,</strong></span> <span class='ocrx_word' id='word_1_225' title='bbox 1223 3147 1332 3204; x_wconf 78' lang='lat' dir='ltr'><strong>caetera</strong></span> 
     </span>
     <span class='ocr_line' id='line_1_28' title="bbox 145 3241 1331 3324; baseline -0.009 -6"><span class='ocrx_word' id='word_1_226' title='bbox 145 3255 256 3317; x_wconf 89' lang='lat' dir='ltr'><strong>otiosa.</strong></span> <span class='ocrx_word' id='word_1_227' title='bbox 305 3245 471 3308; x_wconf 85' lang='lat' dir='ltr'><strong>Praeterea</strong></span> <span class='ocrx_word' id='word_1_228' title='bbox 501 3261 562 3304; x_wconf 93' lang='lat' dir='ltr'><strong>nou</strong></span> <span class='ocrx_word' id='word_1_229' title='bbox 592 3242 715 3306; x_wconf 88' lang='lat' dir='ltr'><strong>adiecto</strong></span> <span class='ocrx_word' id='word_1_230' title='bbox 739 3245 939 3308; x_wconf 87' lang='lat' dir='ltr'><strong>substantivo</strong></span> <span class='ocrx_word' id='word_1_231' title='bbox 962 3243 1036 3308; x_wconf 90' lang='lat' dir='ltr'><strong>illa:</strong></span> <span class='ocrx_word' id='word_1_232' title='bbox 1063 3241 1084 3308; x_wconf 71' lang='grc' dir='ltr'><em>ἃ</em></span> <span class='ocrx_word' id='word_1_233' title='bbox 1110 3247 1195 3320; x_wconf 82' lang='grc' dir='ltr'><strong><em>μόνα</em></strong></span> <span class='ocrx_word' id='word_1_234' title='bbox 1220 3250 1261 3324; x_wconf 81' lang='grc' dir='ltr'><strong>τῷ</strong></span> <span class='ocrx_word' id='word_1_235' title='bbox 1283 3247 1331 3323; x_wconf 68' lang='lat' dir='ltr'><strong>pilo</strong></span> 
     </span>
     <span class='ocr_line' id='line_1_29' title="bbox 146 3347 1331 3436; baseline -0.006 -14"><span class='ocrx_word' id='word_1_236' title='bbox 146 3357 300 3436; x_wconf 73' lang='grc' dir='ltr'><strong><em>παρέδωκε</em></strong></span> <span class='ocrx_word' id='word_1_237' title='bbox 340 3352 472 3414; x_wconf 87' lang='lat' dir='ltr'><strong>obscure</strong></span> <span class='ocrx_word' id='word_1_238' title='bbox 507 3347 679 3411; x_wconf 88' lang='lat' dir='ltr'><strong>admodum</strong></span> <span class='ocrx_word' id='word_1_239' title='bbox 715 3348 801 3412; x_wconf 89' lang='lat' dir='ltr'><strong>dicta</strong></span> <span class='ocrx_word' id='word_1_240' title='bbox 833 3357 936 3414; x_wconf 88' lang='lat' dir='ltr'><strong>erunt.</strong></span> <span class='ocrx_word' id='word_1_241' title='bbox 983 3349 1263 3418; x_wconf 85' lang='lat' dir='ltr'><strong>Rescribeudum:</strong></span> <span class='ocrx_word' id='word_1_242' title='bbox 1291 3347 1331 3426; x_wconf 85' lang='grc' dir='ltr'><strong>ιίρ’</strong></span> 
     </span>
     <span class='ocr_line' id='line_1_30' title="bbox 146 3452 1331 3544; baseline -0.005 -16"><span class='ocrx_word' id='word_1_243' title='bbox 146 3466 216 3544; x_wconf 87' lang='grc' dir='ltr'><strong>οιίχί</strong></span> <span class='ocrx_word' id='word_1_244' title='bbox 242 3462 294 3524; x_wconf 86' lang='grc' dir='ltr'><strong><em>καί</em></strong></span> <span class='ocrx_word' id='word_1_245' title='bbox 320 3457 407 3520; x_wconf 69' lang='grc' dir='ltr'><strong><em>ταῦθ’</em></strong></span> <span class='ocrx_word' id='word_1_246' title='bbox 431 3452 452 3517; x_wconf 79' lang='grc' dir='ltr'><em>ἃ</em></span> <span class='ocrx_word' id='word_1_247' title='bbox 477 3454 559 3528; x_wconf 79' lang='grc' dir='ltr'><strong><em>μένα</em></strong></span> <span class='ocrx_word' id='word_1_248' title='bbox 582 3457 623 3528; x_wconf 79' lang='grc' dir='ltr'><strong>τῷ</strong></span> <span class='ocrx_word' id='word_1_249' title='bbox 647 3454 707 3532; x_wconf 78' lang='grc' dir='ltr'><strong>βίῳ</strong></span> <span class='ocrx_word' id='word_1_250' title='bbox 732 3454 918 3531; x_wconf 75' lang='grc' dir='ltr'><strong><em>παρέδωκεν</em></strong></span> <span class='ocrx_word' id='word_1_251' title='bbox 945 3459 1084 3536; x_wconf 81' lang='grc' dir='ltr'><strong><em>αἰσχρῶς</em></strong></span> <span class='ocrx_word' id='word_1_252' title='bbox 1104 3461 1251 3537; x_wconf 63' lang='lat' dir='ltr'><strong>circili</strong></span> <span class='ocrx_word' id='word_1_253' title='bbox 1271 3458 1331 3533; x_wconf 77' lang='grc' dir='ltr'><strong>παρ’</strong></span> 
     </span>
     <span class='ocr_line' id='line_1_31' title="bbox 146 3559 1330 3646; baseline -0.008 -11"><span class='ocrx_word' id='word_1_254' title='bbox 146 3570 280 3646; x_wconf 72' lang='grc' dir='ltr'><strong><em>Ὀμήρου</em></strong></span> <span class='ocrx_word' id='word_1_255' title='bbox 306 3564 470 3641; x_wconf 59' lang='lat' dir='ltr'><strong>sinaeum</strong></span> <span class='ocrx_word' id='word_1_256' title='bbox 499 3559 594 3623; x_wconf 80' lang='lat' dir='ltr'><strong>Error</strong></span> <span class='ocrx_word' id='word_1_257' title='bbox 618 3568 654 3623; x_wconf 93' lang='lat' dir='ltr'><strong>ut</strong></span> <span class='ocrx_word' id='word_1_258' title='bbox 674 3562 799 3645; x_wconf 90' lang='lat' dir='ltr'><strong>saepius</strong></span> <span class='ocrx_word' id='word_1_259' title='bbox 820 3564 852 3625; x_wconf 93' lang='lat' dir='ltr'><strong>in</strong></span> <span class='ocrx_word' id='word_1_260' title='bbox 875 3561 1039 3627; x_wconf 88' lang='lat' dir='ltr'><strong>Heraclito</strong></span> <span class='ocrx_word' id='word_1_261' title='bbox 1053 3567 1330 3631; x_wconf 81' lang='lat' dir='ltr'><strong>animaduertimua</strong></span> 
     </span>
     <span class='ocr_line' id='line_1_32' title="bbox 146 3665 808 3752; baseline -0.021 -9"><span class='ocrx_word' id='word_1_262' title='bbox 146 3670 335 3743; x_wconf 87' lang='lat' dir='ltr'><strong>elscuuula</strong></span> <span class='ocrx_word' id='word_1_263' title='bbox 358 3670 432 3752; x_wconf 66' lang='grc' dir='ltr'><strong><em>(οἰχ)</em></strong></span> <span class='ocrx_word' id='word_1_264' title='bbox 458 3666 540 3730; x_wconf 91' lang='lat' dir='ltr'><strong>male</strong></span> <span class='ocrx_word' id='word_1_265' title='bbox 564 3665 688 3749; x_wconf 84' lang='lat' dir='ltr'><strong>expleta</strong></span> <span class='ocrx_word' id='word_1_266' title='bbox 712 3674 808 3731; x_wconf 87' lang='lat' dir='ltr'><strong>ortus.</strong></span> 
     </span>
    </p>

    <p class='ocr_par' dir='ltr' id='par_1_5' title="bbox 147 3765 1328 4287">
     <span class='ocr_line' id='line_1_33' title="bbox 192 3765 1328 3860; baseline -0.002 -15"><span class='ocrx_word' id='word_1_267' title='bbox 192 3783 230 3845; x_wconf 93' lang='lat' dir='ltr'><strong>lu</strong></span> <span class='ocrx_word' id='word_1_268' title='bbox 254 3783 294 3843; x_wconf 86' lang='lat' dir='ltr'><strong>iis</strong></span> <span class='ocrx_word' id='word_1_269' title='bbox 318 3795 397 3860; x_wconf 89' lang='lat' dir='ltr'><strong>quae</strong></span> <span class='ocrx_word' id='word_1_270' title='bbox 421 3776 530 3836; x_wconf 85' lang='lat' dir='ltr'><strong>stetim</strong></span> <span class='ocrx_word' id='word_1_271' title='bbox 555 3781 740 3856; x_wconf 90' lang='lat' dir='ltr'><strong>sequuntur:</strong></span> <span class='ocrx_word' id='word_1_272' title='bbox 769 3765 790 3837; x_wconf 84' lang='grc' dir='ltr'><strong>οἰ</strong></span> <span class='ocrx_word' id='word_1_273' title='bbox 814 3775 877 3853; x_wconf 73' lang='grc' dir='ltr'><strong>γὰρ</strong></span> <span class='ocrx_word' id='word_1_274' title='bbox 900 3774 1069 3849; x_wconf 78' lang='grc' dir='ltr'><strong><em>Ὀδυσσεὺς</em></strong></span> <span class='ocrx_word' id='word_1_275' title='bbox 1093 3780 1251 3858; x_wconf 76' lang='grc' dir='ltr'><strong><em>ὑποκρίσιι</em></strong></span> <span class='ocrx_word' id='word_1_276' title='bbox 1271 3778 1328 3855; x_wconf 73' lang='grc' dir='ltr'><strong>παρ’</strong></span> 
     </span>
     <span class='ocr_line' id='line_1_34' title="bbox 147 3879 1325 3967; baseline 0 -14"><span class='ocrx_word' id='word_1_277' title='bbox 147 3888 281 3964; x_wconf 77' lang='grc' dir='ltr'><strong><em>Ἀλκίνῳ</em></strong></span> <span class='ocrx_word' id='word_1_278' title='bbox 305 3885 348 3958; x_wconf 66' lang='grc' dir='ltr'><strong>μέν</strong></span> <span class='ocrx_word' id='word_1_279' title='bbox 373 3887 486 3959; x_wconf 47' lang='lat' dir='ltr'><strong>Quove?</strong></span> <span class='ocrx_word' id='word_1_280' title='bbox 510 3879 666 3954; x_wconf 54' lang='grc' dir='ltr'><strong>ἐψεύσατο</strong></span> <span class='ocrx_word' id='word_1_281' title='bbox 690 3885 795 3942; x_wconf 53' lang='grc' dir='ltr'><strong>ταῦτα</strong></span> <span class='ocrx_word' id='word_1_282' title='bbox 814 3884 851 3951; x_wconf 71' lang='grc' dir='ltr'><strong>ὥς</strong></span> <span class='ocrx_word' id='word_1_283' title='bbox 874 3883 1030 3953; x_wconf 66' lang='grc' dir='ltr'><strong><em>ἀληθεύων</em></strong></span> <span class='ocrx_word' id='word_1_284' title='bbox 1052 3886 1244 3967; x_wconf 70' lang='grc' dir='ltr'><strong><em>ἀπεφήνατο</em></strong></span> <span class='ocrx_word' id='word_1_285' title='bbox 1256 3890 1325 3953; x_wconf 69' lang='lat' dir='ltr'><strong>ctu&lt;</strong></span> 
     </span>
     <span class='ocr_line' id='line_1_35' title="bbox 147 3985 1323 4078; baseline -0.001 -21"><span class='ocrx_word' id='word_1_286' title='bbox 147 3995 234 4074; x_wconf 65' lang='lat' dir='ltr'><strong>dioc,</strong></span> <span class='ocrx_word' id='word_1_287' title='bbox 268 3992 384 4053; x_wconf 89' lang='lat' dir='ltr'><strong>vitium</strong></span> <span class='ocrx_word' id='word_1_288' title='bbox 417 3995 464 4050; x_wconf 86' lang='lat' dir='ltr'><strong>est</strong></span> <span class='ocrx_word' id='word_1_289' title='bbox 496 3988 528 4047; x_wconf 87' lang='lat' dir='ltr'><strong>in</strong></span> <span class='ocrx_word' id='word_1_290' title='bbox 556 3985 660 4048; x_wconf 88' lang='lat' dir='ltr'><strong>verbis</strong></span> <span class='ocrx_word' id='word_1_291' title='bbox 684 3988 728 4058; x_wconf 82' lang='grc' dir='ltr'><strong><em>μίι</em></strong></span> <span class='ocrx_word' id='word_1_292' title='bbox 753 3994 884 4070; x_wconf 82' lang='grc' dir='ltr'><strong><em>φρονῶν,</em></strong></span> <span class='ocrx_word' id='word_1_293' title='bbox 910 4009 966 4072; x_wconf 89' lang='lat' dir='ltr'><strong>pro</strong></span> <span class='ocrx_word' id='word_1_294' title='bbox 991 3992 1111 4074; x_wconf 90' lang='lat' dir='ltr'><strong>quibus</strong></span> <span class='ocrx_word' id='word_1_295' title='bbox 1136 3996 1323 4078; x_wconf 83' lang='lat' dir='ltr'><strong>participium</strong></span> 
     </span>
     <span class='ocr_line' id='line_1_36' title="bbox 147 4093 1321 4184; baseline 0.001 -20"><span class='ocrx_word' id='word_1_296' title='bbox 147 4102 319 4183; x_wconf 85' lang='lat' dir='ltr'><strong>requiritur</strong></span> <span class='ocrx_word' id='word_1_297' title='bbox 355 4093 438 4156; x_wconf 92' lang='lat' dir='ltr'><strong>uude</strong></span> <span class='ocrx_word' id='word_1_298' title='bbox 476 4093 628 4168; x_wconf 80' lang='grc' dir='ltr'><strong><em>ὑποκρίσει</em></strong></span> <span class='ocrx_word' id='word_1_299' title='bbox 658 4093 811 4175; x_wconf 86' lang='lat' dir='ltr'><strong>pendeat,</strong></span> <span class='ocrx_word' id='word_1_300' title='bbox 842 4100 999 4174; x_wconf 78' lang='grc' dir='ltr'><strong><em>χρώμενος</em></strong></span> <span class='ocrx_word' id='word_1_301' title='bbox 1032 4098 1085 4163; x_wconf 86' lang='lat' dir='ltr'><strong>vel</strong></span> <span class='ocrx_word' id='word_1_302' title='bbox 1120 4101 1228 4166; x_wconf 87' lang='lat' dir='ltr'><strong>simile</strong></span> <span class='ocrx_word' id='word_1_303' title='bbox 1248 4096 1321 4184; x_wconf 65' lang='lat' dir='ltr'><strong>quid·</strong></span> 
     </span>
     <span class='ocr_line' id='line_1_37' title="bbox 149 4199 1036 4287; baseline -0.005 -19"><span class='ocrx_word' id='word_1_304' title='bbox 149 4204 230 4287; x_wconf 92' lang='lat' dir='ltr'><strong>quod</strong></span> <span class='ocrx_word' id='word_1_305' title='bbox 255 4210 362 4265; x_wconf 87' lang='lat' dir='ltr'><strong>tamen</strong></span> <span class='ocrx_word' id='word_1_306' title='bbox 387 4199 512 4281; x_wconf 86' lang='lat' dir='ltr'><strong>saepius</strong></span> <span class='ocrx_word' id='word_1_307' title='bbox 536 4200 716 4279; x_wconf 86' lang='lat' dir='ltr'><strong>quaesitum</strong></span> <span class='ocrx_word' id='word_1_308' title='bbox 742 4200 859 4264; x_wconf 84' lang='lat' dir='ltr'><strong>frustra</strong></span> <span class='ocrx_word' id='word_1_309' title='bbox 882 4205 1036 4284; x_wconf 85' lang='lat' dir='ltr'><strong>quaesivi.</strong></span> 
     </span>
    </p>

    <p class='ocr_par' dir='ltr' id='par_1_6' title="bbox 195 4303 1318 4391">
     <span class='ocr_line' id='line_1_38' title="bbox 195 4303 1318 4391; baseline -0.005 -16"><span class='ocrx_word' id='word_1_310' title='bbox 195 4307 309 4376; x_wconf 81' lang='lat' dir='ltr'><strong>Versus</strong></span> <span class='ocrx_word' id='word_1_311' title='bbox 340 4305 412 4369; x_wconf 86' lang='lat' dir='ltr'><strong>illos</strong></span> <span class='ocrx_word' id='word_1_312' title='bbox 442 4304 556 4387; x_wconf 86' lang='lat' dir='ltr'><strong>quibus</strong></span> <span class='ocrx_word' id='word_1_313' title='bbox 580 4303 740 4369; x_wconf 82' lang='lat' dir='ltr'><strong>luxuriam</strong></span> <span class='ocrx_word' id='word_1_314' title='bbox 766 4305 892 4372; x_wconf 83' lang='lat' dir='ltr'><strong>extollit</strong></span> <span class='ocrx_word' id='word_1_315' title='bbox 915 4308 1003 4384; x_wconf 76' lang='grc' dir='ltr'><strong><em>λέγει</em></strong></span> <span class='ocrx_word' id='word_1_316' title='bbox 1027 4310 1221 4390; x_wconf 75' lang='grc' dir='ltr'><strong><em>Ὀδυσσεύς,</em></strong></span> <span class='ocrx_word' id='word_1_317' title='bbox 1243 4306 1318 4391; x_wconf 61' lang='lat' dir='ltr'><strong>cdxl</strong></span> 
     </span>
    </p>
   </div>
   <div class='ocr_carea' id='block_1_5' title="bbox 0 0 1498 4950">
    <p class='ocr_par' dir='ltr' id='par_1_7' title="bbox 0 0 1498 4950">
     <span class='ocr_line' id='line_1_39' title="bbox 0 0 1498 4950; baseline 0 0"><span class='ocrx_word' id='word_1_318' title='bbox 0 0 1498 4950; x_wconf 95' lang='lat' dir='ltr'><strong> </strong></span> 
     </span>
    </p>
   </div>
  </div>
 </body>
</html>
