2978 4950
665 156 666 159 ¹
708 131 773 205 506

147 325 227 404 „risu
251 325 276 390 δ’
299 327 384 409 ianr*
397 327 415 404 ίί
427 329 452 392 ol
465 327 537 406 πίρε
549 327 768 406 sextaratam?
781 329 958 393 οξθετοῦντσιι
972 325 1075 406 στίχοι
1089 333 1116 394 ς’
1130 327 1177 414 (Ω
1193 324 1339 410 25-30)

145 448 219 498 κτλ.
240 433 334 499 Nunc
357 433 517 520 Didymus
541 454 678 519 quoque:
708 432 746 517 „i
770 436 795 499 σί
821 435 892 512 πθρε
915 434 1118 515 μαχλοσύνην
1142 431 1341 510 heresuid·

148 575 169 589 -
185 541 326 604 -ιίθετεῑ
353 542 559 622 Ἀρίσταρχος
584 541 635 605 διοὶ
659 542 713 618 τίρν
736 540 940 619 μαχλοσύνην
963 542 1014 606 τίν
1037 541 1153 618 στίχον.
1182 538 1206 620 ¹)
1230 537 1343 622 Itaque

144 644 324 712 Herodiani
354 649 577 712 testimonium
608 647 667 713 hac
692 647 820 733 quidem
845 649 879 711 in
902 667 935 711 re
959 645 1134 712 Aristarchi
1159 646 1342 711 auctoritati

146 774 213 818 non
248 753 386 838 amplius
422 753 555 834 officiet,
587 756 640 819 cui
676 754 822 838 equidem
853 752 1040 839 adstipulcr‚
1065 791 1107 801 -
1132 751 1225 819 rideo
1255 751 1341 817 enim

147 861 397 946 circumscriptis
427 861 569 925 versibus
596 859 670 935 160,
696 859 758 925 161
785 859 1015 946 Theoclymeni
1035 861 1223 926 vaticinium
1244 877 1341 944 quam

146 967 258 1031 verius
280 963 336 1031 flat
358 968 523 1050 acriusque
543 965 764 1044 concludatur,
794 1004 834 1014 -
861 965 1016 1052 plurimos
1039 967 1252 1033 recentiorum
1276 984 1338 1031 non

147 1070 358 1158 adstipulatus
382 1092 448 1138 esse
472 1073 621 1140 demiror.

194 1311 229 1372 ρ,
254 1285 331 1353 268.
378 1287 553 1370 Ἀνδρωθείς
585 1290 598 1354 θ
625 1289 746 1354 Φαέθων
770 1266 855 1368 tipice
879 1293 934 1363 τὴν
957 1289 1078 1371 μητέρα
1102 1291 1181 1362 τίνος
1206 1289 1252 1363 ein
1277 1312 1341 1354 ποι-

146 1392 227 1473 τρθς.
264 1394 431 1471 ποθίριενος
466 1394 499 1459 δὲ
533 1399 572 1467 ὥς
605 1398 727 1472 Ἡλίου,
760 1396 947 1474 παρεγίνετο
979 1397 1028 1462 ἐπί
1059 1397 1117 1470 τίις
1146 1387 1199 1461 σοῦ’
1224 1395 1339 1477 πατρὸς

145 1501 318 1573 οίνατολοίς.
343 1503 513 1581 γνωρισθεὶς
538 1503 569 1568 δὲ
593 1501 686 1574 οὕτως
712 1502 807 1567 ἐδεῖτο
831 1508 884 1568 τοῦ
912 1504 1027 1583 πατρὸς
1052 1504 1102 1569 ἐπ’
1126 1504 1230 1582 θλίνον
1253 1503 1337 1582 αὐτῷ

146 1617 351 1687 συγχωρῆσαι
374 1611 408 1675 τὸ
434 1605 521 1687 θρρια
545 1609 597 1673 καί
621 1610 691 1681 τοὺς
714 1612 853 1690 ῥυτῆρας.
880 1609 1002 1696 fflQV)
1025 1610 1064 1676 Iu
1087 1609 1150 1691 HQ
1175 1610 1341 1677 communi

146 1734 302 1780 consensu
331 1736 389 1801 pro
419 1714 511 1787 οὕτως
536 1717 630 1781 ἐδεῖτο
655 1722 703 1781 est
725 1717 838 1794 τούτῳ,
865 1736 938 1782 vero
962 1718 1164 1802 proximum,
1190 1738 1265 1783 nam
1289 1738 1342 1783 ve·

145 1841 223 1887 rum
253 1842 319 1887 asse
350 1822 485 1887 arbitror
517 1824 616 1888 eiecto
649 1823 716 1907 [τοῦ
749 1822 900 1906 πατρίς];
925 1823 1096 1902 γνωρισθεὶς
1121 1823 1152 1888 δὲ
1187 1822 1338 1888 τούτου

146 1926 248 1992 ἐδεῖτο
272 1927 322 1992 ἐπ’
344 1928 448 2005 ὀλίγον
471 1943 541 1994 κτλ.
588 1928 716 2011 Etenim
741 1933 794 1993 τοῦ
819 1928 934 2007 πατρίς
959 1935 1008 1994 ter
1029 1931 1203 2014 repetitum
1226 1933 1260 1994 in
1280 1931 1338 1994 tri·

147 2036 212 2100 bus
242 2034 389 2121 deinceps
419 2037 585 2100 sententiis
608 2035 661 2101 vel
683 2035 717 2099 in
741 2036 948 2120 scriptoribus
971 2035 1031 2101 hoc
1053 2056 1154 2120 genus
1177 2035 1273 2100 nimis
1297 2034 1344 2100 ta·

148 2147 247 2206 tuum
272 2142 409 2207 videtur.
433 2141 511 2207 Post
533 2140 646 2226 paulo:
674 2139 791 2217 ἐπιβὰς
811 2146 864 2206 τοῦ
885 2139 1024 2220 ἅρματος
1046 2141 1340 2222 σίτοίκτωςίφίρετο,

146 2245 229 2312 ι’ίστε
257 2246 363 2314 ποίντα
396 2249 439 2312 τίν
471 2247 521 2312 ἐπί
552 2255 607 2322 τῆς
631 2256 691 2326 γῆς
716 2247 855 2327 φρύγειν.
904 2247 1002 2313 Recte
1027 2254 1059 2314 et
1082 2248 1191 2314 ordina
1215 2251 1339 2326 omnia,

145 2374 251 2439 neque
287 2361 367 2421 esset
402 2375 458 2420 cur
489 2375 546 2420 nos
576 2355 654 2419 haec
685 2361 902 2432 morarentur,
933 2354 996 2419 nisi
1029 2353 1113 2420 inV
1140 2361 1240 2421 esset:
1266 2353 1343 2420 ὥστε

146 2467 301 2527 ταπεινῶν
325 2461 367 2526 τοὶ
391 2459 499 2526 ποίντοι
522 2461 613 2524 aas.
638 2483 669 2527 τ.
697 2484 742 2540 χ,
767 2460 819 2526 vel
844 2466 880 2526 ut
899 2460 1070 2526 Barnosius
1090 2481 1107 2526 e
1127 2460 1195 2527 MS.
1209 2462 1341 2528 edebat:

145 2565 227 2632 ἆίστε
258 2573 453 2632 ταπεινῶντοι
485 2569 592 2633 πιίντοι
623 2568 665 2632 τὰ
697 2582 768 2630 κτλ.
817 2565 853 2631 Ιιι
886 2566 913 2648 Q
938 2567 1109 2633 molestum
1137 2569 1342 2655 participium

147 2674 257 2751 deest,
289 2695 328 2740 ex
343 2674 389 2739 Ἠ
412 2674 494 2740 nihil
519 2677 597 2740 certi
621 2678 785 2739 enotatum
810 2676 952 2759 reperio,
976 2694 1079 2759 neque
1103 2681 1209 2740 tamen
1234 2674 1272 2741 de
1295 2678 1343 2741 ni·

147 2780 219 2847 hilo
259 2788 409 2847 ταπεινῶν
450 2783 531 2866 (sive
575 2782 783 2865 ταπεινῶντα)
818 2780 907 2846 istud
943 2781 1106 2866 irrepsisse
1141 2782 1338 2849 crediderim.

149 2887 255 2968 Quam
279 2888 415 2954 formam
438 2888 608 2954 Barnesiua
630 2886 782 2974 protulit,
807 2907 844 2952 ea
867 2886 998 2972 quidem
1022 2871 1164 2954 absurda
1194 2894 1256 2966 est,
1289 2890 1344 2955 aed

148 2994 232 3081 quod
256 2993 474 3061 Buttmannus
494 2997 658 3061 statuebat
682 2997 757 3072 „vix
783 2994 879 3059 huius
901 2992 964 3059 loci
989 3015 1055 3060 esse
1079 2996 1213 3060 verbum
1233 3019 1343 3062 ταπει-

147 3106 215 3167 νοῦν
226 3101 252 3179 ,”
286 3123 325 3168 an
353 3104 413 3168 hoc
444 3123 567 3188 quoque
599 3107 646 3168 est
679 3103 919 3167 certissimum?
950 3099 1064 3167 Nonne
1095 3103 1250 3187 scriptum
1276 3123 1343 3168 esse

147 3210 256 3294 potuit
265 3230 274 3287 ;
306 3207 385 3275 ι’ίστε
416 3208 724 3274 ταπεινωθέντας
758 3207 865 3273 ποίντοι
890 3209 934 3298 ret
954 3206 1083 3282 ἕπίτῆς
1113 3217 1171 3287 γῆς
1197 3208 1340 3289 propero,

146 3335 186 3382 eo
217 3335 311 3381 seusu
337 3336 399 3402 quo
423 3338 454 3382 v.
479 3338 504 3382 c.
531 3315 614 3402 apud
638 3314 802 3381 Pollucem
829 3314 892 3400 (15
917 3313 998 3401 213)
1024 3317 1179 3400 scriptum
1203 3318 1340 3401 reperio:

146 3422 305 3488 διδακτέον
328 3423 360 3488 δὲ
383 3423 435 3487 τὸν
453 3420 546 3488 ἵππον
565 3422 618 3487 καί
638 3420 904 3503 θποβιβοίζεσθοιι·
926 3419 992 3486 ἔστι
1015 3420 1046 3486 δὲ
1066 3426 1156 3486 τοῦτο
1177 3421 1340 3489 διιστοίντοι

182 3662 211 3726 1)
230 3661 340 3711 Eiusdem
365 3659 458 3725 generis
475 3661 499 3708 at
517 3658 564 3707 alia
581 3657 696 3707 indicabo.
715 3658 751 3706 Ad
771 3663 792 3705 A
811 3659 858 3708 151
879 3657 1032 3706 Herodianus
1049 3657 1066 3706 i.
1089 3672 1110 3705 a.
1128 3657 1187 3706 citet
1205 3663 1222 3704 B
1238 3657 1283 3706 82:
1303 3657 1343 3704 νθν

144 3746 169 3802 δ’
185 3747 240 3800 ’ίδιν
257 3746 282 3806 dc
298 3744 358 3811 m*
378 3741 504 3811 θριστος.”
522 3752 555 3799 At
571 3748 707 3798 Aristonico
726 3750 822 3797 auctore
840 3746 881 3811 (ad
899 3753 916 3796 B
935 3746 979 3811 ’16)
997 3744 1139 3795 θθττσθντιιι
1161 3745 1249 3808 στίχοι
1268 3743 1341 3795 bra.

146 3849 205 3906 (rsa.
231 3843 349 3903 76-66.)
375 3843 411 3891 Ad
435 3846 453 3888 Ζ
480 3842 528 3889 348
554 3840 652 3889 citatur·
681 3835 747 3899 θρσιο
773 3834 937 3885 κυλλοπόδιον.
966 3839 999 3902 (Φ
1017 3836 1085 3900 sal).
1106 3835 1234 3884 Damnavit
1249 3849 1343 3884 versum

145 3933 285 3984 Aristonico
302 3936 397 3982 auctore
416 3930 579 3989 Aristarchus,
598 3926 637 3977 ίτι
655 3926 752 3990 ίίκσιιρσν
770 3928 800 3976 τὸ
817 3923 934 3976 ίπίθιτσν.
953 3928 990 3976 Ad
1006 3931 1033 3974 M
1047 3927 1106 3977 295:
1129 3921 1171 3972 οθκ
1186 3921 1304 3979 ἀπιθάνοις
1315 3920 1342 3973 dl

147 4023 161 4072 θ
188 4022 356 4085 Ἀρίσταρχος
384 4019 426 4083 (sc.
444 4015 563 4081 ίξιίλοιτσν
580 4019 682 4083 scribit),
702 4016 756 4079 ι’ίγτ
774 4018 815 4066 ιιιιί
835 4015 977 4079 ίπτνιβθκιον
996 4011 1070 4072 σάκος
1088 4031 1136 4064 τον
1156 4013 1225 4075 λίγιι
1244 4013 1285 4062 καί
1301 4012 1344 4063 ’στί

146 4119 197 4172 τῆς
217 4111 358 4176 Ἀχιλλέας
377 4109 479 4169 ἀσπίδος
500 4136 532 4144 --
555 4106 625 4159 »ἐπεὶ
643 4107 717 4158 τίντι
735 4106 840 4173 στίχοις
860 4105 938 4166 ἰίλσισι
956 4099 1146 4157 κνλλοτσδίιιν.“
1168 4103 1286 4171 (1270.)
1309 4110 1343 4156 At

144 4222 212 4257 nuno
229 4220 333 4270 quoque,
352 4205 429 4254 indica
445 4202 594 4260 Aristonico,
613 4198 755 4249 ἇθιτοθντιιι
774 4200 863 4263 στίχοι
882 4192 905 4248 δ’
924 4204 980 4261 (vsa.
990 4197 1134 4261 sot-272)
1151 4193 1191 4245 tu
1201 4193 1341 4246 διτσκσνιισ·

144 4293 213 4358 μόνον
232 4293 291 4344 eleis
311 4291 358 4344 θτθ
376 4310 440 4351 τινος
459 4298 507 4343 τῶν
527 4289 675 4354 βουλομένην
693 4292 825 4353 πρόβλημα
843 4292 925 4340 τοιιῖν.
1002 4350 1008 4362 .
1215 4267 1219 4285 ι
