2978 4950
612 168 678 253 945

126 400 142 438 ν
171 373 294 452 λέγειν,
326 376 396 440 ideo
427 375 544 454 ὁμιλεῖν
567 378 626 449 ,τόν
649 378 742 454 λόγον
765 398 827 443 non
851 382 955 462 potest
981 397 1042 442 nou
1067 368 1237 448 insolenter·

126 502 169 546 rm
193 482 314 561 videri,
339 493 375 546 ut
399 482 580 548 Diudorfius
604 487 636 547 in
660 482 851 549 Graecitatis
875 482 980 548 Indice
1003 503 1066 548 non
1089 484 1236 549 habuerit

126 586 137 651 l
165 587 348 671 exemplum
383 590 466 672 quod
498 601 604 655 nostro
639 591 781 665 adderet,
820 611 855 653 ac
890 587 952 652 fuit
987 610 1060 653 cum
1085 589 1237 670 ὠφέλη-

137 695 335 760 eoniioerern.
369 694 463 759 Nunc
484 697 568 761 malo
592 697 734 774 ἐπέχειν,
752 697 936 780 praesertim
960 717 1032 759 cum
1055 716 1237 780 nesequen·

128 799 257 884 quidem
290 801 368 866 bene
391 802 505 866 habere
532 803 613 866 mihi
638 803 823 879 videantur,
849 811 880 865 et
904 822 942 865 ex
966 800 1235 866 meliore·codicis

126 907 281 971 dosissimi
305 907 471 973 collatione
490 908 594 973 lucem
616 918 779 993 expectare
794 905 829 993 ¹).
851 906 988 971 Facilior
1009 915 1056 971 est
1073 911 1234 999 restitutio

126 1013 177 1077 ius
206 1015 345 1098 excerpti
376 1036 415 1078 sx
443 1015 662 1101 Porphyriaua
694 1017 893 1100 quaestione,
921 1015 1004 1098 quod
1029 1035 1083 1098 per
1105 1013 1137 1079 δέ
1161 1035 1235 1078 cum

126 1119 305 1184 cedentibus
328 1140 503 1185 connexum
529 1129 595 1198 est,
620 1123 679 1186 etsi
703 1143 760 1185 nec
784 1123 880 1204 caput
903 1141 959 1184 neo
983 1141 1037 1204 pes
1049 1122 1078 1184 si
1090 1109 1240 1184 constare

126 1231 183 1290 tur.
231 1226 335 1292 Priori
367 1228 450 1291 euim
483 1231 657 1293 sententiae
688 1227 773 1312 (τρθι
804 1228 836 1291 δὲ
859 1228 929 1298 τοὺς
953 1228 1134 1311 ζητοῦντας)
1159 1246 1234 1311 apo-

126 1354 134 1397 s
164 1335 268 1397 omnis
297 1333 402 1416 deest,
435 1333 534 1398 altera
565 1337 673 1399 inanes
703 1334 798 1398 habet
829 1335 999 1398 verborum
1023 1335 1175 1407 tinnitus,
1201 1332 1234 1396 in

134 1461 191 1504 nec
215 1440 278 1518 νόιρ
297 1439 514 1527 intellegitur,
540 1462 597 1506 neo
621 1443 754 1518 Ἠλυσίῳ
779 1439 870 1520 πεδίῳ
894 1440 949 1516 μὲν
969 1436 1048 1516 θντι,
1075 1477 1115 1488 -
1142 1439 1238 1523 quid,

126 1567 177 1624 so,
202 1546 290 1611 aliud
315 1547 356 1610 sit
380 1568 475 1631 quam
504 1547 618 1624 πεδίον,
644 1547 767 1632 etquid
787 1548 845 1611 sibi
870 1546 1027 1624 vultos,
1048 1546 1131 1631 quod
1151 1552 1235 1611 certe

139 1654 240 1718 hisce:
273 1656 307 1718 τὸ
332 1653 369 1717 δὲ
394 1655 440 1717 aiei
467 1656 536 1719 καθ.
560 1680 590 1723 τ,
616 1657 727 1737 Ἐστία
752 1661 810 1733 τῦρ
834 1654 1020 1739 respondere
1041 1651 1167 1739 potest?
1199 1692 1232 1701 -

126 1755 190 1824 όθεν
213 1785 245 1827 τ.
272 1759 404 1836 Ῥαδσίμ.
429 1761 634 1836 διεκόσμησαν
654 1783 711 1826 uec
731 1762 766 1825 τό
785 1761 827 1825 δέ.
848 1760 1042 1825 Exciderunt
1062 1761 1232 1845 quaedam,

126 1888 161 1931 us
192 1867 323 1931 adiectis
346 1875 377 1931 et
401 1871 544 1951 quaestio
567 1875 598 1933 et
621 1869 737 1932 solutio
761 1866 843 1932 clare
866 1867 1071 1952 apparebunt.
1114 1867 1235 1954 Legen-

136 1973 250 2064 :wxptc
287 1972 317 2036 δὲ
354 1973 423 2044 τοὺς
459 1973 625 2054 ζητοῦντας
667 1975 730 2046 πῶς
766 1977 860 2054 Φησιν
894 1974 931 2045 ός
967 1979 1116 2050 χειμῶνος
1153 1971 1235 2041 όντσσ

125 2103 177 2152 την
202 2080 399 2142 ἀλεαίνεσθαι
424 2081 509 2157 παρὰ
534 2080 575 2159 τῷ
600 2080 689 2160 σνρί·
706 2077 905 2157 -εὔκρατσς
931 2084 994 2156 γὰρ
1017 2079 1030 2141 ό
1056 2078 1112 2159 stirp
1133 2077 1184 2141 καί
1211 2079 1235 2142 σί

126 2185 157 2248 ὀί
176 2185 348 2261 διαμένουσι
370 2185 421 2249 καί
442 2188 611 2262 γειτνιῶσιν
631 2184 764 2266 Ἠλυσίῳ
786 2185 877 2264 πεδίῳ
889 2183 1034 2271 (εὐδίῳ)
1056 2184 1234 2260 μένοντι,
1314 2224 1317 2229 -

138 2292 186 2354 καί
212 2294 263 2354 τόν
287 2291 500 2367 Ῥαδάμανθυν
523 2292 775 2367 διεκόμισαν·
799 2331 839 2339 -
864 2290 1046 2380 (λεκτέον
1071 2285 1130 2354 ότι
1157 2296 1234 2369 τῦρ

132 2407 232 2462 νοεῖν
257 2400 297 2462 οὐ
321 2399 362 2462 τό
387 2399 648 2483 διακονικόν),
668 2401 701 2463 τό
721 2399 752 2463 δὲ
771 2398 819 2462 οὶεί
841 2398 1053 2478 καθιερωμένον
1071 2408 1108 2480 τῇ
1124 2399 1235 2481 Ἐστία

157 2502 222 2570 0111·
251 2505 456 2583 διεκόσμησαν
486 2505 663 2571 refluxerim
694 2509 727 2570 in
760 2505 952 2585 διεκόμισαν,
977 2506 1059 2570 dicet
1082 2505 1233 2570 Alcinous

147 2610 230 2695 323,
263 2611 356 2698 324);
391 2610 442 2677 ότε
473 2637 507 2677 τε
541 2612 647 2688 ξανθὸν
679 2612 891 2690 Ῥκδοίμανθνν
923 2608 1016 2689 ἦνον
1048 2612 1232 2697 (Phaeaces)

126 2717 235 2794 νόμενον
272 2721 393 2784 Τιτοθν.
440 2719 506 2784 Cur
534 2720 699 2784 διακονικόν
729 2720 930 2797 inseruerim,
963 2721 1106 2785 ostendet
1129 2721 1234 2786 brevis

126 2845 154 2889 sa
174 2827 223 2890 bis
246 2829 280 2890 in
304 2825 331 2889 P
354 2829 471 2911 scripta
495 2827 557 2906 τόιρ
581 2827 668 2906 auct:
694 2828 744 2890 ἐντί
769 2828 807 2909 τθῖ
824 2827 988 2891 διακονικὸν
1009 2832 1067 2907 τῡρ
1085 2825 1233 2917 ¹Caetera

126 2952 172 3014 osa
196 2935 273 2997 satis
297 2933 473 2998 defendent.

126 3263 164 3311 :aa
185 3268 210 3312 et
230 3262 306 3312 verbis
324 3263 474 3313 describenda
491 3271 612 3330 exsuperet
630 3264 720 3331 pocta).
739 3261 785 3313 ὶίνοι
804 3265 853 3328 γὰρ
873 3265 943 3314 είτιδν
965 3262 1066 3314 κόλασιν
1084 3263 1152 3327 μόρα
1170 3259 1236 3326 κῦμα

126 3346 229 3410 ῗίεμμ,“’
254 3378 283 3385 --
306 3348 344 3400 οἷον
363 3353 496 3416 κατηρεφὲς
515 3355 546 3402 τό
565 3357 631 3414 κῦμα
647 3351 725 3411 εἶπεν,
745 3355 813 3404 οίσνιί
836 3356 866 3405 τὸ
884 3344 1074 3418 καταστεγόζσν
1094 3355 1171 3406 ιιιίτσθ
1190 3358 1235 3415 τὴν

126 3441 163 3498 όν.
181 3446 247 3509 (Po)
258 3445 327 3492 Vocis
335 3440 444 3506 ἑρμηνεία
461 3447 485 3493 iu
504 3447 584 3495 eadem
602 3447 772 3510 significatione
788 3432 844 3496 usus
856 3448 1077 3513 pervulgatissimus
1095 3453 1137 3498 est.
1157 3450 1238 3499 Unum

126 3535 174 3584 sris
199 3537 333 3601 exemplum
359 3536 464 3584 crritsbo
487 3540 513 3585 ut
530 3537 665 3595 emendem,
683 3552 700 3583 οι
717 3539 776 3587 5182
795 3538 883 3599 τρόπον
901 3532 1023 3600 ἑρμηνείας
1043 3537 1207 3601 θντιστροφον
1227 3540 1239 3587 ό

126 3631 220 3685 :ossas
238 3622 311 3683 είναι,
332 3623 390 3673 όταν
410 3624 579 3688 ἀναστρέφωσι
599 3627 641 3674 τὸν
666 3627 844 3688 σχηματισμόν
863 3629 892 3676 αί
907 3624 998 3688 λέξεις,
1017 3629 1048 3684 ὥς
1068 3629 1098 3678 τό
1122 3629 1238 3691 ’χασσά-

145 3710 300 3778 κιλομίχθη“
328 3712 361 3777 (Δ
380 3719 439 3781 5³5)
465 3715 522 3764 ἀντὶ
547 3719 593 3765 τοθ
620 3716 761 3779 ἰχθσσατα
786 3721 872 3784 (ΜΟ),
896 3737 943 3784 quo
961 3721 1012 3769 loco
1029 3721 1079 3769 sins
1096 3720 1167 3770 dubio
1184 3739 1238 3770 cunr

134 3807 173 3854 rflo
196 3807 329 3855 addendum
356 3801 545 3869 (τελεμιχθείςρ,
571 3824 653 3858 verum
680 3825 727 3858 non
744 3815 801 3873 post
817 3804 958 3871 ἔχθσσατσ,
976 3811 1015 3859 sed
1034 3814 1099 3870 autc,
1118 3809 1175 3859 ιἰντί
1194 3814 1240 3859 τοθ

128 3895 294 3958 εμιχθείς)
311 3895 459 3958 exsta-curo,
476 3914 530 3947 cum
549 3898 573 3946 in
592 3900 619 3946 Μ
638 3900 669 3947 eit
686 3897 827 3960 χασθριενοε
842 3899 999 3962 sommare
1015 3899 1162 3962 θχθσσατσ,
1180 3902 1239 3966 iuQ

126 4001 152 4034 us
176 3989 330 4053 depravatum
347 3988 372 4035 in
390 3986 532 4049 χωσάμενος
558 3988 717 4051 πσλεμιχθείς
741 3988 798 4037 οίντί
816 3993 862 4038 sot}
879 3989 1029 4053 θχοίσσατσ,
1046 3996 1071 4040 et
1088 3992 1113 4040 iu
1131 3992 1238 4055 sequenti

126 4075 157 4124 ulo
173 4094 276 4142 quoque:
299 4075 356 4125 ιίντί
374 4080 420 4125 τσθ
439 4076 590 4126 κσνισθλσν
611 4072 731 4138 (θελλα
748 4082 822 4144 sdd.),
844 4097 897 4130 nem
915 4087 940 4131 st
956 4083 995 4132 hic
1013 4087 1111 4148 apparet
1128 4100 1172 4133 cur
1190 4101 1234 4133 vor

126 4157 169 4207 uit.

131 4249 166 4296 As
186 4248 363 4305 corrigendum:
387 4249 441 4310 ἅμα
465 4248 486 4298 δ,
513 4268 535 4298 κ.
556 4255 595 4315 τῇ
616 4248 741 4315 trecea
759 4251 821 4313 ζίετσ
838 4269 943 4314 τροσηγ.
964 4253 1043 4317 ἀρχὴν
1062 4272 1084 4302 κ.
1106 4261 1158 4318 φιλ.
1179 4253 1237 4306 ότι-

144 4335 220 4387 stas
238 4337 382 4399 γενήσεσθαι
390 4335 403 4387 ¹?
