2978 4950
711 190 775 278 186

50 404 53 408 '
144 390 308 478 ποίχισσα,
340 399 380 464 ad
411 419 491 484 quae
522 401 617 466 rerba
638 399 785 468 Scholion
810 407 871 467 est:
899 401 1060 479 δαιμονίως
1084 398 1128 465 σίι
1151 394 1207 464 τοῦ
1230 390 1331 476 {ports

145 505 329 578 ἐσιώπησεν·
353 505 386 570 οὐ
410 506 473 585 γὰρ
497 502 543 571 dri
568 512 674 572 τοῦτον
697 510 777 593 [τὸν]
802 507 938 585 μοίταιον
963 505 1114 592 [οίαονσα]
1139 506 1239 587 φησίν
1255 505 1343 582 ἄρα·

146 617 228 693 πᾷς,
260 613 336 676 αλλ’
367 612 475 682 ἁπλῶς
506 613 621 679 ritune
652 615 708 687 πίην
731 616 900 693 παρουσίαν
922 616 1029 679 αὐτοῦ.
1054 612 1150 697 (PQ.)
1177 610 1267 694 Quae
1288 610 1354 677 de·

146 719 258 803 scripsi
288 739 327 783 ex
357 717 549 784 Buttmanni
579 720 798 786 emendatione
826 728 920 806 sunt;
945 717 1076 785 Codices
1099 717 1363 803 corruptissime

145 824 313 909 praebant:
344 824 386 889 sd
416 830 469 888 σοῦ
494 824 599 902 ίριυπυς
622 826 655 892 οὖ
679 827 742 905 γὰρ
766 828 949 903 ίσιιίπησεν,
973 824 1069 911 paulo
1094 829 1167 910 post
1189 823 1230 889 de
1254 840 1370 891 mort

146 931 242 1012 Φησίν
266 951 322 1016 pro
345 931 463 1011 Φασίν,
490 933 619 1018 insuper
642 932 670 1007 Q
695 934 829 1009 οίναποῖν
853 954 909 1018 pro
932 934 1077 1014 οίγαπᾷς.
1103 930 1164 1007 Iit,
1188 938 1227 995 ut
1251 927 1372 1010 solet,

147 1057 228 1123 quae
249 1041 386 1103 correxit
409 1037 639 1115 Buttmannus,
666 1049 750 1104 recta
770 1046 801 1104 et
821 1040 928 1105 ordine
948 1041 1100 1121 correxit,
1113 1033 1373 1106 verumaffocit

147 1165 226 1220 rem,
239 1162 300 1209 non
313 1145 455 1228 perfecit.
473 1144 544 1209 Non
555 1147 641 1210 enim
655 1145 747 1210 facile
758 1151 808 1210 est
820 1145 937 1219 videre.
952 1166 1008 1210 cur
1020 1143 1199 1209 Mercurius
1211 1140 1368 1211 Ulixem

148 1255 253 1315 σοῦσον
272 1250 323 1313 τίν
343 1249 478 1325 μοίταιον
498 1248 636 1334 appellet
652 1269 753 1335 neque
773 1253 966 1317 constructio
976 1250 1065 1315 verbi
1078 1250 1175 1329 φησίν
1189 1245 1288 1332 paulo
1313 1248 1368 1316 iu·

149 1349 300 1422 solentior
318 1376 381 1441 quo
403 1358 560 1441 pertineat
580 1366 710 1441 apparet
728 1360 789 1421 nisi
809 1356 924 1421 melius
944 1359 1202 1442 interpungatur.
1228 1351 1365 1420 Omnia

149 1469 235 1530 recte
256 1462 437 1537 habebunt,
466 1462 521 1526 ubi
543 1473 700 1547 expuncto
721 1500 762 1510 -
783 1462 867 1547 quod
889 1466 955 1527 iam
979 1463 1159 1549 significavi
1178 1497 1221 1510 -
1242 1465 1276 1524 et
1300 1461 1363 1523 τὸν

151 1591 190 1635 ex
222 1569 438 1656 dittographia
468 1576 543 1633 nato
574 1575 607 1633 et
637 1568 770 1646 οίκονσα,
801 1568 1028 1653 interpretandi
1058 1588 1153 1633 causa
1178 1566 1220 1632 ad
1243 1568 1366 1631 ῐασίαο

151 1675 287 1754 μιίταιον
325 1676 501 1759 adscripto,
540 1674 662 1759 reliqua
699 1677 745 1739 ita
776 1678 949 1740 constituta
979 1680 1073 1739 erunt
1107 1679 1140 1739 et
1174 1672 1367 1737 distincta:

152 1781 311 1858 δαιμονίως
343 1782 385 1845 τίς
417 1785 471 1846 σεῦ
502 1780 607 1860 ἔρωτος
635 1781 818 1854 ἐσιώπησεν·
844 1782 877 1845 οὐ
900 1782 963 1859 γὰρ
988 1778 1035 1844 dri
1058 1784 1166 1844 τοῦτον
1191 1778 1325 1853 αοίπαιον
1347 1808 1370 1840 a

151 1890 264 1973 φησίν,
296 1871 451 1971 ἀγαπᾷς,
485 1888 560 1951 ἀλλ’
591 1887 698 1958 ἁπλῶς
727 1886 841 1950 σίίειιιε
864 1890 918 1960 την
943 1887 1112 1967 παρουσίαν
1135 1887 1244 1951 αὑτοῦ.
1290 1866 1381 1948 Aa

150 1996 258 2062 locum
282 1994 378 2080 paulo
393 1994 630 2080 exquisitiorom
648 2013 743 2077 quem
764 1994 897 2058 verbum
917 1988 1013 2070 φησίν
1033 1998 1169 2077 occupat
1182 1990 1388 2057 illustrans

153 2103 230 2168 dum
255 2104 385 2189 egregie
407 2101 501 2173 fecit.
525 2100 609 2184 quod
632 2102 666 2162 in
690 2098 861 2184 Porphyrii
884 2098 1004 2164 scholio
1028 2099 1068 2164 ad
1088 2097 1185 2162 2182
1204 2097 1350 2184 legitur.

152 2216 215 2280 σῶς
247 2205 315 2291 οὖν,
348 2206 534 2285 ἁμαρτωλός
565 2229 599 2269 σε
628 2201 659 2269 εί
679 2204 731 2269 καί
757 2207 810 2268 οὐκ
832 2206 1037 2288 ἀπαίδευτος,
1063 2207 1179 2289 Φησίν;
1205 2204 1255 2268 Ad
1277 2222 1358 2267 rem2

151 2314 236 2401 quod
268 2314 400 2390 attinet,
431 2312 662 2378 observandum
686 2318 734 2377 est
757 2310 949 2377 Scholiastas
972 2315 1081 2377 ethic
1105 2317 1138 2377 et
1162 2314 1289 2397 saepius
1308 2312 1339 2373 in

151 2422 271 2486 vicinia
295 2420 328 2484 id
351 2440 446 2506 agere
470 2426 506 2483 ut
529 2419 713 2496 ostendant,
738 2439 832 2503 quem
853 2417 963 2484 sedulo
984 2418 1163 2484 Mercurius
1183 2436 1220 2483 ea
1240 2416 1342 2482 omnia

152 2529 252 2600 vitet,
292 2546 371 2609 quae
411 2523 587 2611 Calypsum
620 2529 777 2589 ementem
814 2533 845 2587 et
880 2524 1039 2589 dolentem
1076 2527 1216 2588 irritent.
1265 2523 1344 2587 Invi·

152 2638 222 2698 tum
258 2653 291 2697 se
323 2632 362 2696 ad
394 2652 464 2695 eam
495 2635 617 2696 venisse
648 2631 783 2695 ostendit
814 2629 936 2713 (scholl.
971 2631 1010 2695 ad
1034 2653 1087 2695 vsu
1126 2629 1170 2694 96
1196 2636 1229 2694 ct
1255 2628 1344 2712 100);

153 2739 259 2804 Ulixis
291 2759 455 2823 personam
489 2737 592 2801 elevat
626 2736 676 2819 (ad
700 2759 747 2801 vs.
776 2736 869 2820 105);
909 2737 947 2800 ‹le
985 2735 1140 2821 Penelope
1176 2742 1263 2801 tacet
1297 2732 1343 2816 (ad

153 2867 200 2912 vs.
231 2845 322 2927 114);
361 2843 470 2908 eodem
508 2842 601 2906 modo
636 2843 688 2905 bic
724 2841 899 2906 Mercurius
934 2863 994 2936 non
1024 2845 1155 2906 irritum
1190 2841 1347 2929 Calypsus

153 2971 294 3017 amorem
318 2969 581 3014 commemorasse
605 2948 738 3021 dicitur,
763 2947 815 3011 sed
840 2948 1029 3031 simpliciter
1050 2952 1263 3033 pronunciare
1282 2950 1348 3012 τὸν

155 3063 205 3122 νῦν
232 3063 260 3120 s·
285 3058 403 3133 ἠνώγει.
429 3093 469 3102 -—
495 3055 661 3118 Praeterea
683 3056 714 3116 in
740 3074 867 3117 censum
894 3057 1027 3118 veniunt
1050 3055 1089 3119 ad
1115 3076 1183 3120 rem
1209 3063 1348 3121 nostram

154 3164 365 3250 probandam,
391 3187 407 3234 η
435 3162 495 3224 51:
521 3159 573 3223 καί
602 3157 683 3222 ἔστιν
706 3160 810 3222 οίνιείεν
834 3169 872 3238 τῇ
893 3162 1006 3243 Ἀθηνᾷ
1028 3161 1064 3223 τὸ
1085 3161 1292 3239 τηςγνιίμης.
1309 3198 1347 3211 -

153 3297 169 3346 η
196 3270 262 3335 293
286 3269 324 3334 ad
350 3288 477 3332 versum
503 3267 540 3334 ὡς
564 3265 617 3327 οὐκ
641 3264 677 3326 ἂν
702 3262 803 3327 ἔλποιο
829 3268 964 3342 νεώτερον
987 3266 1188 3331 οὶνσιοίσανσα
1222 3273 1241 3344 ΙΙ
1271 3252 1350 3347 ἕρξί·

152 3401 210 3454 μεν
245 3376 439 3458 adscriptum
475 3379 522 3436 est
557 3374 589 3434 in
620 3368 653 3433 H
682 3369 762 3434 illud
797 3392 836 3434 ex
870 3370 1051 3437 Aristonico
1087 3381 1279 3458 excerptum
1308 3377 1351 3438 sic

153 3481 404 3549 emendandum:
431 3476 540 3547 οὕτως·
566 3479 600 3553 (ἱ.
614 3498 639 3540 a.
666 3475 783 3551 ἔλποιο,
808 3496 870 3540 non
895 3475 1034 3561 ἔλποιτο,
1056 3481 1141 3563 quod
1165 3485 1187 3542 P
1206 3483 1240 3545 in
1262 3486 1349 3547 textu

152 3589 266 3670 habet,
298 3586 397 3651 altero
428 3587 461 3649 in
485 3574 673 3669 'marginem
704 3582 827 3663 relato.)
852 3584 1017 3659 Ὁμηρικὸν
1041 3583 1095 3668 (ὃν
1121 3587 1210 3669 add.)
1235 3591 1271 3653 σὸ
1297 3597 1351 3661 της

154 3694 325 3775 ἑρμηνείας.
358 3690 427 3756 σίντί
458 3690 521 3766 γὰρ
552 3694 604 3752 τοῦ
636 3687 767 3752 ἔλποιτο.
806 3725 848 3736 -
884 3714 900 3762 η
935 3689 1018 3754 321:
1053 3692 1281 3758 ἐκσεπίπισσαι
1311 3695 1352 3757 τὸ

154 3809 210 3875 τῆς
235 3799 368 3869 πλοίνης.
395 3804 450 3869 τῆς
475 3797 537 3874 γαρ
565 3796 699 3873 Σχερίας
722 3793 815 3871 πίρροι
837 3795 914 3873 Φησὶ
935 3794 1116 3883 (Alcinous)
1131 3801 1187 3871 την
1201 3799 1352 3878 Εὔβοιαν.

154 3906 226 3972 ilios
249 3905 303 3990 <tl
328 3903 413 3986 add.)
438 3906 528 3966 τοῦτο
553 3907 610 3963 τῶν
631 3898 761 3976 οἱπείρων
780 3907 834 3972 τῆς
853 3901 1015 3970 Ἑλλοίδος.
1037 3902 1106 3987 (P),
1128 3926 1210 3987 qnae
1232 3906 1353 3970 Aristo.

153 4013 218 4078 nici
247 4017 320 4075 nota
345 4014 392 4074 est
415 4008 540 4090 saepius
564 4007 713 4087 repetita,
741 4010 773 4068 et
793 4003 870 4068 alibi
894 4011 925 4069 et
949 4006 987 4070 ad
1011 4009 1025 4071 ί
1052 4008 1139 4073 557:
1172 4016 1265 4075 τοῦτο
1287 4018 1353 4093 φα-

154 4116 233 4196 νερὸν
265 4111 309 4180 dre
342 4111 560 4178 ἒκτεπίπισσαι
592 4111 608 4181 εἰ
640 4109 760 4183 πλοίνη·
793 4110 835 4175 διὸ
868 4114 911 4184 μὴ
942 4113 1067 4192 χρηίζειν
1103 4117 1164 4188 τοὶς
1193 4121 1270 4189 ναῦς
1296 4123 1353 4180 τῶν

155 4223 361 4301 κυβερνητῶν,
401 4221 476 4283 αλλ’
513 4217 613 4287 αὐτὰρ
651 4216 702 4278 τὸν
733 4222 826 4278 πλοῦν
858 4217 1055 4283 ἐπίστασθαι.
1105 4221 1153 4285 Ex
1186 4244 1252 4307 quo
1286 4223 1353 4287 1000

155 4331 296 4420 primum
322 4325 438 4412 duplex
463 4323 590 4388 macula
615 4321 747 4385 eluenda
777 4329 839 4396 est,
874 4342 936 4406 qua
967 4334 1238 4409 argumentorum
1275 4330 1354 4393 ratio
