2978 4950
305 115 443 198 τέτρηνεν
467 117 495 184 δ’
518 114 580 198 ἄρα
604 115 711 182 τοίντα
735 120 788 185 καί
813 119 941 198 ήρριοσεν
965 119 1164 197 οίλλήλοισιν,

302 216 475 303 γόμφοισιν
496 223 523 288 δ’
546 221 608 303 ἄρα
632 225 728 302 τήνγε
752 227 804 291 ssi
829 225 1004 306 οἱρμονίησιν
1027 222 1172 306 ι’ίρασσεν.

145 326 308 395 Fuerunt
330 332 414 395 inter
435 335 559 396 veteres
582 331 726 407 mitione,
752 335 808 418 qui
833 330 1023 397 alterutrum
1046 352 1173 397 versum
1198 331 1359 397 abundare

143 443 336 501 censerent.
362 437 587 516 Ἀριστοφάνης
612 437 647 500 τὸ
672 439 748 502 αὐτὸ
773 435 845 518 ᾤετο
870 438 1023 519 περιέχειν
1043 436 1153 515 cippo.
1175 437 1217 502 διὸ
1238 438 1279 516 τῷ
1303 437 1359 514 μὲν

143 541 288 620 σίγμα,
325 543 367 623 τῷ
401 543 433 610 δὲ
465 541 641 619 ἀντίσιγμα
673 545 840 616 ἐπιτίθησιν
871 544 1049 630 (hueusque
1081 541 1263 628 Vindobb.).
1289 543 1302 607 ί
1328 544 1359 608 δὲ

143 648 373 728 Ἀρίσταρχος
406 654 484 729 Φησι
516 648 567 714 διὰ
598 653 653 713 τοῦ
685 651 801 730 πρώτον
837 649 872 714 τὸ
907 650 963 728 μὲν
995 651 1111 714 τέλειον
1133 658 1188 724 τής
1218 647 1357 729 οἱρροογής

143 755 201 832 μή
229 748 357 838 εἶναι,
381 753 456 821 ἀλλ’
481 755 519 828 ὡς
542 753 581 820 σίν
604 779 652 826 τις
682 754 759 822 είτοι
781 791 801 805 -
815 791 835 806 -
853 758 925 837 τρίς
946 755 1074 830 ἄλληλα
1097 757 1358 833 σνγιιατοιγαγίιν

147 858 321 940 {cuiqam
353 860 379 926 εί
413 860 538 942 οίρμίζει
570 862 740 947 α’λλήλοις,
771 865 813 944 τῷ
846 863 876 927 δὲ
899 863 968 940 ἑξῆς
993 862 1167 927 συνέκλεισε
1189 861 1240 926 καί
1265 886 1358 927 ιιοιτε·

149 966 333 1051 γίμφοισε.
367 967 417 1033 irai
449 968 512 1048 γοὶρ
535 973 589 1033 τοῦ
613 968 731 1047 οίρασσε
756 970 791 1034 τὸ
814 971 902 1040 τέλος
926 979 981 1043 ric
1008 972 1147 1048 οἱρμονῆς
1173 968 1358 1049 παρίστησι.

150 1072 386 1159 (BHMPQrp.
435 1073 472 1138 In
504 1073 567 1139 MT
599 1075 740 1141 scholion
766 1087 802 1140 ut
825 1077 953 1141 videtur
976 1077 1090 1162 insipit
1114 1097 1132 1142 s
1154 1077 1260 1140 verbis
1282 1078 1359 1140 ἀλλ’

150 1180 196 1250 ὦς
223 1181 266 1244 ἄν
288 1204 334 1252 τις
361 1179 450 1245 sin-or.
498 1180 570 1245 Hoe
593 1180 725 1246 demum
749 1190 797 1247 est
820 1181 996 1247 Horatiano
1018 1188 1184 1267 praecepto
1207 1182 1356 1267 obsequi,

152 1285 405 1372 auditoremque
425 1285 478 1352 vel
496 1289 603 1371 potius
622 1288 771 1353 lentorem
793 1309 902 1374 repere
921 1289 954 1352 in
974 1288 1095 1353 medies
1114 1285 1178 1352 res!
1200 1287 1358 1368 Quoniam

152 1398 274 1458 nutem
306 1391 386 1459 iorte
415 1392 542 1457 fortune
572 1390 628 1457 ulii
653 1393 774 1458 oodioes
798 1398 902 1479 priora
926 1395 1022 1459 verbu
1045 1402 1266 1465 servaverunt.
1291 1397 1379 1485 sure¹

155 1499 281 1582 quibus
312 1504 380 1564 tote
403 1498 578 1591 disputatio
601 1505 669 1564 utrs
693 1508 889 1584 premeretur
912 1500 1067 1587 ealigine,
1092 1521 1193 1565 unum
1216 1501 1357 1566 voeabu-

154 1602 232 1670 lum
257 1605 482 1683 emendemus,
509 1605 592 1690 quod
616 1608 715 1670 totius
735 1607 798 1671 loci
818 1607 1075 1691 perspicuitatem
1095 1627 1155 1671 noo
1173 1606 1358 1692 pessumdat

130 1711 293 1797 'quidem
318 1711 371 1776 sed
396 1721 504 1776 tumen
529 1711 684 1777 obseurat.
721 1711 792 1777 Non
817 1719 865 1777 est
888 1719 971 1778 rente
991 1712 1130 1778 dictum:
1151 1713 1370 1793 Ἀρίσταρχίς’
1465 1771 1469 1779 .

160 1824 241 1897 Φησι
268 1817 320 1884 διὰ
338 1823 397 1882 ’τοῦ
420 1821 538 1898 τριίτοο
568 1820 622 1903 (so.
646 1817 797 1901 τέτρηνεν)
821 1820 855 1883 τὸ
880 1820 936 1898 μὲν
959 1817 1073 1885 τέλειον
1092 1825 1145 1891 τής
1159 1819 1356 1897 οίρμογήςριή

162 1919 283 1989 είνιιι.
330 1922 506 2011 scripserat
541 1930 667 2002 suntor,
704 1925 813 2004 oredo,
839 1965 881 1975 —
913 1925 1091 1992 Schmidtio
1126 1925 1357 1991 animadversio

160 2036 272 2097 nostre
295 2030 514 2096 Aristonicum
541 2052 649 2116 sapere
672 2031 816 2106 ridetur,
841 2032 988 2118 equidem
1012 2052 1082 2098 eam
1106 2030 1246 2119 Didymo
1270 2032 1357 2097 ediu-

162 2136 357 2215 dionrerim,
380 2175 422 2185 -
448 2137 501 2202 sed
534 2141 701 2223 scripserat
730 2146 830 2204 uerte:
856 2139 907 2204 δια
930 2162 960 2203 τ.
984 2139 1100 2219 πρώτου
1124 2139 1159 2202 τὸ
1183 2165 1219 2214 μ.
1243 2140 1357 2203 τέλειοι

160 2249 218 2317 τῆς
254 2242 407 2322 οἱρριογής.
430 2246 475 2319 μή
513 2245 650 2327 (ἐρωή
660 2266 741 2327 ναι,
777 2244 938 2310 Homerus
972 2266 1102 2331 nempe,
1135 2249 1216 2310 siout
1247 2244 1355 2310 stetim

160 2351 326 2435 sequitur:
351 2349 401 2413 διοὶ
420 2350 483 2429 γαρ
502 2353 555 2412 τοῦ
575 2347 693 2429 ἄρασσε
715 2349 851 2424 τὸτέλος
871 2358 926 2424 τῆς
946 2351 1086 2432 σίρμογής
1107 2353 1353 2429 παρέστησε.

208 2588 239 2642 ε,
265 2561 341 2628 254.
369 2562 495 2643 Ἰιιριον,
522 2562 556 2626 τὸ
588 2561 656 2640 περί
689 2563 743 2634 τήν
776 2562 916 2643 πρύμναν
940 2561 1173 2646 κατάστρωμα,
1198 2564 1235 2633 ὡς
1259 2563 1355 2627 αὐτὸ
1444 2590 1449 2596 ·

158 2670 280 2750 &reiut
313 2669 350 2754 (α
377 2667 442 2732 410
470 2670 567 2754 seqq.)
599 2667 785 2744 ἐξηγήσατο.
818 2669 901 2755 (ΡΤ)
926 2669 1130 2757 Lugendum:
1161 2671 1199 2734 uic
1230 2670 1354 2741 αὐτὸς

156 2777 281 2855 erepet
311 2772 503 2854 ἐξηγήσατο,
538 2782 612 2841 uoto
642 2775 813 2863 Porphyrii
844 2776 1041 2861 aliorumque
1070 2779 1354 2863 grammaticorum

155 2883 232 2970 (uir.
246 2904 277 2948 v.
291 2902 318 2947 o.
330 2881 446 2947 Herod.
462 2882 501 2947 ud
515 2893 536 2950 Ξ
550 2881 630 2965 249)
651 2903 727 2959 usu,
747 2883 830 2967 quod
851 2903 906 2967 per
925 2904 958 2947 se
977 2884 1180 2948 verissimum
1193 2883 1355 2947 stabilitur

154 2991 203 3055 iis
229 3008 309 3073 quoe
331 3008 370 3052 er
393 2987 475 3067 ΒΕΘ
500 2988 539 3053 ed
563 3010 607 3052 vs.
635 2987 700 3053 236
726 2988 811 3052 edite
834 2995 923 3065 sunt,
937 3009 1010 3053 oum
1030 2988 1069 3053 ad
1089 2998 1232 3053 nostrum
1246 2989 1355 3054 referri

155 3096 330 3162 deberent:
368 3095 456 3173 ίιιρίον
494 3094 564 3177 (hoo
595 3095 741 3181 accentu)
771 3096 802 3159 δὲ
834 3096 868 3158 τὸ
901 3095 967 3174 περί
1003 3094 1056 3167 τήν
1093 3096 1232 3172 πρύμναν
1258 3097 1356 3170 κατοί-

154 3225 309 3286 στροιμα,
332 3203 378 3274 ὥς
404 3202 527 3273 αὐτὸς
552 3200 714 3280 ἑτέρωθι
740 3199 959 3280 ἐξηγεῖται
982 3200 1096 3264 αὐτοί.
1117 3200 1353 3265 Patetesndem

153 3311 415 3378 observationem
452 3310 501 3372 bis
536 3329 603 3373 esse
638 3315 816 3392 servotum,
853 3320 890 3372 ut
924 3307 1049 3392 saepius
1080 3306 1147 3372 fieri
1180 3307 1300 3372 adsolet
1324 3315 1356 3372 et

153 3418 371 3503 integriorem
407 3421 439 3480 et
474 3421 686 3490 contractam,
722 3420 913 3479 contractam
950 3417 983 3478 in
1018 3413 1118 3498 BEQ,
1150 3417 1355 3501 integriorem

152 3521 260 3613 poulo
284 3524 317 3586 in
341 3519 404 3586 ΡΤ.

209 3761 241 3814 ε,
268 3733 343 3803 272.
379 3737 460 3816 Ὀψὲ
492 3735 603 3802 δύοντα
635 3738 752 3811 Βοώτην
783 3740 969 3823 exponitur:
995 3737 1079 3815 μετὰ
1105 3738 1228 3803 τολὺν
1251 3737 1355 3820 χρόνον

153 3851 223 3912 τῶν
246 3843 530 3908 σοιανατειλοίοτοι
556 3844 692 3910 δύνοντα.
727 3843 851 3910 Mirum
876 3847 909 3909 in
933 3843 1022 3909 nullo
1042 3846 1148 3912 codiee
1168 3867 1206 3910 ex
1226 3845 1357 3930 multis,

155 3954 218 4040 qui
244 3952 320 4014 haec
344 3953 516 4016 memoriae
539 3953 744 4037 prodiderunt
770 3949 962 4034 (EHPQV)‚
985 3951 1050 4037 legi
1075 3955 1157 4037 quod
1183 3960 1286 4016 temen
1311 3974 1357 4018 re·

155 4059 318 4147 quiritur:
344 4058 428 4134 μετὰ
452 4059 604 4122 οιλέονοι
628 4057 733 4139 χρόνον
757 4061 814 4123 τῶν
840 4058 1121 4123 συνανατειλοίντων
1147 4061 1281 4132 δύνοντα.
