2978 4950
718 200 786 272 272

149 384 262 453 κύκλον
285 388 324 450 ἄν
354 387 445 475 (τις)
477 389 624 455 εέτιιτδ
609 388 789 468 δ,δικτυιν
823 388 1106 478 (quemadmodum
1138 389 1178 457 sd
1209 388 1227 456 δ
1257 386 1302 457 78!

150 494 282 576 έννιτω.
314 495 539 574 Αριστσφύνκς
574 497 739 576 „tirellus
769 500 807 569 ύι
840 496 879 562 ἄν
909 522 956 570 τις
988 495 1067 562 εἵτιι
1099 497 1129 561 έν
1165 495 1253 578 ὀδῷ)
1284 516 1302 562 s

148 597 267 672 εἴτιιι
290 600 512 679 scribendum,
536 602 575 667 de
597 622 660 686 quo
682 606 893 691 interpretum
918 625 1005 670 more
1031 623 1128 689 suprn
1146 605 1302 690 peucine!

147 727 231 772 mus.
267 705 417 793 Sequitur
439 707 503 772 elin
525 706 633 795 glossa
654 710 798 776 eiusdem
821 713 1013 788 sententies,
1038 712 1073 773 in
1096 706 1189 775 'Psic
1208 710 1302 793 script

147 813 250 892 δέλιν,
283 819 385 894 κύκλῳ
412 816 446 878 τι
479 813 610 879 δι’κτυιν.
652 813 689 879 lu
718 814 892 883 Herleinno
915 827 980 892 est,
1006 852 1048 864 -
1073 812 1241 881 Dindorfio
1262 820 1302 880 ter

147 923 182 986 in
204 920 308 985 Praei.
331 941 363 1005 p.
388 939 446 986 um
459 958 499 970 —
514 921 611 986 δέλιιν
635 924 763 988 κύκλινι
784 923 827 987 τὰ
849 926 974 1000 δέκτυιι,
998 925 1108 1007 itaque
1127 924 1161 986 in
1181 918 1302 1007 'l'quoq

147 1026 365 1093 scribendum:
390 1027 509 1094 δύλιιν
533 1028 684 1093 κύκλιντ
710 1029 745 1093 τὸ
769 1028 898 1096 ulmo.

193 1237 226 1316 δ,
254 1236 328 1305 793.
354 1238 474 1304 Iterum
496 1239 652 1305 hebemus
674 1239 846 1327 Porphyrii
870 1240 1028 1307 scholium
1053 1260 1093 1306 ex
1117 1238 1176 1306 Dll
1200 1239 1302 1306 editur

146 1365 183 1411 so
204 1366 289 1410 nunc
311 1346 441 1430 quidem
462 1345 500 1410 de
519 1346 779 1432 interpretatione
799 1347 950 1412 adiectivi
970 1349 1119 1424 νήδυμος,
1145 1346 1302 1412 consentis

146 1450 229 1516 illud
263 1471 338 1515 cum
368 1452 426 1527 iis,
457 1471 539 1536 quse
570 1472 608 1516 ex
641 1450 760 1517 Veneto
791 1451 818 1516 B
849 1464 883 1517 et
915 1451 1063 1517 leidensi
1094 1453 1134 1517 ed
1157 1451 1294 1516 llinis

147 1558 349 1644 prodierunt,
386 1594 427 1605 —
462 1559 524 1622 nisi
558 1557 642 1641 quod
676 1557 732 1622 Bu
766 1560 861 1623 initio
895 1558 1056 1623 uberiores
1089 1562 1184 1642 sunt,
1220 1593 1260 1607 —
1293 1558 1302 1621 i

147 1672 266 1748 temen,
302 1671 339 1728 ut
371 1670 479 1729 nostro
517 1684 590 1728 cum
630 1663 697 1728 illis
733 1666 900 1729 coniuncte
939 1670 1046 1729 textus
1081 1662 1263 1752 integritati
1292 1664 1302 1726 i

146 1772 292 1836 serviisse
324 1773 486 1856 potuerint
547 1770 662 1835 Editur
693 1771 777 1855 opud
809 1769 1028 1836 Dindorfium:
1066 1771 1120 1836 κιιι
1161 1770 1256 1842 οὕτως
1287 1783 1302 1833 λ

146 1900 290 1955 γουσιν
322 1878 407 1960 ,οὐδὲ
431 1900 484 1952 μιν
508 1875 598 1948 ύτνιι
623 1877 683 1958 ’ᾔρει
708 1876 944 1957 τιινδιιμύτωρ”
969 1878 1018 1963 (Ω
1044 1881 1089 1957 4).
1116 1877 1281 1944 Parisinus

146 1993 256 2070 postes
286 2004 436 2050 excussus
465 1984 612 2068 praebuit
643 1985 773 2068 λέγει,
804 1984 889 2068 quod
911 1982 968 2048 Bu
991 1983 1184 2050 confirment
1206 1998 1300 2069 etque

145 2090 254 2156 futuro
276 2098 457 2163 nostrornm
480 2091 617 2174 editore,
643 2109 748 2175 spero,
772 2089 955 2176 recipietur.
1005 2088 1161 2175 Sequitur
1184 2091 1219 2155 iu
1240 2088 1282 2155 ll:

146 2197 178 2262 δὲ
201 2221 235 2271 νιι
260 2196 436 2274 στερητικὸν
459 2197 511 2260 ccl
537 2197 567 2260 έν
590 2198 632 2277 τῷ
653 2197 806 2275 νήγρετος.
827 2196 946 2273 ἥδιστος
968 2197 1036 2261 και
1057 2197 1181 2278 έιινύτῳ
1193 2196 1302 2275 ύγχιτ

146 2304 256 2376 έιικύι.
305 2303 389 2383 Quid
425 2302 455 2367 D
490 2303 605 2368 hebeat
636 2323 698 2367 nou
729 2309 893 2367 enotetum
927 2308 994 2387 est,
1027 2303 1083 2368 sed
1106 2323 1171 2370 uon
1195 2312 1244 2368 ιιι
1265 2321 1302 2387 op

145 2412 334 2476 auctoritate
365 2411 561 2474 extrinsecus
591 2409 729 2491 odecitn,
761 2417 798 2473 ut
829 2409 882 2473 κιιι
912 2415 984 2493 post
1009 2406 1129 2484 ἥδιστος
1154 2407 1302 2475 collocstu

144 2516 402 2583 eiiciendumst
404 2522 561 2580 ιιιιι.ιιιιιι
611 2514 734 2600 Nempe
770 2522 818 2579 est
854 2535 963 2580 versus
994 2515 1150 2580 Homeri·
1183 2521 1302 2594 νιγρετι

146 2621 283 2705 ἥδιστος,
308 2621 471 2699 ύιινύτῳ
452 2643 577 2700 ιιγχισ.
579 2646 600 2684 ιι
625 2622 734 2691 έιικύς.
760 2620 786 2706 (ν
810 2619 877 2706 80.)
904 2621 951 2685 En
976 2621 1163 2707 exemplum
1193 2630 1266 2707 post
1292 2625 1302 2684 l

144 2729 222 2802 slis,
250 2750 312 2813 qun
336 2728 524 2792 auctoritate
548 2727 670 2792 codices
696 2730 796 2791 nostri
820 2730 885 2790 sint
909 2731 942 2790 in
967 2728 1136 2811 particulis
1157 2729 1302 2813 preesertl

145 2832 343 2923 digerendisl
376 2833 489 2921 Pergit
519 2833 733 2919 Porphyrius:
767 2835 819 2897 κκὶ
853 2834 902 2896 ἐτ’
932 2833 1037 2898 ἄλλων
1062 2837 1302 2914 τεριεχύντιινι

145 2941 379 3021 κατειληφότων
404 2939 471 3003 τὸν
494 2936 563 3003 ύλιν
587 2939 674 3015 λέγει
700 2953 771 3003 κτλ.
803 2939 841 3002 In
862 2938 891 3002 D
916 2945 964 3004 est
987 2947 1044 3004 τῶν
1069 2937 1156 3005 ὅλων.
1182 2940 1302 3006 Neutru

144 3055 285 3122 rectum,
322 3052 449 3131 corrupt
436 3044 517 3110 telus
549 3050 639 3132 origo
671 3047 704 3109 in
736 3052 887 3130 promptu
918 3059 976 3110 est.
1025 3045 1141 3112 Veram
1174 3045 1302 3112 lectione

144 3161 248 3220 servat
235 3152 387 3218 ttVene
374 3160 443 3216 tzus
481 3150 656 3232 κιτιιλιιφύ
658 3175 770 3215 τωντ
780 3151 907 3216 ὸὸλιν.
954 3151 1020 3218 Ult
998 3160 1077 3218 time
1107 3157 1141 3217 in
1174 3152 1295 3219 Veneto

144 3260 248 3326 lucere
279 3266 372 3341 sunt,
404 3261 438 3322 in
464 3264 536 3322 nost
537 3260 581 3321 ris
605 3260 784 3343 corrupte
776 3279 810 3321 m
833 3258 917 3323 huuc
942 3260 1092 3323 modum·
1119 3259 1172 3321 κιιι
1200 3259 1302 3335 ,λιμέι

144 3365 292 3445 ναύλοχοι
317 3362 513 3442 catulinus?
538 3365 566 3442 (δ
590 3363 669 3447 846)
694 3365 801 3449 λέγει,
826 3361 924 3436 εἷς
893 3389 941 3436 coc
966 3363 1031 3429 ἔστι
1056 3365 1163 3430 δύνειν.
1198 3363 1264 3429 ύύεν
1291 3388 1302 3428 ι

144 3472 280 3550 δέδυμσι,
314 3472 365 3536 δύο
396 3470 431 3534 ἐκ
461 3474 538 3546 μιᾶς
570 3470 768 3542 καταδύσεως
800 3478 855 3544 τῆς
881 3471 914 3534 ἐκ
938 3470 1088 3550 γαστρός.
1125 3470 1302 3556 Utrorumq

143 3598 203 3663 ope
237 3579 345 3643 omnis
379 3576 424 3640 sic
459 3579 493 3641 iu
530 3577 690 3663 integrum
728 3579 950 3642 restituentur:
985 3579 1189 3658 κέχρηται
1228 3579 1268 3644 δέ
1296 3600 1302 3639 ι

145 3684 330 3747 συνθέσει
366 3690 436 3756 τῆς
473 3679 619 3757 λέξεως
655 3682 723 3747 sal
759 3684 795 3746 έν
830 3684 880 3761 τῷ
905 3682 1050 3760 ,λιμένες
1075 3685 1103 3748 δ’
1128 3682 1171 3749 ένι
1196 3685 1302 3761 νιιύλιι

145 3791 225 3871 αὐτῇ
255 3787 469 3866 triumuirum?
501 3788 566 3852 δύο
598 3788 779 3864 λέγων
754 3814 797 3861 εις
822 3785 870 3859 οὓς
895 3787 960 3852 ἔστι
985 3789 1092 3855 δύνειν.
1117 3789 1185 3854 ύύεν
1209 3791 1302 3875 κιιδ[

145 3894 278 3972 δι’διιμιι,
310 3894 405 3958 δύιέ
391 3898 424 3957 έκ
455 3898 531 3970 μιᾶς
564 3894 761 3965 καταδύσεως
788 3894 895 3980 (στῆτ’
880 3917 914 3957 εκ
938 3897 1076 3975 γαστρός
1062 3900 1101 3983 ς.)
1135 3897 1302 3963 Lunulisi

145 3999 225 4066 clusi
258 4021 337 4084 quae
369 4003 403 4064 in
434 3998 626 4064 scholiorum
661 3999 830 4065 lliecorum
861 4001 1024 4067 codicibus
1047 4003 1287 4082 desiderentur,

145 4108 261 4172 nostris
285 4107 410 4172 edsunt.

192 4317 220 4395 δ,
247 4317 323 4383 819.
354 4317 506 4404 Deplorat
528 4318 685 4406 Penelope
708 4343 837 4398 necem,
861 4329 899 4387 ut
922 4325 984 4388 sibi
1008 4325 1200 4404 videbstur‚
1226 4332 1258 4393 ιι
1278 4344 1302 4390 ιι
