2978 4950
781 222 825 288 40

203 429 319 495 quam:
352 409 417 473 ἕπεί
442 408 507 472 zai
532 414 673 491 λοχαγὸς
698 413 713 477 θ
736 412 923 493 τιξίιρχος,
946 415 981 476 iu
1006 410 1122 496 quibus
1146 411 1254 478 verbis
1278 408 1398 479 desiuit

204 526 349 581 nostrum
379 514 545 589 Scholion,
569 524 602 581 et
623 526 840 592 contractum,
869 557 910 566 -
934 525 972 582 ut
994 538 1090 602 supra
1112 513 1274 603 diximus,
1300 557 1343 568 -
1368 526 1399 586 et

203 644 278 688 vero
301 626 399 687 etiam
423 621 622 687 distractum.
669 624 754 689 Nam
777 625 876 689 altera
899 645 971 708 pars
994 623 1220 707 disputationis
1252 623 1398 712 Porphy-

202 731 329 815 riauae,
359 752 439 817 quae
469 751 544 796 cum
574 732 787 816 superioribus
811 751 872 794 uno
895 737 1003 794 tenore
1025 720 1195 796 coniuncta
1217 730 1343 818 legitur
1365 736 1399 798 in

204 838 326 904 Veneto
350 838 377 902 B
399 839 439 904 ad
463 839 611 921 iliadem,
635 841 669 901 in
691 840 807 902 nostris
829 835 966 902 Scholiis
990 837 1064 902 hinc
1092 836 1205 903 avulsa
1228 837 1270 902 ad
1291 839 1318 921 θ,
1332 836 1398 904 340

202 944 304 1009 relata
338 951 399 1018 est,
435 967 547 1031 qoam,
579 967 653 1009 cum
685 965 746 1008 non
778 946 883 1030 magis
914 942 1101 1029 corruptelis
1133 950 1244 1022 vacet,
1271 946 1319 1010 ibi
1343 966 1400 1011 suo

205 1050 274 1116 loco
299 1052 517 1117 tractabimus.

250 1290 289 1348 οι,
316 1264 381 1330 110
404 1286 490 1349 seqq.

343 1373 367 1434 οί
392 1372 449 1446 μὲν
471 1367 522 1448 ἄρ’
547 1364 620 1433 οἶνον
644 1369 772 1445 ἔμισγον
795 1368 835 1432 ἐνί
860 1376 1000 1447 κρητῆρσι
1025 1370 1078 1433 καί
1104 1369 1196 1449 ὕδωρ,

339 1477 365 1539 oi
390 1475 419 1539 δ’
443 1473 519 1539 οὔτε
542 1475 709 1551 σπόγγοισι
735 1479 947 1554 πολυτρήτοισι
970 1476 1131 1557 τραπέζας

342 1583 418 1662 νίζον
442 1584 493 1644 xci
519 1582 724 1660 πρότιθεν,
747 1584 807 1644 τοί
832 1581 872 1645 δὲ
895 1581 968 1659 κρέα
994 1585 1101 1646 πολλὰ
1121 1584 1283 1648 δατεῦντο.

206 1686 388 1774 [regebatur
410 1687 488 1752 olim
515 1709 559 1752 vs.
587 1684 666 1750 112:
692 1687 768 1762 νίζον
792 1689 845 1750 καί
869 1689 1119 1764 προτίθεντο,
1144 1688 1203 1753 iti
1224 1687 1299 1767 ιορέιι
1315 1707 1400 1767 rra,

205 1796 311 1860 verbis
334 1816 372 1858 ex
396 1796 552 1878 scriptura
576 1795 724 1876 antiqua,
749 1793 865 1856 unciali
894 1813 929 1857 ac
949 1799 1116 1871 continua,
1137 1794 1233 1859 aliter
1251 1816 1288 1860 ac
1308 1797 1401 1881 peius

205 1901 336 1986 quidem
364 1901 540 1984 diremptis.
588 1898 637 1963 Ad
661 1899 737 1963 haec
760 1897 925 1963 Scholion:
950 1899 1075 1975 ἄμεινόν
1098 1911 1192 1980 φησιν
1216 1902 1400 1982 ‘flectionis

207 2044 248 2054 -
274 2011 375 2073 immo
405 2007 614 2087 Aristarchus,
645 2005 700 2068 cfr.
734 2002 845 2068 Cobeti
877 2013 909 2068 et
934 2004 1087 2070 Dindorfii
1111 2006 1150 2071 sd
1175 2009 1207 2072 h.
1220 2007 1244 2072 l.
1268 2015 1400 2074 annoto

205 2116 307 2178 tiones
338 2122 370 2179 et
399 2111 549 2176 Scholion
583 2111 623 2174 ad
653 2134 694 2186 γ,
723 2111 781 2194 10,
807 2111 891 2195 quod
916 2133 983 2176 rem
1008 2109 1153 2195 conficit,
1180 2152 1220 2161 —
1245 2118 1399 2191 νίνογινώ-

206 2244 288 2283 σκειν
320 2221 393 2296 ,κοί
427 2220 584 2302 πρότιθεν,
614 2219 659 2280 τοί
692 2218 723 2281 tl
748 2217 824 2281 -.”
848 2219 900 2280 νοιί
926 2219 990 2296 γὰρ
1014 2219 1028 2283 ό
1052 2220 1146 2295 λόγος
1171 2217 1247 2284 οὕτω
1273 2224 1399 2298 μᾶλλον

206 2327 385 2397 ἀκόλουθος·
410 2327 435 2389 ci
459 2327 517 2400 μὲν
540 2320 612 2387 οἶνον
637 2323 783 2406 ἔμισγον,
807 2325 831 2386 οἱ
856 2325 887 2388 δὲ
911 2326 1079 2401 σπόγγοισι
1104 2324 1196 2404 νίζον,
1220 2329 1246 2390 οἱ
1271 2327 1304 2391 δὲ
1324 2330 1396 2406 κρέμ

206 2433 351 2513 ἕμὲριζον.
385 2433 437 2495 κοί
462 2431 565 2498 ἄλλοις
590 2431 641 2493 τὸν
665 2430 880 2508 πορσοτοτινόν
902 2437 956 2495 τοῦ
979 2433 1084 2507 τίθνμι
1107 2433 1306 2512 ἕνεργιρτιιιῶρ
1331 2429 1396 2499 οἶδε

205 2541 372 2616 λεγόμενον
393 2540 406 2602 ό
428 2541 572 2614 ποιητής,
592 2541 624 2602 οὑ
647 2538 841 2620 παθητικῶς,
865 2540 973 2620 ,σορόν
994 2537 1026 2600 δέ
1042 2547 1099 2617 σφι
1113 2540 1222 2604 τίθει.”
1237 2542 1290 2624 (οι,
1308 2539 1394 2624 142.)

206 2648 424 2711 ἀκόλουθον
457 2645 748 2719 πληθυντικόν,
781 2644 857 2724 νίζον
881 2646 933 2708 κοί
960 2646 1106 2723 πρότιθεν.
1153 2645 1324 2711 Servatum
1347 2653 1395 2712 ast

204 2756 238 2817 iu
271 2753 372 2816 tribus
402 2749 501 2815 codd.
536 2749 649 2826 MDll,
675 2753 794 2834 optime
817 2753 850 2812 iu
875 2750 929 2825 Μ,
954 2755 1007 2835 qui
1034 2758 1238 2815 tamencum
1263 2755 1396 2817 caeteris

205 2861 320 2925 habere
355 2858 483 2922 videtur
518 2857 613 2922 verba
648 2877 710 2920 non
747 2857 946 2920 cohaerentia
982 2858 1143 2921 οίνόλουθον
1176 2861 1395 2936 πληθυντικόν,

205 2967 244 3031 ad
287 2987 367 3051 quae
411 2962 609 3028 Dindorfius:
648 2963 870 3039 „scribendum
916 2963 1043 3027 videtur
1078 2958 1099 3043 ᾧ
1140 2965 1302 3029 ιίνόλουθον
1343 2965 1395 3031 vel

205 3072 366 3137 ἀκόλουθον
398 3068 475 3135 οὗν.”
521 3070 683 3135 Posterius
715 3067 903 3153 amplectar,
929 3070 983 3133 sed
1006 3091 1045 3134 ne
1068 3073 1116 3135 ita
1138 3071 1268 3154 quidem
1293 3074 1395 3137 oratio

204 3183 281 3245 satis
317 3182 469 3243 concinna
503 3181 580 3241 erit.
628 3175 841 3255 Quamobrem
877 3178 1076 3260 scripserim:
1113 3178 1274 3241 ἀκόλουθον
1316 3174 1395 3263 (οὖν

205 3287 270 3351 κοί
295 3286 351 3368 τὸ)
381 3284 599 3357 πληθυντικόν.
635 3282 731 3361 ,νίζον
754 3284 806 3344 κοί
831 3281 997 3358 πρότιθεν,”
1022 3283 1143 3364 verbis,
1167 3305 1248 3368 quae
1270 3283 1396 3368 lunulis

203 3392 336 3475 inclusi,
361 3394 552 3474 nescioquo
576 3390 614 3453 de
638 3409 734 3454 causa
756 3389 892 3452 omissis.

250 3627 289 3680 οι,
317 3601 392 3668 113.
416 3599 517 3666 intrat
541 3598 666 3665 Athene
688 3605 720 3664 et

387 3710 439 3782 τὴν
464 3709 494 3772 δὲ
519 3708 598 3772 πολὺ
623 3713 737 3786 πρῶτος
761 3707 808 3771 iis
833 3705 1027 3788 Τηλέμαχος
1052 3707 1190 3782 θεοειδής.

204 3815 388 3881 Adnotatur
422 3815 461 3879 ad
496 3816 590 3878 haec:
628 3817 730 3883 καλῶς
763 3821 876 3894 πρῶτος
907 3815 1101 3895 Τηλέμαχος
1132 3818 1263 3889 Ἀθηνᾶν
1294 3816 1394 3901 ἐφορᾷ

206 3925 303 4009 (recte
326 3924 372 3986 sic
391 3921 440 3994 D,
462 3922 515 4002 όρρῖ
540 3920 579 4004 Ε)
605 3923 642 3990 ὡς
666 3919 760 3990 αὐτὸς
784 3921 873 3996 μόνος
898 3920 960 3982 aab
985 3923 1044 3983 τῶν
1068 3920 1173 3984 ἄλλον
1196 3926 1395 4001 φρονιμώ.

204 4053 338 4111 τερος,
371 4034 430 4091 τῶν
449 4028 625 4104 μννστιίρον
646 4028 711 4104 περί
732 4029 891 4102 συμπόσιον
916 4027 1153 4105 ἀσχολουμένων
1177 4027 1261 4111 (ΒΕ)
1320 4030 1396 4096 Non

204 4142 279 4202 sunt
310 4134 416 4199 hercle
445 4135 554 4220 magni
586 4133 663 4198 haec
694 4135 868 4215 momenti,
900 4132 953 4195 sed
984 4138 1022 4195 ut
1045 4132 1166 4217 aliquid
1190 4128 1394 4221 significent,

203 4243 356 4308 suaserim
388 4247 424 4304 ut
454 4239 597 4327 legatur:
630 4240 667 4310 ὡς
699 4239 791 4311 corte
817 4239 907 4316 μόνος
931 4238 994 4301 ixi
1018 4245 1076 4301 τῶν
1101 4238 1206 4305 ἄλλων
1233 4248 1394 4322 φαντα-

202 4349 377 4439 ζόμενος.
