2978 4950
695 182 758 250 461

128 372 289 440 Haraoliti
325 374 488 439 codicibus
519 373 570 438 ἐπὶ
603 381 710 444 κανοῖς
735 393 753 439 a
777 371 922 438 Sohowio
944 374 1126 454 noeentum,
1151 371 1324 453 utrumque

128 479 339 547 Mahlerianis
361 479 414 546 vel
437 481 631 546 mendosius.
679 480 843 545 Sententia
866 479 1004 544 auotoris
1028 482 1078 541 ast
1097 480 1240 562 podiam,
1262 495 1324 560 quo

128 587 312 651 ίιιοιιίοπιίεω
346 587 524 652 ostenderet
559 587 636 652 haee
673 587 711 652 de
745 586 912 652 elementis
946 582 1116 671 allegorice
1147 603 1214 647 esse
1245 585 1325 647 aoei-

127 693 262 778 pianda‚
296 695 422 779 saepitrs
452 713 489 758 ea
511 694 652 759 iterasse.
702 695 758 757 Δι’
781 691 959 771 εὐπόρων
981 688 1022 768 γέ
1045 712 1089 754 τοι
1112 688 1164 753 καί
1191 690 1325 754 ἐπιπο-

127 808 201 874 λῆς
233 800 445 877 άλλννοριιιῶς
475 800 663 879 παριστάναι
687 798 874 878 βουλόμενος
899 796 992 863 ταυτί
1017 796 1058 861 τά
1083 803 1246 877 στοιχεῖα,
1271 795 1323 861 καὶ

127 903 205 984 μετ’
238 908 343 984 ὀλίγον
368 941 421 956 --
446 906 530 972 αὐτοὶ
564 907 653 971 ταῦθ’
685 905 878 990 ὑφίσταται,
909 906 932 968 i.
958 924 985 968 e.
1016 911 1053 966 ut
1080 901 1233 990 allegoria
1255 904 1325 966 uni·

128 1015 246 1098 auique
277 1012 425 1098 expedita
457 1018 489 1077 at
520 1015 609 1098 quasi
640 1015 675 1077 in
699 1010 864 1099 superfiuis
887 1010 991 1096 posita
1014 1009 1067 1074 sit.
1114 1007 1235 1074 liudem
1256 1029 1325 1073 sen·

127 1123 234 1186 tantia
265 1127 361 1206 eaput
391 1120 571 1185 oonoludit:
605 1119 655 1186 διά
679 1126 769 1184 τοῦτο
793 1119 824 1184 δέ
848 1143 899 1196 μοι
926 1118 1008 1183 lose?
1027 1124 1162 1197 συνεχῶς
1186 1115 1325 1193 daturo·

127 1235 191 1306 ριίν
224 1228 297 1306 ὑπέρ
325 1228 441 1312 (immo
473 1226 576 1313 περὶ)
609 1229 726 1311 αὐτῶν,
756 1224 799 1291 ἵν’
830 1229 847 1300 ἦ
878 1225 1053 1290 δοκοῦσα
1077 1233 1161 1296 τοῖς
1186 1221 1325 1288 ἔπεσιν

129 1333 373 1413 ὑΦεδρεόειν
404 1332 595 1414 άσάφεια
624 1335 672 1414 τῷ
704 1333 887 1409 διηνεκεῖ
916 1339 985 1406 τῆς
1010 1329 1280 1413 παραδόσεως
1308 1326 1325 1410 ᾖ

127 1440 435 1521 γνωριμωτέρα.

174 1651 213 1722 G.
246 1652 320 1718 Xhl
347 1658 394 1739 (p.
419 1652 497 1738 86):
522 1657 591 1726 Πάς
615 1654 678 1733 γάρ
704 1656 719 1720 ό
743 1657 836 1730 μῦθος
860 1654 1071 1734 όλλιίνορνρται
1094 1655 1162 1735 περὶ
1187 1661 1245 1721 τῶν
1267 1655 1325 1720 ἄπ’

128 1763 234 1843 dixis
269 1758 422 1841 τεττάρων
455 1762 623 1840 στοιχείων.
655 1760 761 1842 Κρόνον
795 1762 853 1837 μὲν
882 1760 945 1841 γάρ
976 1761 1117 1842 όνομάζει
1146 1760 1197 1825 τόν
1219 1759 1325 1842 χρόνον

129 1867 218 1933 κατά
242 1866 423 1947 μετάληψιν
448 1867 510 1939 ένός
536 1868 700 1950 στοιχείου.
725 1869 828 1947 πατὴρ
853 1868 883 1932 δέ
908 1872 966 1932 τῶν
990 1863 1066 1933 όνιων
1091 1867 1105 1930 ό
1127 1867 1246 1947 χρόνος,
1273 1903 1325 1918 --

128 1973 175 2040 διὸ
202 1975 237 2047 δὴ
260 1973 328 2056 ῥίζα
351 1980 410 2038 τῶν
433 1973 589 2051 τεττάρων
612 1976 774 2056 στοιχείων
797 1971 882 2047 οὗτός
908 1975 985 2040 ἐστι.
1031 1973 1148 2040 Daisss
1169 1974 1324 2059 quaedam

128 2080 198 2148 rel·
219 2100 332 2146 osseus
366 2081 483 2147 videat.
528 2081 645 2166 ltaque
676 2080 841 2147 Mehlerus
872 2087 927 2147 ant
958 2081 1111 2147 excidisse
1136 2082 1325 2146 sententiam

128 2189 266 2271 statuit,
289 2189 324 2251 in
347 2187 432 2252 huno
456 2186 588 2253 modum
610 2189 837 2254 revocandam:
858 2188 909 2253 τόν
929 2192 986 2264 μέν
1007 2182 1055 2252 οὖν
1077 2187 1181 2267 Κρόνον
1203 2187 1325 2267 πατέρα

128 2296 234 2361 αὐτῶν
267 2293 461 2372 ὑφίσταται,
495 2300 552 2359 sut
574 2300 698 2360 mutato
722 2298 952 2361 sententiarum
977 2294 1085 2360 ordine
1109 2295 1327 2380 praeponenda

129 2401 226 2467 duxit
249 2399 343 2465 haee:
369 2402 472 2480 πατὴρ
497 2399 527 2464 δὲ
552 2406 610 2464 τῶν
634 2398 710 2465 iton
734 2402 747 2465 ό
774 2400 887 2480 χρόνος.
929 2399 1020 2480 Quod
1045 2421 1115 2465 enm
1142 2399 1325 2485 disputandi

127 2512 274 2574 tenorem
297 2525 424 2591 prorsus
449 2511 481 2572 et
501 2508 714 2591 interrumpat
733 2512 765 2572 et
785 2511 986 2592 corrumpat,
1006 2505 1120 2572 lacuna
1139 2507 1325 2583 statuenda,

128 2613 185 2680 sed
210 2612 314 2679 lenius
337 2615 383 2678 sic
407 2612 472 2679 iere
495 2612 667 2698 explenda:
694 2613 799 2692 Κρόνον
823 2614 879 2689 μὲν
903 2614 968 2692 γάρ
992 2611 1131 2691 ὀνομάζει
1154 2615 1235 2699 (τὸν
1258 2636 1327 2676 πα-

128 2719 229 2797 τέρα
264 2720 411 2796 αὐτῶν,
447 2717 653 2804 τουτέστι)
686 2719 737 2783 τόν
771 2716 896 2801 χρόνον,
929 2727 961 2784 et
991 2722 1036 2785 sle
1067 2721 1185 2803 optime
1216 2719 1326 2784 eadem

129 2827 235 2893 forma
266 2810 426 2910 sequitur:
458 2824 577 2904 μιρτέρα
610 2827 636 2891 δ’
665 2826 770 2897 αὐτοῖς
803 2825 903 2904 ἔνειμε
935 2827 1041 2900 Ῥέαν,
1074 2826 1140 2891 luel
1165 2824 1247 2904 ρ’όσει
1270 2826 1327 2890 τινί

131 2931 188 2999 nal
225 2929 341 3012 αέννάῳ
377 2931 489 3006 κινήσει
525 2933 560 2997 τὸ
592 2936 656 2996 πάν
688 2932 900 3010 οἰκονομεῖται.
934 2933 1041 3013 χρόνου
1073 2934 1108 3008 tt
1140 2932 1192 2997 καί
1217 2932 1328 3012 ρόσεως

132 3038 249 3114 τέκνα,
279 3045 339 3115 γῆν
371 3061 406 3101 τε
437 3037 490 3102 καί
522 3035 615 3121 ὕδωρ,
649 3038 754 3118 ιιίόέρα
779 3064 813 3103 τε
837 3039 891 3104 καί
917 3039 993 3117 άέρα
1019 3037 1072 3102 σὺν
1097 3040 1180 3119 αὐτῷ
1196 3036 1234 3125 (ί)
1258 3040 1329 3104 ὑπε-

134 3143 286 3218 στήσατο.
334 3142 421 3223 Quae
455 3147 572 3208 inserui
607 3165 646 3208 ex
681 3144 759 3210 locis
793 3144 999 3218 adumbravi,
1033 3145 1142 3230 quales
1171 3145 1206 3209 hi
1237 3152 1328 3210 sunt:

135 3248 231 3316 Θέτιν
255 3249 282 3313 δ’
306 3251 403 3324 αότόρν
427 3251 562 3327 εὐλόγως
587 3249 742 3327 άνόμασεν
766 3254 810 3336 (p.
840 3252 896 3336 54)
922 3263 970 3317 et:
997 3255 1111 3329 Ἐρμῆς
1136 3253 1328 3338 ἐφίσταται,

131 3357 293 3424 τουτέστιν
317 3357 331 3420 ό
356 3354 480 3436 ἔμφρων
504 3357 597 3434 λόγος
622 3361 665 3443 (p.
695 3358 773 3440 141)
799 3365 831 3424 et
854 3380 904 3445 ap.
929 3358 1135 3425 Phurnutum
1160 3363 1198 3444 (s.
1220 3359 1328 3442 Corn.)

132 3488 162 3532 o.
190 3463 229 3529 3:
262 3465 350 3529 Ῥέαν
375 3465 431 3537 τὴν
456 3466 575 3543 μντὲρα
595 3466 696 3529 αὐτῶν
722 3465 927 3543 έμυόεόσοιντο
952 3463 1049 3550 εἶναι,
1076 3468 1198 3548 πατέρα
1224 3467 1254 3532 δέ
1279 3470 1330 3533 τόν

131 3569 263 3652 Κρόνον,
286 3569 519 3656 permultisque
542 3570 716 3637 similibus.

181 3779 218 3849 0.
252 3781 343 3847 XLII
373 3782 419 3868 (p.
453 3781 528 3867 88):
561 3782 615 3848 Τά
639 3807 679 3862 γε
703 3786 765 3861 μὲν
788 3784 839 3850 ieri
866 3785 1058 3865 Σαρπηδόνος
1083 3785 1210 3866 δάκρυα.
1261 3786 1331 3865 „lta

131 3888 172 3957 D.
198 3886 329 3972 Reliqui
354 3909 463 3954 omnes
488 3889 690 3968 Σαρπηδόνι.”
736 3889 937 3957 Restituatur
964 3892 1160 3978 reliquorum
1184 3897 1330 3958 omnium

130 3995 290 4062 librorum
314 3993 419 4060 leutio.
468 3995 551 4060 Nam
575 3998 648 4080 quis
670 3997 800 4082 probet:
826 3997 965 4076 δακρύειν
989 3998 1041 4062 έπί
1065 3997 1164 4069 τινοςί

180 4200 217 4271 0.
242 4203 350 4270 XLIII
373 4207 419 4291 (p.
444 4204 518 4290 90):
545 4205 581 4270 ln
604 4209 783 4273 narratione
807 4209 845 4273 de
865 4208 1056 4274 iabrioandis
1076 4206 1216 4274 Achillis
1236 4213 1333 4277 armis

134 4313 229 4394 poeto
241 4310 277 4375 τὸ
290 4313 408 4390 πρῶτον
420 4312 620 4389 ὑπεστήσατο
633 4321 689 4390 τῆς
702 4319 875 4387 παντελοῦς
888 4313 1088 4394 δημιουργίας
1101 4313 1199 4380 νείατα
1212 4316 1330 4399 καιρόν·
