2978 4950
664 132 710 259 ca

92 370 248 453 θτιτιίθειοι
260 379 304 450 είς
317 376 352 442 πθ
363 375 483 458 ἄρχειν·
497 377 558 458 αφ’
572 376 610 443 ὦν
625 379 682 450 τίς
701 379 736 443 σθ
749 379 930 457 βασιλεύειν
947 377 963 443 ἕ
969 402 1019 460 χε
1030 405 1039 444 ι
1049 375 1102 464 (ἕξ
1109 404 1138 445 ει
1151 373 1276 445 Bucam.

90 486 138 571 ci)
157 485 190 549 ἕν
208 486 251 566 τῷ
271 485 340 566 οῖιιςι
361 490 414 549 τοῖν
427 488 502 563 ἐμοῦ
515 487 630 565 πατρὸς
644 485 828 564 Ὀδυσσέως,
842 486 893 550 διὰ
905 485 940 550 σθ
955 488 1055 552 θανεῖν
1068 488 1195 566 ἕκεῖνον;
1210 487 1282 550 ἐὰν

91 592 181 668 ἡμῖν
205 593 322 664 θ-Ζεὺς
345 592 462 657 δώσει
487 591 565 670 ἔργα
591 593 807 672 παλίντροπα,
836 595 900 669 ἤτοι
921 595 1045 659 ἐναντία
1065 602 1123 658 τῶν
1142 593 1281 673 πράξεων

90 704 143 762 σοῖν
177 701 375 779 μνηστήρων,
412 700 464 763 καί
499 700 650 782 βοηθήση,
683 700 744 777 ἐγὼ
776 700 885 775 ἔσομαι
917 698 999 775 ἄναξ
1021 707 1075 765 σοῦ
1101 702 1175 779 ἐμοῦ
1201 700 1283 766 οἴκου

92 806 139 868 καί
168 807 230 885 οὐχ
262 806 361 882 ὑμεῖς.
409 806 574 891 Absurde,
607 806 661 872 sed
691 813 729 871 ut
752 806 842 871 nulio
865 810 993 895 negotio
1019 829 1129 873 verum
1155 810 1284 873 rest'tui

92 915 197 996 possit.
245 912 339 977 Fuit:
373 948 427 962 ·-
458 914 518 992 aa·
551 908 588 976 ὧν
620 938 682 985 τις
713 912 748 976 τὸ
779 914 960 991 βασιλεύειν
992 912 1070 996 ἔχη
1101 915 1131 978 ἒν
1161 939 1191 979 π.
1215 914 1284 994 οίκιρ

94 1023 140 1083 τοῦ
170 1019 248 1096 ἐμοῦ
273 1020 389 1098 πατρὸς
414 1017 603 1103 Ὀδυσσέως,
627 1020 678 1084 διὰ
702 1019 736 1083 τὸ
761 1020 860 1084 θανεῖν
885 1021 1011 1084 ἐκεῖνον·
1037 1019 1155 1100 (deleto
1186 1023 1284 1086 iuter·

94 1125 264 1212 rogationis
294 1127 399 1212 siguo)
430 1127 499 1191 ἐὰν
531 1124 572 1210 (θ’
598 1126 671 1211 ins.)
704 1129 802 1202 ἡμῖν
826 1126 839 1189 θ
866 1128 942 1198 Ζεὺς
966 1128 1060 1206 δῷσι
1094 1127 1160 1214 (cfr.
1187 1127 1283 1192 Dind.

94 1233 166 1318 not.)
193 1229 274 1310 ἔργα
296 1233 510 1310 παλίντροπα,
526 1269 545 1282 -
559 1268 578 1281 -
593 1233 688 1308 -ἐγὼ
713 1231 822 1309 ἔσομαι
847 1230 929 1309 ἄναξ
951 1238 1004 1296 τοῦ
1029 1234 1103 1311 ἐμοῦ
1125 1233 1204 1298 οῖκου
1229 1233 1282 1298 καί

95 1340 149 1418 οὐχ
173 1338 276 1416 ὑμεῖς.

130 1574 173 1628 α,
199 1547 279 1615 408.
303 1550 353 1616 Ad
373 1549 488 1629 πατρὸς
508 1550 594 1629 Φέρει
613 1549 784 1630 ἐρχομένοιο
807 1551 884 1616 haec
908 1556 998 1626 sunt,
1020 1550 1151 1615 fortasse
1163 1550 1286 1614 Aristo·

83 1660 172 1723 uici:
204 1658 285 1727 πινὲε
317 1657 507 1738 γράφουσιν,
534 1657 754 1736 ,,οίχομε’νοιο”.
777 1656 900 1735 οῖμεινον
925 1658 955 1721 δὲ
979 1655 1206 1738 εὐφημίζεσθαι
1229 1659 1284 1730 τὴν

77 1763 199 1844 ἄφιξιν
225 1765 277 1828 πθν
299 1762 489 1842 Εὐρύμαχον
514 1764 745 1829 ὑποθυπεθοντα
771 1766 966 1843 Τηλέμαχον
986 1765 1060 1841 πρὸς
1080 1764 1114 1827 τὸ
1139 1764 1287 1841 μαθεῖν

78 1872 154 1950 περὶ
188 1875 243 1934 τοῦ
271 1870 365 1947 ξένου.
392 1867 525 1956 (EQRS)
549 1869 674 1934 Ultima
697 1870 820 1935 duabus
842 1869 982 1935 literulis
1004 1872 1146 1934 auctiora
1171 1873 1283 1934 sunto:

73 1980 162 2060 πρὸς
188 1977 224 2042 τὸ
249 1979 376 2056 μαθεῖΝ
401 1985 445 2040 TI
470 1976 536 2055 περὶ
560 1980 615 2040 σοῦ
639 1973 735 2052 ξένου.
772 1975 926 2042 Extrema
948 1975 1041 2042 litera
1064 1978 1154 2041 verbi
1179 1976 1288 2052 μαθεῖν

72 2085 126 2152 ds
151 2105 245 2151 more
269 2109 299 2151 σι
324 2084 491 2168 absorpsit.

134 2320 180 2370 α,
206 2295 284 2358 411.
319 2291 407 2358 idem
440 2291 663 2378 Eurymachus
695 2291 733 2356 de
764 2292 891 2358 Msute:
924 2293 957 2356 σθ
980 2293 1037 2369 μὲν
1061 2290 1124 2372 γοίρ
1148 2317 1178 2357 τι
1203 2295 1286 2373 κακῷ

70 2404 132 2475 εἷς
169 2398 241 2465 ὦπα
273 2397 368 2480 ἐῴκει.
415 2397 524 2464 Huius
554 2398 754 2483 paraphrasis
786 2406 835 2464 est
856 2402 890 2463 in
914 2399 953 2464 S:
977 2403 1010 2464 οὖ
1034 2399 1097 2477 γθιρ
1123 2400 1209 2464 κατὰ
1233 2400 1287 2473 την

71 2509 241 2591 πρόσοψιν
272 2503 371 2584 ὅμοιος
405 2500 438 2582 ᾖν
470 2508 520 2585 σῷ
553 2507 647 2585 κακῷ.
695 2505 801 2570 Homo
824 2507 1010 2592 scripserat,
1036 2509 1162 2593 opinor,
1188 2503 1290 2584 ίμοιος

74 2610 124 2687 ἦν
148 2641 198 2697 σιρ
224 2616 321 2694 κακῷ.

136 2852 180 2911 α,
205 2825 282 2890 413.
315 2824 494 2910 Respondet
517 2823 746 2888 Telemachus:

232 2930 413 3012 Εὐρύμαχ’,
439 2931 504 3006 ἤτοι
528 2931 632 3002 νθσσος
657 2931 801 2994 οίπώλεσο
826 2932 942 3008 πατρὸς
967 2932 1067 3008 ἐμοῖο·

233 3039 296 3104 οὔτ’
319 3036 368 3104 οὖν
391 3037 532 3118 οῖγγελίη
556 3035 600 3100 ἔτι
626 3037 788 3115 πείθομαι,
814 3036 843 3101 εί
865 3039 953 3102 ποθεν
977 3037 1074 3115 ἔλθοι,
1115 3050 1119 3060 ’

233 3146 303 3211 οὔτε
327 3146 502 3224 θεοπροπίης
529 3128 728 3224 ἐμπάζομαι,
755 3142 860 3218 ἥντινα
883 3146 985 3223 μήτηρ
1047 3203 1071 3231 1,

235 3254 265 3325 ἐς
288 3252 424 3332 μέγαρον
448 3252 616 3317 καλέσασα
642 3251 802 3326 θεοπρθπον
827 3248 991 3328 ἐξερέηται.
1019 3250 1238 3338 (413-417.)

86 3358 205 3426 Pauca
236 3359 287 3423 his
318 3359 425 3442 addit,
455 3361 527 3443 quis
558 3358 671 3442 hospes
701 3358 798 3423 fuerit
827 3357 960 3422 candide
983 3358 1138 3424 indicans.
1184 3357 1287 3442 Super

86 3464 174 3533 haee
205 3463 396 3530 Scholiaatea
427 3467 531 3529 nescio
562 3466 633 3549 quis
659 3501 699 3512 -
725 3445 859 3528 laciniae
891 3464 1041 3529 videntur
1067 3486 1105 3530 ex
1134 3464 1289 3550 ampliore

88 3571 270 3659 Porphyrii
293 3573 526 3656 disputatione,
542 3573 644 3635 —ita
667 3577 903 3635 commentatus
926 3577 985 3635 est.
1009 3574 1045 3634 ‘H
1070 3572 1126 3646 μὲν
1149 3572 1290 3651 ’ἐρώτησις

89 3682 185 3754 οἱπλῖη
218 3679 285 3758 περὶ
317 3683 370 3742 τοῦ
401 3677 486 3753 ξένου
518 3679 547 3741 εί
575 3701 605 3740 σι
630 3679 804 3754 ἀγγέλλει·
830 3678 843 3741 θ
866 3678 904 3741 δὲ
929 3679 966 3740 ἕν
991 3679 1211 3758 κεφαλαίῳ
1232 3679 1290 3753 δη-

90 3788 230 3857 λώσας
263 3788 306 3850 πὸ
338 3784 641 3864 κεχαρισμένον
673 3783 911 3863 Εὐρυμάχῳ
943 3789 1079 3850 ταῦτα
1111 3784 1287 3862 ἕποίγει,

92 3889 196 3977 οἷον,
227 3891 294 3957 εὀίν
325 3917 385 3962 τις
411 3889 501 3972 ἔλθη
524 3893 585 3970 ἐφ’
611 3893 716 3968 ἡμᾶς
740 3892 931 3968 οῖγγελία
957 3892 973 3965 ἢ
998 3891 1196 3969 μαντεία·
1223 3894 1289 3956 αὐ-

91 4001 162 4072 τὸς
195 3999 234 4064 δὲ
267 3999 479 4080 προσέχειν
509 3999 644 4062 οὐθενί
675 4005 785 4072 Φησι.
818 3997 918 4060 διόλου
942 3993 991 4060 οὖν
1017 3995 1104 4077 ἔργον
1129 3999 1194 4063 ἐστὶ
1221 4008 1289 4071 Τη·

95 4109 235 4186 λεμιίχιρ
268 4106 298 4169 ἕν
322 4107 455 4188 ρ’ριθυμίρι
478 4105 590 4176 αὐτοὺς
616 4104 849 4181 διαφυλάσσειν.
899 4102 1030 4167 Servata
1052 4114 1126 4169 sunt
1149 4106 1226 4170 haee
1256 4108 1288 4169 iu

97 4215 246 4301 pluribus
288 4210 458 4277 codicibus
492 4209 684 4294 (EHQSD)‚
721 4210 775 4274 sed
810 4213 997 4292 praesertim
1032 4231 1112 4295 quae
1148 4213 1289 4276 diductis

97 4320 203 4386 literis
233 4317 413 4406 significavi
444 4325 591 4401 corrupta
621 4321 689 4382 sinc
721 4317 817 4381 dubio
848 4322 881 4380 et
911 4324 995 4380 certe
1030 4317 1290 4401 impeditissima.
