2978 4950
708 176 772 241 414
870 215 875 222 ·

149 366 258 434 codice
288 364 445 442 sanabile,
469 370 502 429 ct
525 365 676 431 libentius
700 385 739 430 cx
764 387 800 431 eo
824 370 1085 455 cognovissemus
1108 391 1148 434 an
1171 373 1317 439 neronis

149 472 256 537 codice
286 479 357 557 post
387 474 589 551 προκειμένοις
619 479 791 556 sequantur
821 459 916 539 variis
948 478 1126 563 aenigmati
1148 476 1261 542 similia
1279 479 1316 547 ὥς

149 586 307 657 προσῆν.
341 579 438 664 (App.
472 601 502 664 p.
540 576 628 662 778).
675 578 710 644 Si
741 580 874 657 adsunt,
900 601 937 645 ex
962 583 1002 645 iis
1026 584 1165 666 pessime
1188 581 1317 647 mulcatis

149 683 398 771 exsculpendum
422 688 605 750 existimavi
631 684 695 751 talo
715 688 909 770 quaestionis
924 687 1072 752 initium:
1092 689 1145 752 οὐκ
1170 689 1316 763 οἰκεῖος,

149 791 261 876 Φησίν,
286 790 421 871 ἔλεγχος
441 791 510 856 οὐδὲ
536 790 738 864 ἀκόλουθος
763 801 827 863 τοῖς
847 793 1065 872 προκειμένοις.
1091 795 1158 857 καὶ
1182 796 1267 876 πρὸς
1285 796 1316 856 ri

149 898 345 979 βλασφημεῖ
365 898 395 961 δὲ
416 901 455 969 ὡς
476 898 740 975 μαινόμενον;
764 897 931 978 Quomodo
947 902 1092 984 quaestio
1110 899 1212 966 soluts
1227 901 1313 976 frent

149 1005 240 1069 nobis
262 1007 368 1089 periit.

197 1305 221 1357 r,
247 1279 325 1347 364.
375 1281 531 1362 Κύκλωψ,
562 1282 686 1364 εἰρωτᾷς
716 1281 752 1359 μ’
784 1281 878 1356 ὄνομα
907 1284 1031 1360 storin
1056 1285 1254 1353 Adiectirnu
1272 1284 1310 1348 hit

150 1408 214 1452 non
237 1386 331 1451 solita
354 1384 584 1473 significatione
609 1387 752 1452 adhiberi
774 1389 924 1454 docemur
946 1390 1067 1457 scholio
1090 1414 1129 1457 ex
1153 1392 1198 1466 Q:
1224 1389 1308 1454 κλυτὸι

150 1494 203 1556 οὐκ
229 1489 358 1575 ἔνδοξον,
378 1492 455 1557 αλλ’
477 1492 510 1570 ἐξ
529 1489 563 1557 οὗ
582 1499 757 1577 καλοῦμαι,
775 1493 793 1559 δ’
808 1498 889 1560 ἐστιν
908 1497 1080 1574 ἐπώνυμον,
1103 1496 1306 1575 ὦςκαὶἼβνκιι

154 1599 284 1682 »κλυτὸς
309 1598 418 1678 oripo?
442 1601 456 1664 ὃ
480 1601 678 1676 καλούμενος.
729 1600 797 1666 Iam
828 1601 1046 1670 Buttmunnus
1077 1606 1117 1670 ad
1140 1602 1304 1691 Etymologi·

152 1726 227 1770 cum
250 1705 408 1793 Magnum
434 1709 472 1789 (s.
499 1728 528 1771 v.
556 1706 646 1790 Ἠώς)
673 1728 728 1772 nos
752 1711 891 1793 remisit,
912 1712 946 1773 in
964 1713 1055 1775 cuius
1074 1705 1303 1799 paragraphitiu

151 1812 319 1878 simillima
342 1811 494 1900 leguntur
518 1834 556 1877 ex
580 1814 811 1898 antiquioribus
834 1821 928 1900 atquo
951 1818 1180 1904 integrioribus
1198 1815 1302 1882 toribus

149 1919 188 1984 ab
219 1926 354 2005 utroque
384 1926 511 1984 auctore
542 1919 713 2004 descripta:
746 1923 892 1994 Αἱολικῶς
925 1921 955 1986 δὲ
987 1922 1068 1995 αὔας
1098 1922 1243 2008 (dicitur),
1260 1920 1302 1984 iri

149 2030 203 2090 τοῦ
233 2025 296 2090 αὔοι
325 2029 360 2091 τὸ
391 2032 499 2107 φωνῶ·
531 2026 598 2092 αὕει
632 2028 695 2105 γὰρ
718 2029 760 2090 τοὶ
786 2026 865 2107 ζῷα,
891 2025 910 2094 i'
930 2030 995 2094 ἐστι
1021 2038 1131 2105 καλεῖ,
1157 2030 1207 2094 καὶ
1227 2027 1302 2092 aim

149 2134 256 2199 πάντα
288 2135 341 2220 (au
376 2130 563 2217 παντεςῒ)
597 2134 633 2197 δι’
666 2136 775 2207 αὐτῆς.
810 2135 861 2199 καὶ
894 2136 957 2215 γὰρ
989 2132 1302 2202 contentusero·

145 2242 270 2318 Ἴβυκον
294 2240 439 2319 εἰρηκέναι
466 2241 598 2316 ,,κλυτὸν
617 2239 747 2319 ὅρθρον,”
765 2242 815 2305 τὸν
835 2247 889 2305 τοῦ
908 2243 1010 2306 κλύειν
1029 2243 1139 2308 αἴτιον.
1170 2242 1205 2307 Ιιι
1221 2235 1302 2306 nholii

148 2348 247 2413 nostri
280 2347 373 2413 initio
404 2345 535 2410 malim:
563 2349 673 2410 κλυτὸν
699 2347 787 2432 (νῦν)
811 2349 863 2412 οὐκ
887 2346 1023 2422 ἔνδοξον,
1047 2350 1124 2413 ἀλλ’
1150 2363 1216 2413 κτλ.
1252 2341 1301 2408 Hc

149 2475 271 2539 quoquc
303 2456 461 2518 neminem
494 2454 603 2540 fugere
635 2460 752 2537 potest,
778 2456 1007 2538 expositionem
1043 2455 1211 2519 verborum
1239 2444 1300 2534 syri

148 2582 209 2625 uon
246 2561 338 2645 plano
374 2581 439 2624 esse
472 2560 602 2623 eandem
636 2563 667 2622 in
700 2575 806 2624 nostra
829 2567 903 2624 nota
925 2568 956 2625 et
980 2561 1064 2645 apud
1089 2560 1298 2647 stymologuu:

149 2670 266 2750 quippe
298 2667 381 2750 apud
413 2666 497 2729 hunc
530 2667 638 2735 κλυτὸς
664 2664 757 2744 ὄρθρος
783 2670 951 2750 exponitur
973 2669 987 2728 ο*
1011 2673 1065 2730 τοῦ
1091 2668 1192 2730 κλύειν
1213 2665 1295 2729 ains.

146 2778 178 2838 in
202 2775 317 2837 nostris
342 2776 355 2834 ι’
381 2775 587 2848 καλούμενος,
614 2793 710 2857 quam
735 2781 841 2836 tamen
864 2776 1053 2855 scripturam
1078 2795 1140 2837 nou
1163 2773 1249 2838 habeo
1264 2783 1297 2831 cut

146 2885 220 2947 vitii
244 2880 437 2945 insimulem.

192 3182 216 3228 ι,
243 3155 318 3219 366.
369 3150 462 3224 Οὖτις
494 3153 593 3229 ἔμοιγ’
626 3152 738 3228 ἕνομαῑ
771 3150 1051 3230 προπεριοπαστέον
1085 3154 1136 3212 νῦν
1160 3152 1200 3210 τὸ
1223 3145 1299 3220 ὄνομνΙ

147 3265 195 3328 ἐπὶ
222 3265 253 3328 δὲ
277 3268 330 3326 τοῦ
360 3262 456 3343 »οὔτις
483 3285 523 3337 με
544 3259 671 3322 κτείνει”
692 3258 796 3341 (408),
819 3256 1033 3334 παροξυντὲον·
1055 3257 1165 3347 cisiis
1184 3251 1302 3332 pipuitt
1344 3274 1346 3279 ·

146 3372 239 3449 λόγου
274 3369 575 3447 παραλαμβάνεται.
612 3366 665 3448 (Q)
698 3366 753 3428 Est
787 3366 863 3429 haec
892 3364 1066 3428 Herodiaui
1101 3373 1191 3435 noia,
1216 3364 1246 3424 iu
1266 3375 1308 3440 qut

146 3479 367 3544 inconcinnum
401 3483 501 3549 certe,
533 3495 572 3551 ne
601 3473 732 3559 gravius
756 3472 877 3537 dicam,
907 3472 1031 3534 videtur
1056 3473 1090 3534 ri
1116 3468 1227 3549 ὄνομα,
1248 3459 1309 3548 quoi

145 3585 293 3649 Struvius
319 3587 351 3646 in
376 3584 409 3645 τὸ
436 3578 530 3649 Οὖτις
558 3580 719 3652 mutabat,
746 3581 947 3659 existimans,
973 3580 1108 3640 sirecte
1134 3579 1311 3658 interpretor,

145 3692 237 3767 ὄνομα
274 3713 312 3754 cx
344 3690 496 3753 lemmate
528 3706 594 3750 esse
625 3687 807 3767 repetitum.
854 3683 994 3747 Facilius
1025 3681 1131 3746 multo
1163 3674 1312 3745 Herodiani

144 3820 258 3863 manus
284 3797 467 3860 restituetur
491 3796 553 3856 sic:
579 3789 857 3870 προπεριοοιαοτέον
882 3794 931 3851 νῦν
955 3791 999 3859 ὡς
1025 3788 1139 3865 ὄνομα,
1164 3795 1196 3853 et
1219 3782 1313 3851 simul.

145 3910 177 3969 ni
210 3905 320 3986 fallor,
353 3905 475 3966 verius:
509 3921 601 3964 causa
626 3901 711 3961 enim
731 3899 848 3960 mutati
872 3905 1018 3960 accentus
1042 3899 1087 3959 sic
1113 3902 1238 3959 tantum
1261 3889 1314 3957 red·

147 4012 242 4075 ditur.
292 4009 438 4074 Indidem
474 4013 702 4092 provenerunt,
737 4024 815 4086 quae
846 4006 875 4064 in
908 4002 1132 4085 Epimerismis
1156 4000 1314 4065 Homericis

148 4118 300 4203 (Anecdd.
334 4116 456 4180 Oxoun.
489 4113 649 4194 Uramori,
681 4120 703 4173 t.
731 4111 743 4173 Ι
768 4133 798 4193 p.
824 4108 908 4190 314,
937 4110 975 4173 10
1008 4116 1108 4192 seqq.)
1133 4130 1156 4171 s.
1185 4130 1213 4172 v.
1240 4104 1335 4200 Οὖιιρ

147 4224 312 4309 leguntur:
347 4223 380 4284 τὸ
413 4224 444 4284 οὐ
475 4221 642 4296 ἐπίρρημα·
668 4220 701 4280 τὸ
727 4222 772 4286 ris
800 4217 945 4293 ἀόριστον.
971 4219 1004 4278 τὸ
1031 4217 1061 4279 δὲ
1088 4211 1182 4285 Οὖτις
1209 4217 1256 4277 ini
1277 4215 1317 4274 roi

148 4332 315 4396 Ὀδυσσέως
350 4332 436 4390 ciani
469 4330 567 4410 [τοῦ]
602 4327 797 4403 ὀνόματο7
826 4328 952 4402 κυρίου
977 4323 1255 4399 λαμβάνεται·
1278 4320 1318 4382 nsi
