2978 4950
713 144 780 207 tls

152 335 255 401 Aliter
289 335 458 401 Eustathio
494 337 618 406 visum,
653 339 744 399 cuius
774 338 963 402 sententiam
994 335 1110 401 attulit
1142 333 1333 401 Diudorlius:

153 443 345 520 ,assiduaru-
374 444 398 508 ol
423 447 528 506 τοῦτο
553 447 801 522 Φυλοκριυοῦκτες
825 443 878 507 καὶ
902 442 1045 522 &copiare
1070 442 1335 521 διασπσιόξσυτες

151 545 222 614 εἶτα
255 550 306 614 sal
331 549 454 614 λύσεσιυ
477 545 533 613 οἷον
557 547 800 619 συιουλώσσιτες
825 549 998 629 προσίιυτιιι
1023 544 1105 625 ὅμως
1130 550 1185 613 καὶ
1205 551 1261 622 τὴν
1282 548 1337 612 Nl·

149 679 237 720 κυιιιυ
270 657 389 726 τούτου
413 670 483 720 κτλ.
507 657 552 741 (p.
578 653 677 737 1957,
703 652 770 741 16.)
793 652 856 720 Oui
882 691 925 705 -
945 657 974 720 si
998 662 1084 720 recte
1106 659 1251 720 mentem
1274 656 1335 719 eius

150 765 219 848 cepi
245 800 284 810 -
310 768 343 827 et
376 762 568 827 obiectiones
599 767 631 825 st
662 759 835 826 solutiones
864 762 1000 827 eundem
1032 761 1152 826 habere
1182 767 1336 827 suetum

149 869 317 946 videntur,
355 867 517 934 molestias
552 867 622 932 ludi
657 867 782 951 iociquo
816 886 911 934 causa
942 868 1098 934 excitatas
1130 866 1336 933 solutionibus

148 997 211 1042 non
246 978 353 1040 minus
382 975 495 1040 iocosis
525 973 629 1059 lepide
661 972 848 1039 diluentem.
893 976 938 1039 At
965 974 1047 1039 nihil
1080 976 1193 1039 minus
1220 992 1336 1039 verum.

148 1079 309 1165 (lrimins,
333 1082 450 1168 quibus
472 1086 539 1146 tots
562 1082 707 1165 pericope
727 1082 763 1164 (c
789 1079 935 1165 1-205t
960 1084 1069 1167 spuria
1093 1088 1128 1147 et
1151 1081 1191 1146 ab
1211 1079 1336 1145 Homeri

150 1189 376 1255 cousuetudine
396 1188 498 1253 aliena
519 1189 676 1274 arguitur,
701 1207 741 1252 er
764 1188 935 1254 Aristonici
958 1189 1118 1254 breviario
1144 1225 1187 1238 -—
1213 1195 1253 1252 st
1275 1205 1337 1252 om·

149 1298 224 1360 iicio
248 1332 289 1344 -
315 1301 462 1379 excerpta
491 1295 684 1382 gravissima
714 1303 790 1358 sunt
820 1301 852 1360 st
884 1298 965 1360 serio
994 1301 1079 1360 certa
1110 1294 1256 1380 prolata,
1286 1314 1337 1359 uec

150 1402 324 1487 quidquam
348 1402 387 1467 ab
411 1401 587 1466 Aristarchi
610 1402 739 1488 ingenio
759 1403 923 1478 remotius,
944 1422 1041 1488 quam
1062 1400 1142 1466 talis
1162 1421 1222 1486 per
1236 1401 1336 1466 lusum

150 1510 336 1592 chuerum,
361 1528 424 1593 quo
447 1507 573 1573 facilius
595 1507 711 1592 lepidis
734 1505 877 1572 artificiis
901 1509 1125 1573 refutarentur.
1153 1510 1199 1572 At
1220 1510 1250 1572 is
1268 1527 1336 1592 quo

148 1635 228 1700 qus,
251 1618 307 1699 qui
328 1614 465 1702 singulis
489 1614 676 1679 criminibus
700 1615 904 1679 brevissimas
926 1614 1101 1680 solutiones
1119 1614 1286 1686 adiunxit,
1299 1651 1334 1663 -

149 1742 229 1786 uum
259 1728 293 1786 et
322 1730 430 1786 nostra
460 1728 491 1785 et
524 1739 604 1804 quae
635 1718 675 1784 ad
699 1735 717 1782 λ
745 1717 810 1783 385
834 1719 976 1808 gemella
1000 1739 1129 1805 prorsus
1151 1722 1337 1787 exhibentur

149 1827 366 1915 Porphyrium
398 1826 575 1910 redoleant,
607 1825 693 1891 haud
717 1846 773 1910 pro
796 1835 882 1892 carto
906 1827 1059 1904 dixerim,
1082 1865 1128 1877 -
1152 1828 1239 1894 serio
1259 1831 1336 1915 egit,

149 1953 251 2019 neque
274 1936 344 1999 eins
366 1939 573 2021 argumenta.
601 1935 662 1997 etsi
686 1932 856 1998 falsissima
875 1937 1127 2019 omuis‚¹speoie
1146 1940 1180 2000 et
1197 1937 1337 2000 scomma

150 2047 267 2106 carent.
314 2040 378 2114 Qui
410 2042 538 2115 acriter,
575 2045 607 2103 et
636 2041 677 2103 iis
706 2060 786 2124 qnae
810 2059 905 2125 supra
926 2044 1019 2127 posui
1042 2047 1076 2107 et
1096 2041 1252 2126 pluribus
1273 2039 1337 2105 aliis

149 2146 371 2211 Aristarcheae
401 2148 575 2210 sententiae
606 2146 761 2222 obruatis,
785 2152 887 2211 totam
911 2167 1002 2212 suam
1027 2150 1335 2234 argumentationem

147 2253 198 2318 his
223 2253 327 2318 verbis
352 2251 528 2318 concludit:
554 2252 606 2315 sci
632 2251 736 2319 ἄλλοι
761 2250 792 2316 δὲ
818 2253 851 2316 ἐκ
875 2260 931 2327 τῆς
955 2253 1043 2318 κατὰ
1066 2253 1122 2327 τῆν
1143 2253 1335 2336 στιχοποιίαν

149 2359 317 2433 δεινότητος
340 2361 375 2422 τὸ
399 2361 518 2436 acinaces
541 2359 593 2422 τὸυ
615 2360 753 2436 Ὀμκρον
776 2360 933 2435 ὁμολογεῖ.

195 2465 367 2530 Videamus
391 2486 491 2531 nunc.
515 2486 555 2529 au
576 2486 613 2528 ex
634 2474 722 2548 parte
741 2485 836 2549 supra
857 2464 1013 2550 descripta
1032 2467 1166 2531 mendas
1186 2467 1334 2551 quasdem

149 2579 219 2656 post
243 2572 402 2635 editorum
427 2592 516 2635 curas
548 2574 730 2635 etiamnunc
761 2592 831 2636 earu
863 2571 1067 2657 deturpantes
1099 2573 1216 2638 tollere
1247 2573 1335 2658 possi·

148 2700 230 2741 mus.
256 2677 379 2741 Vitium
405 2677 495 2741 alunt
520 2678 609 2741 haee:
638 2675 682 2741 ἔτι
707 2679 760 2740 οὐκ
785 2676 849 2740 ἔστι
875 2681 941 2740 καθ’
964 2678 1102 2757 Ὀμῆρου
1127 2680 1332 2761 ψυχοπομπὸς

148 2787 162 2847 o‘
194 2788 316 2862 'Esaia
355 2785 420 2847 οὐδὲ
452 2786 502 2847 τὸυ
535 2784 720 2847 Ἀπόλλωνα
746 2833 843 2850 .....
871 2785 921 2848 ἐπὶ
955 2794 1010 2858 τῆς
1043 2796 1213 2860 πυκτικῆς,
1249 2788 1273 2849 εἰ
1296 2788 1334 2862 μὴ

148 2888 247 2968 ἅπαξ.
296 2892 366 2955 Iam
398 2889 579 2955 Diudortius
604 2893 668 2954 οὐδὲ
700 2894 835 2955 correxit
866 2912 921 2975 pro
953 2892 1023 2957 οὔτε
1053 2893 1273 2978 iudicavitque
1297 2892 1334 2957 la-

147 3021 280 3081 cunam,
307 3003 338 3062 in
363 3019 425 3083 qua
450 2999 667 3074 „desideratur
690 2999 822 3063 verbum
848 3019 866 3062 a
890 3019 951 3083 quo
971 3001 1105 3084 pendeat
1127 3001 1333 3078 mensatim,

146 3106 238 3190 quale
273 3113 320 3169 est
352 3101 443 3169 οἶδε.”
475 3105 572 3168 Recte
605 3106 751 3188 quidem,
777 3108 839 3167 nisi
864 3105 947 3188 quod
974 3107 1106 3170 verbum
1133 3110 1247 3171 statim
1271 3113 1333 3190 post

147 3215 211 3278 οὐδὲ
243 3224 290 3276 est
320 3213 517 3295 ponendum,
551 3219 586 3273 ut
619 3210 749 3274 lacunae
774 3213 863 3297 origo
886 3213 1105 3295 perspiciatur.
1154 3213 1218 3277 Sed
1243 3216 1331 3276 etiam

146 3327 297 3391 πυκτικῆς
330 3324 528 3401 suspectum:
562 3337 717 3400 nusquam
747 3317 850 3391 anim,
884 3320 910 3380 si
935 3325 1018 3381 recte
1042 3321 1197 3395 memini,
1223 3316 1333 3403 Apollo

144 3426 228 3510 opud
252 3423 434 3488 llomerum
459 3423 619 3509 pugilatui
644 3429 784 3506 praeest,
803 3443 838 3487 ac
859 3423 1000 3487 multum
1026 3424 1237 3509 praetulerim
1258 3449 1333 3496 τοιῆ·

146 3540 244 3607 τικῆς,
272 3531 354 3614 quod
379 3530 562 3613 Alphousus
587 3528 751 3593 Heclrerus
776 3530 935 3614 quondam
960 3534 1010 3593 vir
1028 3534 1239 3596 acutissimus
1258 3551 1333 3595 mar·

146 3641 214 3726 giui
240 3637 472 3722 Pluygersiauo
497 3639 648 3720 appinxit.
683 3635 890 3699 Scribendum
916 3637 1035 3723 igitur:
1062 3640 1128 3702 οὐδὲ
1152 3636 1264 3722 (οἶδε)
1286 3638 1332 3700 τὸν

147 3747 332 3809 Ἀπόλλωνα
369 3746 417 3805 ἐπὶ
451 3750 505 3814 τῆς
538 3753 771 3818 ποιῆτικῆς,
798 3746 823 3805 εἷ
848 3747 891 3818 μῆ
916 3742 1017 3818 discr?
1067 3744 1249 3810 Interiectis
1272 3747 1333 3828 qui·

146 3853 298 3917 busdam:
333 3854 497 3924 Κυλλήνιος
530 3850 560 3912 δὲ
593 3851 726 3924 οὐδαμοῦ
751 3850 867 3927 etism
892 3851 908 3923 ῆ
934 3847 1034 3926 ἅπαξ.
1060 3853 1114 3914 οὐκ
1139 3850 1197 3926 ἔξω
1224 3853 1329 3928 λόγου,

147 3960 198 4021 acl
231 3966 323 4027 σῶκος
357 3959 407 4020 καὶ
434 3958 494 4031 dics
521 3956 695 4021 Ἀπόλλων.
722 3958 772 4020 Ad
797 3959 813 4030 ἢ
838 3954 929 4031 ἅπαξ
954 3957 1190 4023 Buttmauuus:
1219 3961 1332 4042 „suspi-

145 4085 198 4129 cor
230 4065 313 4128 istud
347 4067 362 4136 ῆ
395 4066 554 4127 intrusum
588 4084 654 4126 esse
686 4064 725 4126 ab
750 4062 893 4148 illisqui
916 4082 978 4126 uon
1002 4065 1331 4130 animadverterenta

146 4171 241 4234 verlro
280 4169 371 4243 ἅπαξ
407 4173 544 4253 incipere
583 4173 814 4253 responsionem
852 4169 1033 4239 οέσυυδὲτως.
1060 4211 1101 4218 —-
1130 4171 1329 4260 ,lungendum

145 4284 252 4340 autem
287 4290 361 4357 puto
387 4273 494 4350 οἵτοιξ,
521 4278 572 4340 οὐκ
598 4274 653 4350 ἔξω
680 4277 784 4356 λόγου,
812 4279 860 4337 xxi
887 4284 979 4345 σῶκος
1005 4278 1062 4360 (sc.
1091 4279 1211 4355 Ἐρμῆς
1236 4287 1331 4342 κυκλεῖ-
