2978 4950
731 159 797 227 502

175 349 258 433 quod
292 358 361 414 onte
395 373 577 415 consess-som
611 374 711 417 oooesn
742 352 915 440 augurium
947 352 1057 418 feeerit
1089 349 1357 438 Theoclymeuus3

173 476 248 521 uam
276 465 343 540 post
374 459 587 522 descensionem
615 462 721 543 potius
752 461 811 524 hoc
844 461 951 525 evenit
975 461 1001 544 (o
1026 457 1093 523 525
1119 460 1234 544 seqq).
1263 459 1357 524 Vm„

173 564 246 628 laec
274 564 369 647 ipsius
398 566 576 629 scholiastae
606 567 742 650 confusio
770 567 966 652 relinquendo
988 572 1031 629 est
1055 563 1178 629 eden?
1227 566 1271 632 At
1292 584 1359 630 sero

175 669 306 737 Lehrsio
329 671 443 756 (Arist.
468 693 499 757 p.
526 671 604 757 100)
624 695 764 756 perversa
785 674 915 758 quidem
938 693 1091 738 versuum
1112 671 1357 737 damnandorum

175 796 270 842 causa
289 777 390 843 afferri
408 781 478 843 sisa
490 785 537 843 est
548 827 557 856 ‚
570 799 670 863 neque
684 784 789 844 tamen
802 779 929 865 culpam
943 779 1040 844 huius
1052 781 1099 844 rei
1110 778 1145 842 in
1157 781 1265 865 ipsum
1278 777 1359 843 eche

173 881 302 947 liastam
327 885 548 950 conferendam
571 888 707 971 putavit.
744 885 856 963 „Quod
877 884 1111 952 Buttmaunus”
1134 923 1177 936 -
1195 887 1301 971 inquit
1322 921 1359 932 -

176 989 230 1065 „in
262 989 381 1057 scholio
410 992 444 1067 β’
474 991 547 1057 vult
569 1012 625 1076 pro
650 991 693 1070 νβ’
717 998 749 1057 et
771 994 823 1057 σείκ
847 993 931 1058 delet
955 999 1028 1058 ante
1052 991 1187 1072 σίκσίρσς
1213 990 1274 1057 hoc
1297 1010 1359 1076 pro·

174 1095 302 1161 bamus:
337 1098 420 1182 quod
452 1098 597 1163 εἰσελθεῖν
620 1099 650 1161 ἐν
673 1077 712 1180 cit
736 1097 786 1172 ννί
807 1101 1034 1185 interpretatur
1056 1112 1173 1165 navem
1200 1096 1358 1164 ascendere

172 1202 421 1289 scholiastaeque
453 1206 690 1283 „confusionem
720 1205 877 1291 reliquit',
908 1205 1139 1290 improbamus.
1168 1203 1276 1270 Verba
1298 1203 1358 1284 σρίν

174 1308 318 1374 εἰσελθεῖν
354 1310 385 1375 ἐν
415 1321 453 1392 σῇ
486 1314 535 1389 ννί
561 1311 677 1378 mutila
711 1320 801 1392 sunt,
834 1312 965 1378 fortasse
988 1314 1034 1377 sic
1058 1311 1275 1378 restituenda:
1299 1310 1359 1390 πρὶν

174 1415 320 1481 εἰσελθεῖν
351 1418 407 1501 (su.
440 1419 482 1489 εἰς
514 1417 608 1503 ἄστυ)
639 1422 691 1484 οὐκ
724 1421 753 1483 ἐν
777 1429 815 1502 τῇ
841 1418 917 1493 νννί.”
963 1419 1127 1485 Persuasit
1150 1421 1357 1483 coniecturam

174 1519 325 1588 Ic'ehrsius
355 1522 535 1600 Dindorli0,
562 1527 622 1590 etsi
646 1526 817 1610 prudenter
839 1527 892 1591 hic
915 1525 1090 1592 admodum
1114 1544 1187 1590 eam
1212 1526 1245 1587 in
1270 1523 1359 1588 adno-

173 1628 293 1694 tatione
327 1631 437 1695 critica
471 1631 679 1698 abscondidit.
725 1634 928 1720 Adroganter
961 1631 1092 1698 fortasse
1127 1630 1228 1714 lacio,
1257 1632 1287 1712 „si
1310 1629 1358 1694 ad·

174 1756 283 1801 versus
319 1743 367 1802 tot
401 1740 486 1803 viros
518 1739 632 1803 studiis
658 1737 837 1805 Homericis
857 1739 1047 1805 clarissimos
1067 1757 1128 1826 ego
1150 1757 1236 1801 nunc
1260 1721 1357 1825 grim·

174 1845 285 1908 matici
319 1846 438 1929 nostri,
475 1883 515 1892 —
553 1845 623 1929 quis
658 1846 701 1910 sit
735 1867 808 1912 mox
844 1846 1046 1928 videbimus,
1084 1881 1126 1890 -
1162 1851 1196 1908 et
1219 1842 1317 1908 verba
1333 1847 1360 1905 et

172 1952 363 2016 sententiam
389 1951 567 2017 defendam.
613 1951 769 2037 Equidem
795 1959 920 2031 autem,
944 1952 1083 2016 nisime
1107 1951 1217 2015 omnia
1239 1948 1359 2023 fallunt,

173 2077 275 2142 neque
296 2060 330 2122 in
349 2059 455 2123 verbis
476 2060 568 2123 video
588 2059 672 2144 quod
685 2059 788 2124 adhuc
800 2059 991 2125 correctione
1002 2058 1158 2144 indigeat,
1173 2058 1319 2140 nequein
1331 2074 1358 2118 re

76 2187 82 2202 “
174 2167 328 2249 perspicio
352 2165 442 2231 illam
467 2166 703 2249 confusionem,
726 2186 821 2250 quam
842 2165 1060 2231 Buttmannus
1082 2164 1167 2249 „ipsi
1178 2161 1359 2227 scholiastae

174 2269 337 2336 relictam''
362 2271 497 2337 volebat.
545 2272 692 2336 Primum
719 2272 756 2335 de
780 2273 950 2337 verborum
977 2269 1165 2358 integritate
1191 2268 1358 2334 rideamus

172 2376 250 2441 Post
272 2376 464 2443 Buttmanni
487 2378 619 2444 demum
643 2377 815 2443 editionem
841 2400 879 2443 ex
903 2376 1077 2444 Harleiuno
1101 2374 1223 2462 prodiit
1242 2374 1359 2440 brevior

173 2482 250 2548 haec
290 2485 432 2549 eiusdem
464 2487 637 2549 sententiae
676 2489 767 2549 nota:
802 2485 853 2548 ssi
886 2488 946 2561 μὴν
982 2483 1134 2548 οὐδέπω
1172 2481 1357 2546 εἰσελθὼν

175 2591 232 2662 εἰς
258 2593 325 2665 τὴν
350 2597 442 2655 ναῦν
467 2593 574 2655 decisas
600 2590 650 2653 τὸν
676 2591 781 2655 οἰωνόν.
831 2595 878 2655 Au
904 2592 980 2656 haee
1005 2610 1144 2674 quoque,
1172 2591 1218 2653 its
1244 2588 1358 2653 diversa

174 2705 210 2762 ut
238 2701 416 2763 communis
440 2705 545 2762 tamen
569 2700 658 2784 origo
683 2697 766 2761 clarc
790 2698 966 2782 polluceat,
994 2697 1125 2761 eandem
1151 2716 1250 2780 quam
1272 2693 1358 2758 Leir-

174 2808 240 2869 sins
282 2806 409 2870 volebat
452 2805 555 2869 labem
594 2814 625 2868 et
661 2803 897 2869 mutilat-ionem
934 2826 1024 2889 passa
1059 2799 1155 2867 suntl
1204 2805 1254 2866 Au
1289 2801 1356 2864 haee

173 2932 296 2996 quoque
344 2911 546 2975 Lehrsiauam
591 2914 800 2975 mutationem
847 2908 1074 2976 admitterent?
1120 2909 1235 2992 Itaque
1272 2907 1357 2972 verbs

172 3020 237 3083 iam
273 3020 312 3083 ab
348 3022 434 3082 omni
471 3020 616 3083 mutandi
653 3022 814 3083 conamine
848 3026 918 3083 tuta
950 3022 981 3082 in
1014 3025 1177 3102 posterum
1204 3017 1270 3082 fore
1293 3036 1356 3080 con·

172 3122 242 3189 fido.
291 3125 332 3188 Et
368 3146 462 3209 quam
494 3127 700 3189 enarrationis
733 3129 970 3208 perversitatem
1004 3127 1044 3188 iis
1080 3125 1183 3188 inesse
1219 3123 1356 3188 credebat

170 3232 404 3314 Buttmannus,
441 3254 476 3295 ea
508 3233 583 3295 cedo
616 3231 719 3315 qualis
751 3229 819 3295 est?
851 3232 928 3295 Post
961 3231 1215 3304 descensionem,
1241 3234 1356 3315 inquit,

170 3338 403 3425 Theoolymeno
436 3343 609 3425 augurium
640 3338 678 3401 de
703 3359 764 3421 quo
786 3337 928 3421 loquitur
953 3338 1076 3411 evenit,
1102 3357 1164 3401 non
1191 3344 1264 3403 ante
1289 3357 1355 3403 con·

168 3466 309 3510 scensam
334 3467 457 3510 navem.
491 3445 592 3527 Atqui
618 3445 675 3507 hoc
701 3453 732 3508 et
757 3465 868 3508 verum
894 3450 940 3508 est
965 3450 995 3508 et
1020 3465 1083 3507 uon
1108 3466 1233 3509 verum.
1261 3445 1355 3508 Theo·

169 3552 336 3638 clymenus
368 3554 540 3638 augurium
567 3551 663 3625 vidit,
690 3560 721 3613 et
745 3572 823 3615 nave
849 3554 913 3613 iam
938 3551 976 3614 ad
1001 3550 1147 3615 Ithacam
1174 3551 1308 3637 appulsa
1330 3558 1357 3613 st

171 3659 222 3724 vel
259 3664 303 3724 sic
339 3666 444 3722 tamen
480 3668 549 3718 cosle
588 3678 768 3717 eonscecscm
813 3680 921 3719 siccem.
972 3656 1057 3720 Mira
1094 3678 1222 3722 narrare
1261 3657 1358 3721 videor

170 3787 340 3850 secumque
372 3768 566 3851 pugnantia,
599 3763 638 3826 ad
670 3785 748 3846 quae
781 3765 940 3848 probanda
972 3771 1077 3828 tamen
1103 3766 1141 3829 ad
1166 3769 1277 3851 ipsum
1300 3765 1358 3829 Ho-

170 3893 291 3935 merum
326 3892 474 3956 prosam,
508 3871 545 3933 ad
581 3891 633 3933 eos
663 3874 746 3953 ipsos
779 3892 887 3934 versus
911 3895 923 3934 c
950 3870 1014 3934 525
1038 3892 1133 3955 seqq„
1165 3894 1246 3957 quos
1272 3874 1358 3937 Butt-

169 3998 303 4040 mannus
334 3979 373 4042 ad
404 3978 598 4042 contrarium
631 3977 825 4060 probandum
859 3981 1019 4042 excitavit.
1071 3978 1151 4057 Quis
1186 3984 1274 4045 euim
1300 3978 1358 4044 illic

167 4086 358 4166 conspicitur
382 4084 568 4148 narrationis
594 4081 702 4147 tenor?
739 4083 838 4148 Navis
863 4106 942 4168 quae
968 4094 1000 4148 et
1023 4084 1257 4151 Telemachum
1284 4090 1357 4151 eius-

166 4208 226 4270 que
262 4188 393 4254 comites
425 4200 456 4254 et
486 4188 761 4275 Theoolymenum
794 4192 931 4255 vehebat
966 4192 1141 4276 appellitur
1173 4195 1213 4258 ad
1240 4195 1359 4259 Ithacae

167 4295 282 4357 isesicloe
314 4316 400 4359 oram
425 4317 520 4380 prope
546 4317 616 4360 eam
642 4299 711 4382 agri
738 4313 879 4380 partem,
906 4300 958 4362 ubi
982 4299 1145 4363 Eumaeus
1173 4303 1311 4388 degebat
1332 4307 1358 4363 et

140 4576 308 4660 A
