2978 4950
713 162 780 229 394

151 351 391 429 absumendis,
416 358 452 416 ut
477 352 665 437 plerumque
686 364 749 425 est,
775 355 889 418 obsita.
930 352 1078 419 Correxit
1097 356 1165 420 iam
1184 354 1319 421 Prellems

151 464 268 525 αὐτοῦ
304 467 336 526 et
368 460 566 543 ἐπιθέσεως,
598 482 673 526 cum
697 464 730 524 in
754 460 861 526 oodioe
883 465 926 527 sit
948 464 1100 542 σωτηρίας
1125 462 1199 543 παρ’
1223 464 1317 551 αὐτόν

149 566 312 643 τεύξεσθαι
346 573 378 633 et
412 572 519 631 πᾶσαν
552 569 738 639 ὑποθέσεως
771 567 912 632 ὑπόνοιαν
945 571 1041 655 (App.
1067 593 1098 656 p.
1126 568 1221 656 778),
1241 573 1316 635 inter·

151 678 354 758 punctionem
376 695 506 759 pravam
527 694 721 759 pravamque
739 677 772 739 in
793 676 889 740 verbo
905 676 1071 750 ε’νίστνσιν
1092 682 1126 743 et
1146 675 1315 756 ἐπελπίζειι

151 783 414 866 praepositionem
448 802 532 845 nune
563 784 631 865 ipse
663 782 856 864 emendabo,
887 792 925 846 ut
948 786 983 847 in
1007 791 1170 869 posterum
1194 784 1314 871 legatur:

152 887 336 964 ἀξιοπίστως
360 888 600 961 συνίστησιν
626 888 733 952 ἑαυτὸν
757 890 806 951 ἐπὶ
831 898 870 970 τῇ
891 888 1017 967 πρόσθεν
1037 891 1228 972 εὐδαιμονίᾳ,
1245 912 1315 968 προσ·

152 994 327 1071 ποιούμενος
352 994 413 1059 ἔτι
437 994 571 1075 ἐλπίζειν
595 998 745 1075 σωτηρίας
770 995 842 1073 παρ’
865 997 961 1060 αὑτοῦ
985 997 1148 1074 τεύξεσθαι
1171 1012 1239 1062 ιιτλ.

196 1208 239 1274 at
274 1208 319 1274 sio
354 1208 393 1273 ad
428 1230 547 1273 nonum
585 1208 704 1273 libmm
740 1212 959 1294 pervenimus,
997 1211 1037 1275 ad
1067 1232 1163 1296 quem
1194 1210 1315 1295 inprimis

149 1315 254 1380 multa
288 1322 365 1380 suut
396 1314 516 1380 scholia
541 1316 573 1378 in
598 1337 661 1380 uno
684 1315 924 1403 Hambnrgensi
947 1325 1089 1394 servata,
1114 1324 1147 1382 et
1168 1317 1314 1381 mendosis

151 1425 251 1506 aime,
273 1460 314 1469 —
341 1428 378 1486 ut
401 1443 484 1486 nune
508 1424 592 1486 inter
618 1443 727 1487 omnes
751 1430 889 1499 ooustat,
911 1462 953 1472 —
966 1427 1084 1509 scripto
1107 1426 1212 1490 codiee
1232 1430 1259 1488 et
1277 1420 1314 1487 rel

153 1529 335 1593 mendosius
355 1528 450 1593 edito.
487 1527 607 1593 Bonam
632 1534 754 1614 partem
775 1549 915 1593 errorum
938 1539 970 1594 et
988 1530 1191 1605 lacunarum,
1204 1535 1315 1613 suntque

151 1638 184 1699 iu
208 1635 259 1700 his
282 1656 395 1722 graves
418 1634 610 1718 admodum,
634 1637 698 1700 iarn
724 1636 756 1698 in
781 1633 1154 1701 Observationibusolim
1167 1635 1313 1701 tollendam

151 1749 183 1807 et
205 1742 400 1807 sarciendam
429 1744 598 1825 proposui,
624 1744 656 1804 in
681 1743 829 1805 omnibus
851 1742 933 1820 fere,
959 1744 1020 1807 nisi
1046 1745 1101 1807 ubi
1125 1743 1235 1808 melius
1255 1739 1313 1824 quid

149 1851 309 1933 insperato
339 1871 376 1913 ex
400 1850 549 1934 peritiore
573 1847 691 1912 codicis
714 1847 883 1912 collatione
907 1850 1039 1933 prodiit,
1063 1856 1203 1914 veterem
1224 1850 1313 1913 etiam·

149 1977 233 2020 nune
268 1975 396 2020 servans
432 1957 632 2019 senteutiam.
681 1954 768 2034 Quae
801 1963 872 2038 post
901 1954 1146 2021 Observationes
1177 1959 1208 2019 in
1230 1954 1313 2018 luoeu

150 2062 250 2127 editas
274 2064 410 2145 reperire
433 2060 515 2124 mihi
535 2063 689 2147 contigit,
711 2082 747 2126 ea
767 2068 799 2125 et
818 2082 913 2147 supra
933 2065 1070 2146 earptim
1090 2065 1185 2148 attigi
1204 2070 1234 2125 et
1249 2078 1314 2123 nune

150 2170 259 2234 ordine
282 2167 457 2233 recensebo.

194 2302 221 2356 r,
246 2273 276 2338 2.
373 2274 513 2337 Ἀλκίνοε
537 2283 645 2350 κρεῖον,
670 2273 792 2337 πάντων
817 2274 984 2348 οὶριδείιιετε
1008 2281 1102 2337 λαῶν.

149 2382 198 2445 Ad
230 2382 307 2445 haee
338 2378 419 2459 HQ:
444 2379 495 2442 τὸν
519 2379 681 2457 εὐεργέτην
705 2381 842 2444 ἐπαινεῖ·
865 2381 1021 2458 σύμφορον
1046 2380 1175 2460 γὰρτῷ
1198 2379 1312 2456 δεομένην.

148 2489 182 2550 τὸ
209 2491 265 2563 μὲν
289 2489 323 2558 δὴ
349 2495 442 2562 κρεῖον
462 2495 517 2559 τῆς
539 2486 707 2561 βασιλείας
729 2486 867 2561 ἔπαινος,
887 2490 921 2550 τὸ
940 2488 1161 2564 δὲ-οὶριδείκετε
1180 2494 1230 2550 τοῦ
1247 2485 1313 2548 eard

152 2599 270 2672 μορφὴν
295 2592 480 2669 ἀξιώματος.
521 2594 621 2671 (Quae
646 2603 821 2676 sequuntur
845 2595 1010 2657 emendavi
1037 2617 1067 2678 p.
1095 2595 1185 2673 2²84).
1217 2594 1313 2657 Eadem

149 2710 223 2765 sunt
260 2704 292 2763 in
325 2700 351 2762 Τ
384 2701 435 2762 sed
471 2700 630 2762 uberiora:
666 2697 736 2774 όίμα
767 2703 823 2774 μὲν
849 2701 945 2785 luxi]
974 2704 1011 2770 ὥς
1036 2702 1198 2779 εὐεργέτην
1220 2702 1318 2763 ἐπαινεῖ

149 2811 304 2885 σύμφορον
328 2810 369 2884 τῷ
396 2806 541 2882 δεομένῳ,
567 2805 638 2879 ἅμα
664 2809 693 2868 δὲ
719 2806 1033 2885 καταστοχαζόμενοε
1059 2817 1114 2879 τῆς
1141 2806 1315 2884 προαιρέσεως

147 2922 200 2979 τοῦ
232 2916 404 2990 βασιλέως·
441 2914 533 2982 αὐτὸς
559 2914 621 2989 γαρ
651 2914 687 2974 tv
713 2910 745 2984 ἦν
769 2922 824 2986 τῆς
849 2923 975 2987 πομπῆς
1003 2915 1178 2990 ἡγούμενος.
1205 2914 1259 2977 ἔδει
1278 2908 1314 2974 οὖν

147 3025 200 3094 τίρν
233 3023 401 3097 βασιλείαν
433 3021 483 3082 καί
515 3025 568 3088 τὴν
603 3024 656 3080 τοῦ
689 3019 830 3092 σώματος
858 3021 1009 3099 ὑπεροχὴν
1034 3023 1117 3099 αὐτῷ
1143 3029 1317 3097 μαρτυρῆσαι

147 3131 219 3206 ὑπὲρ
246 3134 297 3191 τοῦ
324 3128 605 3204 εὐφραίνεσθε
618 3150 634 3187 ι.
677 3126 854 3189 Deleudum
883 3127 933 3187 καί
959 3149 996 3189 ex
1021 3131 1221 3210 apertissima
1239 3127 1316 3189 dito

148 3236 282 3324 graphia
314 3241 445 3306 natum,
472 3233 525 3295 sed
549 3240 709 3316 praeterea
735 3241 766 3295 et
791 3233 1031 3318 corrigendum:
1057 3236 1128 3296 adr.
1153 3259 1187 3309 ρ.
1215 3235 1251 3296 ιἰν
1272 3232 1317 3301 sla

148 3358 179 3408 et
199 3357 377 3406 extrorsum
404 3341 535 3402 verbum
558 3340 759 3402 emendatum
780 3346 913 3422 oportet.
946 3338 1008 3401 Hie
1029 3362 1103 3403 vero
1123 3342 1220 3404 rodes
1239 3360 1320 3425 quau·

148 3451 270 3513 tumvis
293 3468 409 3531 pravus
435 3445 545 3527 eulpae
564 3448 686 3507 insons.
702 3467 773 3507 oum
796 3446 1011 3522 εὐφραίνεσθαι
1028 3467 1065 3508 ex
1086 3446 1220 3510 l'relleri
1238 3470 1321 3523 παρα·

147 3557 321 3633 διορθώσεως
347 3556 399 3615 sit.
438 3551 471 3613 ln
499 3552 604 3614 codiee
629 3554 780 3634 seriptum
803 3558 849 3614 est
868 3553 1090 3628 εὐφρᾶναι,
1113 3554 1197 3636 quod
1222 3568 1267 3618 est
1285 3573 1322 3615 sa·

145 3666 327 3726 nissimum.
365 3659 490 3722 Etenim
521 3657 628 3720 Ulixes
648 3658 770 3720 Alcinoi
794 3668 981 3740 potestatem
1003 3666 1033 3721 et
1052 3661 1323 3741 corporisforman

149 3769 328 3853 praedicare
353 3771 384 3829 et
408 3762 557 3828 extollere
583 3764 731 3838 debebat,
752 3785 813 3827 uon
835 3773 869 3826 ul
892 3786 924 3825 so
943 3766 996 3827 sed
1018 3774 1054 3826 ut
1074 3787 1194 3846 repam.
1218 3771 1325 3850 opinor,

146 3875 353 3941 exhilararet,
382 3891 519 3953 eumque
544 3873 587 3932 sic
614 3870 786 3954 benigmum
813 3870 873 3933 sibi
900 3871 1050 3935 redderet.

192 4112 218 4161 ι,
247 4087 276 4148 ll<
374 4087 420 4148 Οὐ
445 4084 508 4161 γὰρ
532 4083 635 4160 ἔγωγέ
659 4085 691 4146 τί
714 4089 797 4163 paler
821 4084 908 4152 τέλος
934 4084 1130 4162 χαριέστερον
1156 4086 1235 4152 εἶναι

371 4191 387 4263 ἢ
414 4186 457 4252 ὅτ’
483 4191 650 4267 ε’ὔφροσύνν
677 4192 732 4266 μὲν
758 4190 816 4269 ἔχει
840 4192 924 4254 καίτοι
949 4192 1042 4266 δῆμον
1065 4191 1220 4278 ἅπαντα,

375 4296 554 4372 δαιτυμόνες
581 4300 606 4361 δ’
632 4299 694 4360 daal
719 4298 838 4373 δείματ’
861 4298 1073 4378 ακοιιοίζωνται
1101 4303 1217 4366 οὶοιδοῦ.
