2978 4950
148 108 225 182 οἶκον
251 111 432 188 Ὀδυσσέως.
470 114 560 196 Quod
579 120 653 183 anto
669 118 790 184 multos
808 139 905 185 annos
922 121 1134 186 conieceram:
1156 114 1248 184 orire
1261 110 1326 199 νιὶδ

149 221 227 299 ήσοιν
253 224 279 288 ol
299 246 351 299 μυ.
374 221 576 309 συνηγμένοι,
599 224 686 290 idom
709 245 835 311 prorsus
858 226 1041 293 emendavit
1065 223 1219 305 munus,
1239 248 1265 293 ι.
1280 214 1334 293 ῦῙ·

148 333 182 396 in
213 328 367 395 Mnemos.
402 329 442 394 N.
475 328 507 395 S.
542 328 558 394 1
594 327 724 413 (1873),
758 352 788 417 p.
824 332 876 396 12.
919 330 1007 397 Idem
1042 335 1165 419 optime
1196 333 1341 401 nent-

148 439 262 522 respioi
284 437 344 502 bac
364 442 439 501 nota
460 434 629 501 lectionem
656 435 938 524 Aristophaneam,
964 441 1055 504 cuius
1075 439 1208 506 obscura
1219 438 1351 533 mantio

147 542 292 608 iniioitur
321 544 354 607 in
387 539 508 607 scholio
543 543 583 608 ad
606 542 631 619 β
654 541 735 619 313,
761 545 858 608 etiam
882 545 942 609 boc
965 544 1126 629 praeclaro
1154 545 1311 611 ebrenus
1331 582 1357 615 ι

149 649 264 737 legisse
298 654 405 714 nostro
439 646 510 714 loco
541 648 804 734 Aristophanem.
835 670 897 715 non
929 650 1104 735 scriberes,
1139 688 1180 701 -
1211 657 1247 717 ut
1267 650 1363 717 illic

148 775 313 841 perperam
348 761 404 820 ant
439 755 589 820 scribitur
619 761 675 820 aut
705 758 825 832 editur,
860 792 900 805 -
934 756 987 822 sed
1012 756 1207 823 sortimur.
1251 754 1363 823 nm

148 864 251 950 igitur
274 863 340 927 iam
362 867 517 927 constant.
565 859 627 927 Sed
651 882 715 927 nna
736 864 770 925 in
794 883 828 927 re
851 863 891 928 ab
916 865 986 928 eius
1010 864 1184 941 sententia,
1208 864 1363 929 dieue

149 970 228 1053 cepi,
250 967 415 1033 dissentire
435 966 555 1032 licebit.
581 967 616 1031 ln
635 966 790 1033 Dindorfii
810 968 949 1034 editione
961 968 1083 1035 scholio
1094 975 1203 1035 nostro
1215 966 1363 1035 nullum

148 1074 270 1141 lemma
292 1072 466 1159 praefixum
489 1079 554 1158 est,
577 1075 752 1161 insignitur
776 1081 901 1139 tantum
924 1096 1035 1140 versus
1060 1095 1210 1161 numero,
1232 1082 1363 1160 estam

149 1183 177 1246 is
198 1202 245 1247 rs.
269 1180 343 1245 115.
390 1178 496 1267 Igitur
518 1181 690 1265 pertinebit
713 1189 788 1245 nota
811 1180 850 1245 ad
874 1181 971 1247 verba
994 1180 1073 1254 δήεις
1099 1181 1127 1245 δ’
1151 1182 1183 1245 ε’ν
1206 1182 1363 1258 σήματα

148 1287 235 1368 οἴνῳ,
259 1287 354 1373 idque
377 1284 517 1352 Cobetns
537 1305 660 1370 quoque
681 1286 884 1371 comprobare
895 1286 1035 1354 videtur.
1059 1285 1142 1353 Vere
1153 1284 1363 1373 estquidam

149 1394 189 1461 de
218 1394 315 1461 verbo
345 1392 425 1468 δήεις
448 1393 641 1457 observatio:
664 1387 709 1456 έτι
734 1394 1003 1468 obstestationem
1028 1394 1043 1458 δ
1065 1394 1194 1475 χρόνος,
1216 1398 1249 1459 at
1268 1392 1363 1479 qu'u

148 1501 278 1567 tandem
298 1499 331 1565 id
355 1499 394 1565 de
416 1498 477 1563 hoc
495 1499 609 1572 verbo.
629 1499 712 1583 quod
732 1499 816 1584 apud
837 1498 1017 1565 Homerum
1038 1520 1164 1586 semper
1181 1505 1215 1567 et
1225 1499 1363 1585 ubique

149 1607 297 1672 futurum
321 1611 383 1681 est,
409 1610 478 1669 erat
498 1601 676 1669 docendus?
704 1604 747 1669 Ait
770 1606 847 1689 qnid
866 1606 926 1671 sibi
946 1604 1019 1671 vult
1038 1607 1253 1692 comparatio,
1270 1607 1363 1671 sin

149 1714 236 1780 idem
259 1715 302 1778 sit
324 1715 392 1779 sive
417 1732 478 1777 non
502 1713 561 1788 sit,
587 1732 659 1776 curn
682 1713 780 1777 verbo
800 1710 857 1777 illo
876 1733 916 1778 ex
935 1711 1035 1779 Iliade
1053 1710 1231 1778 οδτέτισονέ
1260 1710 1363 1787 onis

148 1818 335 1887 mortalium
369 1819 452 1883 inter
487 1816 565 1891 δήεις
602 1823 748 1883 nostrum
782 1824 815 1882 et
857 1817 992 1883 Iliacum
1027 1819 1185 1884 ἁτέτισοιν
1221 1810 1363 1905 enquid

149 1946 317 1993 commune
342 1920 500 1989 inveniet?
525 1922 630 1989 lmmo
654 1944 728 1989 vero
752 1928 786 1989 et
803 1922 887 1988 illud
907 1945 946 1989 ex
966 1923 1067 1990 Iliade
1089 1923 1230 2011 exempli
1246 1938 1363 1991 cauni

149 2033 335 2099 arcessitum
358 2031 492 2095 verbum
518 2035 550 2094 et
573 2032 728 2095 memorie
750 2029 897 2096 lectionis
920 2029 1189 2116 Aristophaneus.
1214 2067 1259 2083 -
1278 2035 1363 2096 ets¹

148 2144 255 2205 nostro
277 2135 363 2214 loco,
397 2156 459 2221 quo
491 2136 619 2213 debuit,
649 2156 711 2201 non
739 2143 1022 2214 commemoratae,
1058 2175 1102 2187 -
1134 2141 1256 2223 aptiora
1281 2154 1363 2203 no*

149 2245 269 2311 docent.
317 2243 440 2329 Nempe
474 2249 549 2308 nota
579 2245 723 2327 sequenti
752 2245 858 2310 versui
892 2242 955 2307 116
986 2250 1035 2309 est
1065 2244 1271 2311 adsombsnda
1294 2258 1363 2309 ιι·

147 2352 282 2418 verbum
315 2349 501 2414 κατέδουσιν.
549 2347 639 2428 Quod
667 2351 693 2413 si
727 2356 810 2414 recte
840 2352 947 2434 posui,
978 2351 1185 2416 Aristarchus
1215 2353 1363 2417 rsiieer

146 2461 252 2545 potuit
284 2456 550 2540 Aristophansnm
582 2456 781 2538 sordiderat,
808 2493 849 2505 —-
873 2462 911 2519 ut
934 2458 1001 2521 sine
1026 2456 1124 2522 dubio
1147 2456 1272 2541 reiecit,
1292 2484 1363 2503 --

147 2586 209 2630 non
240 2566 345 2649 potuit
368 2564 520 2627 scribere:
553 2559 598 2626 ὅτι
622 2565 691 2626 οὐκ
715 2562 904 2635 ἐνήλλασσον
928 2563 942 2625 ὁ
966 2562 1085 2641 χρόνος.
1121 2562 1226 2628 Immo
1249 2561 1363 2647 plan

147 2672 339 2736 contrarium
361 2691 434 2734 eum
457 2668 578 2733 dedisse
602 2670 759 2752 suspicor:
787 2667 832 2732 ire
857 2670 872 2732 ε’
881 2669 1117 2743 νήιιλοικτοιι
1141 2669 1156 2733 ὃ
1180 2669 1294 2752 χιόνι
1314 2685 1363 2735 ς

148 2797 292 2862 praesens
326 2778 463 2860 positum
499 2779 546 2839 est
576 2796 631 2859 pro
663 2775 770 2839 futuro
802 2779 833 2838 in
870 2776 1065 2861 generaliore
1103 2779 1363 2842 enunciatione

146 2890 178 2947 ot
213 2883 257 2947 sic
294 2883 423 2947 demum
461 2880 583 2946 clarum
619 2879 670 2957 fit,
707 2902 763 2945 our
798 2880 879 2945 illud
916 2903 955 2945 ex
986 2881 1086 2947 Iliade
1121 2886 1199 2959 „rtis
1228 2907 1261 2948 τε
1281 2895 1363 2958 ιιι

145 2988 237 3068 γέλῳ
273 2988 451 3053 οὶτέτισον”
480 2988 531 3052 bio
566 2987 763 3051 adhibeatur.
812 2986 898 3052 Nam
929 2989 975 3052 ibi
1008 3009 1134 3073 quoque
1165 2989 1363 3056 Zenodotu

144 3116 201 3182 pro
232 3098 347 3161 aoristo
380 3096 524 3159 futurum
554 3094 738 3177 requisivit,
769 3093 937 3180 vulgatam
964 3093 1135 3160 lectionem
1168 3098 1269 3161 tuitus
1286 3104 1363 3157 ΒΕ

145 3202 368 3285 Aristarchus,
390 3221 483 3285 quern
503 3220 594 3283 saepe
616 3206 796 3284 temporum
814 3200 980 3286 enallagen
993 3200 1163 3267 admisisse
1174 3205 1348 3268 novimus

145 3328 182 3374 ac
206 3306 326 3371 nullius
350 3309 474 3390 saepius
498 3326 593 3389 quarn
618 3308 791 3389 praesentis
816 3326 871 3390 pro
896 3306 1014 3371 futuro.
1064 3308 1228 3374 Nonnulla
1244 3306 1363 3372 haine

144 3415 270 3501 generis
294 3411 424 3498 collegit
447 3410 689 3475 Friedliindcrus
709 3413 740 3474 in
761 3410 1019 3499 Schematologia
1039 3411 1360 3493 Aristarobea,eiu⁸

145 3518 327 3584 Aristonico
356 3515 510 3601 praefixa,
540 3538 570 3600 p.
600 3518 630 3578 o.
678 3517 726 3581 Ex
756 3518 851 3582 buius
876 3520 975 3603 copiis
1000 3519 1064 3585 duo
1088 3521 1236 3607 exempla
1255 3512 1336 3584 exol-

145 3625 236 3707 tab0,
261 3624 299 3688 ad
326 3632 352 3686 Σ
380 3621 461 3688 136:
487 3623 518 3707 (si
543 3623 648 3706 διπλῆ)
675 3617 719 3686 ὅτι
741 3625 775 3688 τὸ
794 3627 905 3697 νεῡμοιέ
923 3625 1005 3690 ἐστιν
1029 3627 1079 3689 s'trl
1094 3632 1149 3691 τοῦ
1164 3628 1321 3701 lusorum,

145 3730 214 3794 ἀντὶ
246 3734 299 3794 τοῦ
330 3729 447 3806 νέομιιι·
479 3728 629 3806 βούλεται
662 3730 693 3794 δέ
727 3731 823 3793 εἰπεῖν
855 3729 1043 3816 ἐλεύσομαι,
1069 3734 1311 3818 quemadmodum

145 3840 251 3900 nostro
285 3835 354 3900 looo
387 3837 448 3918 (vs.
483 3835 560 3919 114)
591 3842 655 3900 est:
688 3837 744 3913 tor
776 3841 877 3906 κακῶς
909 3846 1004 3909 νεῖον,
1038 3841 1095 3905 ubi
1126 3846 1233 3907 tamen
1252 3830 1310 3903 nihl

146 3940 331 4006 adnotatum
361 3944 533 4026 reperitur,
566 3947 598 4005 et
626 3945 770 4007 omnium
803 3941 1051 4027 explicatissima
1082 3945 1121 4012 ad
1147 3946 1176 4013 Ο
1199 3944 1274 4011 351:
1288 3940 1309 4025 (l

146 4044 252 4137 διπλῆ)
286 4042 330 4111 ὅτι
363 4050 502 4112 ἐνεστῶτι
534 4047 603 4112 ἀντὶ
634 4047 800 4124 μέλλοντος
833 4048 1004 4136 κέχρηται,
1031 4052 1165 4134 έρύουσιν
1188 4051 1254 4118 ἀντὶ
1274 4052 1310 4115 τοῦ
