2978 4950
695 123 759 212 481

126 314 245 389 στήλης
281 315 459 392 οημεῖονή
495 314 583 379 ἔσται
619 315 650 379 δὲ
686 315 848 393 παρακούω
884 321 938 380 τοῦ
972 316 1154 398 Ἐλπήνορος
1186 321 1321 391 εἰπόντος

127 417 251 496 ,πῆξαί
280 421 311 483 τ’
342 421 392 485 ἐπὶ
424 422 537 502 τύμβῳ
567 421 722 502 ἕρετμύν.”
768 421 860 487 Nihil
883 421 1009 488 facilius
1035 431 1101 502 est,
1125 445 1221 509 quam
1245 428 1322 493 haec

126 545 222 591 sensu
252 528 338 592 cassa
371 530 405 592 in
437 527 580 594 ordinem
612 549 735 616 cogere.
782 527 907 614 Quippe
935 536 1010 595 nota
1040 530 1216 597 Aristonici
1251 540 1318 609 eet,

126 651 270 716 quaeque
297 633 380 698 infra
408 640 531 699 textum
562 634 770 711 exhibentur,
796 654 833 700 ea
853 637 1052 703 Aristoniceo
1077 657 1163 704 more
1186 639 1319 706 reiectae

126 735 272 804 lectionis
295 736 489 806 Zenodoteao
517 760 644 805 causam
665 746 854 827 proponunt.
901 740 963 807 His
982 743 1155 830 perspectis
1175 745 1320 811 emenda-

126 843 228 908 tiones
247 844 500 932 corruptelarum
522 848 588 911 iam
612 853 724 935 sponte
747 867 814 912 sese
845 847 981 913 offerunt
1010 849 1124 914 haece:
1159 850 1318 924 Ζηνόδοτος

126 949 243 1029 γράφει
274 951 454 1034 ,ούκροτούτῳ
478 951 591 1032 τύμβῳ
616 949 665 1016 ἵνα
689 959 777 1029 οήμα
801 952 922 1017 πέλοιτο
935 953 961 992 ·”
984 952 1034 1018 ἵνα
1058 957 1168 1027 οτήλΗ
1193 967 1319 1035 σημεῖον

126 1055 193 1121 Ἠι.
223 1059 364 1123 ὈΤΤΩ
396 1059 428 1123 δὲ
458 1060 641 1137 παρακούΕΙ
674 1064 728 1123 τοῦ
760 1061 943 1139 Ἐλπήνορος
976 1059 1111 1132 εύπύντος
1143 1061 1264 1138 »πῆξαί
1286 1066 1316 1128 τ’

126 1164 174 1228 ἰπὶ
207 1163 322 1245 τύμβῳ
354 1164 508 1245 ἐρετμύν.”
539 1170 572 1245 (λ
599 1164 668 1244 77.)
698 1165 832 1231 Prorsus
863 1167 940 1231 haee
970 1166 1110 1232 referunt
1141 1171 1317 1236 Aristarchi

126 1291 235 1336 sanum
272 1279 305 1336 et
340 1280 471 1336 sautum
503 1271 669 1337 iudicium.
699 1269 722 1350 ¹)
758 1270 869 1338 Obiter
899 1272 997 1350 addo,
1030 1274 1069 1339 ad
1101 1275 1316 1360 praecedentis

126 1397 233 1443 versus
263 1376 334 1465 (14)
368 1378 464 1444 verba
487 1378 608 1456 τύμβον
632 1379 786 1459 χεύαντες
809 1378 876 1468 legi
899 1381 933 1443 in
957 1379 1001 1443 B:
1027 1387 1086 1458 γῆν
1111 1383 1312 1462 ε’πιχέαντες,

126 1479 133 1547 l
160 1477 195 1556 ήν
220 1485 311 1554 αὐτὸς
336 1485 470 1564 τύμβος.
496 1484 598 1551 Puto:
624 1484 669 1549 ἵν’
694 1482 711 1567 al
735 1486 840 1567 αὐτῷ
865 1486 996 1564 τύμβος.

165 1725 210 1785 μ,
233 1699 287 1766 26.
336 1698 442 1768 Circes
472 1701 585 1767 verba:
618 1701 718 1781 αὐτὰρ
750 1701 809 1779 ἐγὼ
841 1698 927 1777 δείξει
961 1701 1025 1768 ὁδὸν
1056 1704 1106 1778 ήδὲ
1138 1701 1259 1768 ἕκαστα
1284 1705 1300 1777 Η

126 1808 263 1885 rapallo
295 1813 327 1873 ct
358 1829 438 1893 quae
468 1814 644 1893 sequuntur
675 1827 737 1873 non
761 1810 882 1894 optime
905 1810 1089 1894 paraphrasi
1113 1809 1312 1895 explicantur

126 1916 184 1979 tic:
210 1914 292 1991 λέγω
318 1914 389 1993 ύμῖν
413 1918 468 1987 τήν
492 1913 572 1988 ὁδόν,
597 1912 646 1978 ἵνα
670 1916 714 1991 μή
743 1915 793 1979 διύι
814 1914 849 1977 τὸ
870 1915 1093 1992 οἷμφιβοὶλλειν
1115 1917 1166 1978 καὶ
1187 1917 1310 1993 ἀγνοεῖν

126 2023 173 2095 τήν
206 2019 269 2087 ὁδὸν
301 2031 340 2104 τῇ
372 2022 519 2096 ἀλλήλων
551 2022 741 2105 κακοτεχνύρι
769 2021 821 2098 καὶ
845 2021 969 2102 ιῖπειρίρὶ
994 2023 1169 2099 οὶλγήοητε.
1194 2021 1310 2107 (BHQ)

126 2127 351 2216 lorrigendum
388 2149 471 2193 esse:
509 2139 546 2208 τῇ
583 2126 717 2193 ύιλλῳν
753 2132 944 2210 κακοτεχνύρο
981 2129 1032 2191 καὶ
1069 2129 1194 2212 οὶπειρύῳ
1226 2131 1307 2213 (τοῦ

126 2235 234 2319 τλού)
267 2235 462 2320 baptisare„
480 2234 666 2320 probabitur
697 2255 770 2299 cum
796 2255 851 2319 per
874 2254 907 2300 se
930 2245 1001 2298 tum
1026 2255 1065 2299 ex
1089 2237 1149 2318 iis,
1173 2236 1308 2321 quaein

127 2341 232 2408 isdem
264 2340 352 2406 codd.
386 2343 496 2406 statim
529 2339 763 2427 adiunguntur:
798 2337 914 2417 ἵναμή
939 2350 977 2420 τῇ
1001 2340 1127 2424 ύπειρύρ
1151 2348 1204 2406 τοῦ
1229 2346 1307 2406 πλού

126 2451 160 2522 te
184 2449 346 2528 βάρβαρον
369 2447 622 2519 ἔλύύντεςτύπον
646 2456 683 2526 τῇ
708 2453 767 2514 τῶν
790 2448 975 2512 ἐνοικούντων
994 2447 1184 2531 κακοτεχνύρι
1205 2448 1308 2524 ύλγή-

126 2580 205 2632 rare.
233 2552 340 2621 Codex
372 2553 409 2632 Τ,
442 2556 568 2620 omissis
599 2553 755 2619 scribendi
783 2573 886 2618 errore
909 2553 1073 2631 ύλγήτήτε
1098 2591 1140 2602 -
1165 2555 1307 2638 ύπειρύρ,

126 2668 287 2745 rtramque
319 2653 523 2745 paraphrasin
555 2658 749 2745 persimilem
784 2658 959 2725 bellissime
991 2660 1023 2723 in
1048 2679 1148 2724 unum
1173 2660 1307 2748 conglu-

126 2770 245 2836 inavit.

162 3019 206 3072 μ,
232 2994 308 3060 105.
354 2993 403 3060 De
434 2992 542 3081 Scylla
572 2992 707 3058 dicitur:
742 2988 756 3058 ὃ
790 2994 883 3071 ύήρύον
905 2993 976 3066 τοὺς
1000 2995 1240 3072 παραπλέοντας
1264 2995 1306 3058 τὰ

126 3102 245 3180 τελούγορ
281 3106 386 3166 ταῦτα
423 3102 585 3174 κατήσθιεν
620 3099 753 3180 ἀφειδῶς
786 3101 803 3174 ή
841 3099 993 3180 θηριωδῶς.
1026 3099 1112 3188 (HQ)
1155 3100 1306 3187 Oportet:

126 3206 252 3291 ύφειδῶς
277 3207 343 3272 καὶ
369 3206 520 3286 eaproter.

159 3462 204 3515 μ,
232 3436 305 3502 107.
353 3435 420 3501 ad:
453 3438 485 3498 ού
517 3433 580 3515 γάρ
612 3457 663 3498 κεν
693 3431 817 3512 ρ’ύοαιτύ
847 3432 878 3496 τ’
905 3433 982 3498 ύπὲκ
1007 3436 1101 3498 κακοῦ
1126 3433 1186 3499 οὐδ’
1211 3434 1305 3499 ε’νοού·

126 3549 198 3628 goes
217 3544 267 3609 H:
291 3542 439 3618 ύποβολή.
461 3540 583 3614 εὶκύτως
604 3539 805 3619 ἐπιταράττει
827 3540 920 3605 αύτδν
941 3541 991 3603 ε’πὶ
1010 3541 1106 3619 τούτῳ
1118 3555 1189 3604 κτλ.
1215 3539 1305 3620 Quod

126 3653 206 3720 liroe
230 3651 268 3717 de
292 3647 472 3736 Charybdis
495 3647 648 3713 violentia
675 3649 755 3713 dicit
775 3646 983 3726 ύπερβολή
1004 3648 1111 3731 potius
1131 3649 1201 3713 orit.
1238 3643 1303 3714 Cf.

127 3779 210 3845 upra
243 3758 282 3843 (μ
306 3754 385 3842 88);
415 3756 456 3824 εἰς
488 3753 549 3834 ύρον
581 3753 753 3833 ὑπερβολῆς
785 3754 834 3819 ἀεὶ
858 3757 892 3817 τὸ
916 3756 990 3818 aas
1014 3751 1302 3832 superapponit

126 3865 251 3940 ποιητής.

126 4050 288 4060 ...αι-

147 4154 174 4217 1)
194 4152 270 4204 Paulo
288 4153 371 4212 aliter,
390 4155 430 4202 ard
449 4153 474 4203 in
492 4153 589 4201 eundem
607 4149 749 4200 mutantium
766 4146 868 4197 Cebetas
885 4147 989 4210 (Mrem.
1006 4147 1037 4196 N.
1053 4147 1077 4194 S.
1094 4145 1115 4205 1,
1132 4146 1205 4204 1873.
1220 4163 1242 4212 p.
1254 4147 1305 4210 16);

126 4261 149 4292 ια
169 4241 266 4302 πτήλιρς
286 4239 384 4305 σημεῖον
403 4241 424 4308 ᾗ,
444 4239 518 4291 ’ύττοιι
537 4238 564 4289 δὶ
582 4240 691 4303 παρακοὴ
709 4239 755 4286 τού
776 4235 916 4299 Ἐλπήνορος
934 4231 1043 4290 clabum
1062 4230 1115 4283 κτύ.

1125 4331 1156 4382 al
