<?xml version="1.0" encoding="UTF-8"?>
<!DOCTYPE html PUBLIC "-//W3C//DTD XHTML 1.0 Transitional//EN"
    "http://www.w3.org/TR/xhtml1/DTD/xhtml1-transitional.dtd">
<html xmlns="http://www.w3.org/1999/xhtml" xml:lang="en" lang="en">
 <head>
  <title>
</title>
<meta http-equiv="Content-Type" content="text/html;charset=utf-8" />
  <meta name='ocr-system' content='tesseract 3.04.00' />
  <meta name='ocr-capabilities' content='ocr_page ocr_carea ocr_par ocr_line ocrx_word'/>
</head>
<body>
  <div class='ocr_page' id='page_1' title='image "./adodysseameiusq00polagoog_0394.png"; bbox 0 0 2978 4950; ppageno 0'>
   <div class='ocr_carea' id='block_1_1' title="bbox 715 153 780 233">
    <p class='ocr_par' dir='ltr' id='par_1_1' title="bbox 715 153 780 233">
     <span class='ocr_line' id='line_1_1' title="bbox 715 153 780 233; baseline 0.015 -1"><span class='ocrx_word' id='word_1_1' title='bbox 715 153 780 233; x_wconf 73' lang='lat'>362</span> 
     </span>
    </p>
   </div>
   <div class='ocr_carea' id='block_1_2' title="bbox 146 349 1349 2356">
    <p class='ocr_par' dir='ltr' id='par_1_2' title="bbox 146 349 1349 2356">
     <span class='ocr_line' id='line_1_2' title="bbox 148 349 1312 439; baseline -0.001 -22"><span class='ocrx_word' id='word_1_2' title='bbox 148 352 327 438; x_wconf 85' lang='lat' dir='ltr'>quaerebat.</span> <span class='ocrx_word' id='word_1_3' title='bbox 366 354 470 421; x_wconf 87' lang='lat' dir='ltr'>Verba</span> <span class='ocrx_word' id='word_1_4' title='bbox 494 355 507 418; x_wconf 93' lang='grc' dir='ltr'><strong><em>ό</em></strong></span> <span class='ocrx_word' id='word_1_5' title='bbox 530 349 561 420; x_wconf 80' lang='grc' dir='ltr'>δέ</span> <span class='ocrx_word' id='word_1_6' title='bbox 585 355 672 433; x_wconf 76' lang='grc' dir='ltr'><strong><em>λέγει</em></strong></span> <span class='ocrx_word' id='word_1_7' title='bbox 696 353 745 422; x_wconf 74' lang='grc' dir='ltr'>οὖν</span> <span class='ocrx_word' id='word_1_8' title='bbox 768 356 881 421; x_wconf 83' lang='lat' dir='ltr'>leviter</span> <span class='ocrx_word' id='word_1_9' title='bbox 904 359 1052 439; x_wconf 87' lang='lat' dir='ltr'>corrupta</span> <span class='ocrx_word' id='word_1_10' title='bbox 1074 352 1155 419; x_wconf 90' lang='lat' dir='ltr'>mibi</span> <span class='ocrx_word' id='word_1_11' title='bbox 1177 352 1312 435; x_wconf 84' lang='lat' dir='ltr'>videntur,</span> 
     </span>
     <span class='ocr_line' id='line_1_3' title="bbox 148 457 1311 549; baseline -0.002 -26"><span class='ocrx_word' id='word_1_12' title='bbox 148 480 209 524; x_wconf 94' lang='lat' dir='ltr'>uon</span> <span class='ocrx_word' id='word_1_13' title='bbox 245 460 384 540; x_wconf 78' lang='lat' dir='ltr'>defecta,</span> <span class='ocrx_word' id='word_1_14' title='bbox 421 467 453 527; x_wconf 85' lang='lat' dir='ltr'>et</span> <span class='ocrx_word' id='word_1_15' title='bbox 484 462 636 549; x_wconf 80' lang='lat' dir='ltr'>legenda:</span> <span class='ocrx_word' id='word_1_16' title='bbox 669 457 744 528; x_wconf 80' lang='grc' dir='ltr'>όδέ</span> <span class='ocrx_word' id='word_1_17' title='bbox 769 463 880 541; x_wconf 98' lang='grc' dir='ltr'><strong><em>λέγει</em></strong></span> <span class='ocrx_word' id='word_1_18' title='bbox 912 469 979 525; x_wconf 85' lang='grc' dir='ltr'>νῦν</span> <span class='ocrx_word' id='word_1_19' title='bbox 1003 459 1166 537; x_wconf 80' lang='grc' dir='ltr'><strong><em>όκιινόν,</em></strong></span> <span class='ocrx_word' id='word_1_20' title='bbox 1190 460 1311 522; x_wconf 78' lang='grc' dir='ltr'><strong><em>ἕνπόσιν</em></strong></span> 
     </span>
     <span class='ocr_line' id='line_1_4' title="bbox 149 562 1309 655; baseline -0.002 -24"><span class='ocrx_word' id='word_1_21' title='bbox 149 566 309 646; x_wconf 76' lang='grc' dir='ltr'><strong><em>ἐμπρέπει.</em></strong></span> <span class='ocrx_word' id='word_1_22' title='bbox 357 567 406 633; x_wconf 83' lang='lat' dir='ltr'>Ne</span> <span class='ocrx_word' id='word_1_23' title='bbox 436 568 512 632; x_wconf 87' lang='lat' dir='ltr'>haec</span> <span class='ocrx_word' id='word_1_24' title='bbox 543 571 689 654; x_wconf 85' lang='lat' dir='ltr'>quidem,</span> <span class='ocrx_word' id='word_1_25' title='bbox 716 573 874 655; x_wconf 83' lang='lat' dir='ltr'>quispiam</span> <span class='ocrx_word' id='word_1_26' title='bbox 903 568 1037 643; x_wconf 78' lang='lat' dir='ltr'>dixerit,</span> <span class='ocrx_word' id='word_1_27' title='bbox 1061 568 1245 631; x_wconf 87' lang='lat' dir='ltr'>sententiam</span> <span class='ocrx_word' id='word_1_28' title='bbox 1265 562 1309 629; x_wconf 87' lang='lat' dir='ltr'>effi·</span> 
     </span>
     <span class='ocr_line' id='line_1_5' title="bbox 149 669 1310 758; baseline -0.003 -21"><span class='ocrx_word' id='word_1_29' title='bbox 149 676 238 737; x_wconf 89' lang='lat' dir='ltr'>ciunt</span> <span class='ocrx_word' id='word_1_30' title='bbox 268 677 410 739; x_wconf 86' lang='lat' dir='ltr'>numeris</span> <span class='ocrx_word' id='word_1_31' title='bbox 441 677 507 739; x_wconf 90' lang='lat' dir='ltr'>suis</span> <span class='ocrx_word' id='word_1_32' title='bbox 539 674 729 740; x_wconf 76' lang='lat' dir='ltr'><strong>absolutam.</strong></span> <span class='ocrx_word' id='word_1_33' title='bbox 776 676 905 758; x_wconf 79' lang='lat' dir='ltr'>Fateor,</span> <span class='ocrx_word' id='word_1_34' title='bbox 937 674 993 738; x_wconf 88' lang='lat' dir='ltr'>sed</span> <span class='ocrx_word' id='word_1_35' title='bbox 1015 670 1156 738; x_wconf 81' lang='lat' dir='ltr'>conferat</span> <span class='ocrx_word' id='word_1_36' title='bbox 1178 672 1251 736; x_wconf 91' lang='lat' dir='ltr'>mibi</span> <span class='ocrx_word' id='word_1_37' title='bbox 1269 669 1310 734; x_wconf 78' lang='lat' dir='ltr'>cli·</span> 
     </span>
     <span class='ocr_line' id='line_1_6' title="bbox 148 775 1309 866; baseline -0.003 -23"><span class='ocrx_word' id='word_1_38' title='bbox 148 782 236 864; x_wconf 89' lang='lat' dir='ltr'>quis,</span> <span class='ocrx_word' id='word_1_39' title='bbox 264 800 343 865; x_wconf 86' lang='lat' dir='ltr'>quae</span> <span class='ocrx_word' id='word_1_40' title='bbox 366 781 405 845; x_wconf 86' lang='lat' dir='ltr'>ad</span> <span class='ocrx_word' id='word_1_41' title='bbox 429 789 612 866; x_wconf 75' lang='lat' dir='ltr'>sequentem</span> <span class='ocrx_word' id='word_1_42' title='bbox 637 803 764 847; x_wconf 87' lang='lat' dir='ltr'>versum</span> <span class='ocrx_word' id='word_1_43' title='bbox 788 803 825 846; x_wconf 83' lang='lat' dir='ltr'>ex</span> <span class='ocrx_word' id='word_1_44' title='bbox 850 800 913 845; x_wconf 92' lang='lat' dir='ltr'>uuo</span> <span class='ocrx_word' id='word_1_45' title='bbox 937 779 964 844; x_wconf 78' lang='grc' dir='ltr'>Τ</span> <span class='ocrx_word' id='word_1_46' title='bbox 989 781 1193 865; x_wconf 72' lang='lat' dir='ltr'>prodierunt:</span> <span class='ocrx_word' id='word_1_47' title='bbox 1206 775 1309 841; x_wconf 81' lang='lat' dir='ltr'>Dixerat</span> 
     </span>
     <span class='ocr_line' id='line_1_7' title="bbox 150 883 1310 971; baseline -0.006 -19"><span class='ocrx_word' id='word_1_48' title='bbox 150 892 262 971; x_wconf 70' lang='lat' dir='ltr'>podia:</span> <span class='ocrx_word' id='word_1_49' title='bbox 286 888 371 965; x_wconf 82' lang='grc' dir='ltr'><strong><em>μεπόι</em></strong></span> <span class='ocrx_word' id='word_1_50' title='bbox 396 887 426 952; x_wconf 76' lang='grc' dir='ltr'>δὲ</span> <span class='ocrx_word' id='word_1_51' title='bbox 451 889 560 969; x_wconf 84' lang='grc' dir='ltr'><strong><em>πρέπει</em></strong></span> <span class='ocrx_word' id='word_1_52' title='bbox 585 888 812 966; x_wconf 70' lang='grc' dir='ltr'>ἀγρομένοισιν,</span> <span class='ocrx_word' id='word_1_53' title='bbox 826 886 1016 968; x_wconf 78' lang='grc' dir='ltr'><strong><em>ΙΙέρχόμενιν</em></strong></span> <span class='ocrx_word' id='word_1_54' title='bbox 1039 888 1066 951; x_wconf 88' lang='grc' dir='ltr'>δ’</span> <span class='ocrx_word' id='word_1_55' title='bbox 1088 888 1149 950; x_wconf 60' lang='lat' dir='ltr'>abab</span> <span class='ocrx_word' id='word_1_56' title='bbox 1172 883 1247 949; x_wconf 78' lang='grc' dir='ltr'><strong><em>όσπν</em></strong></span> <span class='ocrx_word' id='word_1_57' title='bbox 1266 883 1310 946; x_wconf 85' lang='grc' dir='ltr'><strong><em>έεόι</em></strong></span> 
     </span>
     <span class='ocr_line' id='line_1_8' title="bbox 149 989 1309 1081; baseline -0.006 -22"><span class='ocrx_word' id='word_1_58' title='bbox 149 989 187 1064; x_wconf 75' lang='grc' dir='ltr'>ὣς</span> <span class='ocrx_word' id='word_1_59' title='bbox 224 994 399 1073; x_wconf 74' lang='grc' dir='ltr'><strong><em>εἰσορόωσιν.</em></strong></span> <span class='ocrx_word' id='word_1_60' title='bbox 447 994 495 1059; x_wconf 81' lang='lat' dir='ltr'>Ad</span> <span class='ocrx_word' id='word_1_61' title='bbox 527 994 603 1059; x_wconf 89' lang='lat' dir='ltr'>baec</span> <span class='ocrx_word' id='word_1_62' title='bbox 634 997 736 1081; x_wconf 83' lang='lat' dir='ltr'>igitur</span> <span class='ocrx_word' id='word_1_63' title='bbox 768 994 811 1058; x_wconf 81' lang='lat' dir='ltr'>T:</span> <span class='ocrx_word' id='word_1_64' title='bbox 844 1003 882 1074; x_wconf 67' lang='grc' dir='ltr'>τῇ</span> <span class='ocrx_word' id='word_1_65' title='bbox 917 993 1070 1074; x_wconf 71' lang='grc' dir='ltr'><strong><em>ὑπερβολῇ</em></strong></span> <span class='ocrx_word' id='word_1_66' title='bbox 1102 991 1309 1067; x_wconf 58' lang='lat' dir='ltr'>&gt;accusabant</span> 
     </span>
     <span class='ocr_line' id='line_1_9' title="bbox 147 1095 1309 1186; baseline -0.003 -23"><span class='ocrx_word' id='word_1_67' title='bbox 147 1101 211 1178; x_wconf 79' lang='grc' dir='ltr'><strong><em>γόιρ</em></strong></span> <span class='ocrx_word' id='word_1_68' title='bbox 234 1098 323 1177; x_wconf 89' lang='grc' dir='ltr'><strong><em>μόνον</em></strong></span> <span class='ocrx_word' id='word_1_69' title='bbox 346 1103 384 1172; x_wconf 80' lang='grc' dir='ltr'>ὥς</span> <span class='ocrx_word' id='word_1_70' title='bbox 411 1101 507 1165; x_wconf 86' lang='grc' dir='ltr'><strong><em>κοιλόν</em></strong></span> <span class='ocrx_word' id='word_1_71' title='bbox 530 1102 631 1179; x_wconf 79' lang='grc' dir='ltr'><strong><em>ὁρῶσιν</em></strong></span> <span class='ocrx_word' id='word_1_72' title='bbox 656 1101 872 1186; x_wconf 86' lang='lat' dir='ltr'>(praetulerim</span> <span class='ocrx_word' id='word_1_73' title='bbox 898 1101 1139 1185; x_wconf 68' lang='grc' dir='ltr'><strong><em>(εόομρῶσιν,</em></strong></span> <span class='ocrx_word' id='word_1_74' title='bbox 1166 1107 1202 1185; x_wconf 83' lang='lat' dir='ltr'>ut</span> <span class='ocrx_word' id='word_1_75' title='bbox 1219 1099 1247 1161; x_wconf 89' lang='lat' dir='ltr'>iu</span> <span class='ocrx_word' id='word_1_76' title='bbox 1264 1095 1309 1161; x_wconf 71' lang='lat' dir='ltr'>fla</span> 
     </span>
     <span class='ocr_line' id='line_1_10' title="bbox 147 1204 1308 1291; baseline -0.003 -21"><span class='ocrx_word' id='word_1_77' title='bbox 147 1226 235 1272; x_wconf 85' lang='lat' dir='ltr'>mero</span> <span class='ocrx_word' id='word_1_78' title='bbox 258 1210 331 1291; x_wconf 84' lang='lat' dir='ltr'>est),</span> <span class='ocrx_word' id='word_1_79' title='bbox 356 1209 432 1272; x_wconf 75' lang='grc' dir='ltr'><strong><em>όλλ·</em></strong></span> <span class='ocrx_word' id='word_1_80' title='bbox 457 1209 494 1280; x_wconf 78' lang='grc' dir='ltr'>ὡς</span> <span class='ocrx_word' id='word_1_81' title='bbox 520 1208 592 1272; x_wconf 84' lang='grc' dir='ltr'><strong><em>όεόν.</em></strong></span> <span class='ocrx_word' id='word_1_82' title='bbox 641 1206 713 1273; x_wconf 92' lang='lat' dir='ltr'>Non</span> <span class='ocrx_word' id='word_1_83' title='bbox 739 1207 873 1272; x_wconf 78' lang='lat' dir='ltr'>absurde</span> <span class='ocrx_word' id='word_1_84' title='bbox 895 1207 972 1271; x_wconf 88' lang='lat' dir='ltr'>baec</span> <span class='ocrx_word' id='word_1_85' title='bbox 996 1204 1173 1271; x_wconf 74' lang='lat' dir='ltr'>coalescent</span> <span class='ocrx_word' id='word_1_86' title='bbox 1194 1224 1260 1269; x_wconf 89' lang='lat' dir='ltr'>cum</span> <span class='ocrx_word' id='word_1_87' title='bbox 1275 1205 1308 1275; x_wconf 87' lang='lat' dir='ltr'>iis,</span> 
     </span>
     <span class='ocr_line' id='line_1_11' title="bbox 146 1309 1311 1400; baseline -0.003 -22"><span class='ocrx_word' id='word_1_88' title='bbox 146 1333 226 1397; x_wconf 90' lang='lat' dir='ltr'>quas</span> <span class='ocrx_word' id='word_1_89' title='bbox 250 1334 288 1378; x_wconf 84' lang='lat' dir='ltr'>ex</span> <span class='ocrx_word' id='word_1_90' title='bbox 310 1314 336 1393; x_wconf 80' lang='lat' dir='ltr'>Q</span> <span class='ocrx_word' id='word_1_91' title='bbox 356 1335 451 1399; x_wconf 89' lang='lat' dir='ltr'>supra</span> <span class='ocrx_word' id='word_1_92' title='bbox 474 1313 596 1400; x_wconf 90' lang='lat' dir='ltr'>prolata</span> <span class='ocrx_word' id='word_1_93' title='bbox 615 1327 706 1392; x_wconf 87' lang='lat' dir='ltr'>sunt,</span> <span class='ocrx_word' id='word_1_94' title='bbox 727 1321 764 1378; x_wconf 87' lang='lat' dir='ltr'>ut</span> <span class='ocrx_word' id='word_1_95' title='bbox 784 1321 892 1378; x_wconf 86' lang='lat' dir='ltr'>totum</span> <span class='ocrx_word' id='word_1_96' title='bbox 913 1312 988 1377; x_wconf 91' lang='lat' dir='ltr'>olim</span> <span class='ocrx_word' id='word_1_97' title='bbox 1010 1312 1234 1377; x_wconf 86' lang='lat' dir='ltr'>hancsormam</span> <span class='ocrx_word' id='word_1_98' title='bbox 1245 1309 1311 1376; x_wconf 82' lang='lat' dir='ltr'>exhi·</span> 
     </span>
     <span class='ocr_line' id='line_1_12' title="bbox 146 1416 1312 1500; baseline -0.003 -16"><span class='ocrx_word' id='word_1_99' title='bbox 146 1419 266 1484; x_wconf 87' lang='lat' dir='ltr'>buerit:</span> <span class='ocrx_word' id='word_1_100' title='bbox 306 1422 400 1485; x_wconf 75' lang='grc' dir='ltr'><strong><em>Μεπόι</em></strong></span> <span class='ocrx_word' id='word_1_101' title='bbox 433 1421 463 1484; x_wconf 79' lang='grc' dir='ltr'>δὲ</span> <span class='ocrx_word' id='word_1_102' title='bbox 496 1421 604 1500; x_wconf 78' lang='grc' dir='ltr'><strong><em>πρέπει</em></strong></span> <span class='ocrx_word' id='word_1_103' title='bbox 636 1421 856 1500; x_wconf 81' lang='grc' dir='ltr'><strong><em>οόγρομένοισιν·</em></strong></span> <span class='ocrx_word' id='word_1_104' title='bbox 889 1421 1053 1498; x_wconf 79' lang='grc' dir='ltr'><strong><em>σύμφωνον</em></strong></span> <span class='ocrx_word' id='word_1_105' title='bbox 1084 1421 1127 1498; x_wconf 77' lang='grc' dir='ltr'>σῷ</span> <span class='ocrx_word' id='word_1_106' title='bbox 1159 1416 1312 1498; x_wconf 79' lang='grc' dir='ltr'><strong><em>προκειμέιρι</em></strong></span> 
     </span>
     <span class='ocr_line' id='line_1_13' title="bbox 150 1519 1311 1608; baseline -0.001 -22"><span class='ocrx_word' id='word_1_107' title='bbox 150 1524 347 1603; x_wconf 54' lang='grc' dir='ltr'><strong><em>»τερπόμενοι</em></strong></span> <span class='ocrx_word' id='word_1_108' title='bbox 385 1526 595 1592; x_wconf 86' lang='grc' dir='ltr'><strong><em>λεόσσοοσιν.”</em></strong></span> <span class='ocrx_word' id='word_1_109' title='bbox 633 1519 647 1589; x_wconf 79' lang='grc' dir='ltr'><strong><em>ό</em></strong></span> <span class='ocrx_word' id='word_1_110' title='bbox 684 1527 721 1591; x_wconf 83' lang='grc' dir='ltr'>δὲ</span> <span class='ocrx_word' id='word_1_111' title='bbox 757 1529 876 1604; x_wconf 88' lang='grc' dir='ltr'><strong><em>λέγει</em></strong></span> <span class='ocrx_word' id='word_1_112' title='bbox 912 1531 974 1589; x_wconf 83' lang='grc' dir='ltr'>νῦν</span> <span class='ocrx_word' id='word_1_113' title='bbox 1006 1526 1161 1608; x_wconf 84' lang='grc' dir='ltr'><strong><em>όιιοινόν,</em></strong></span> <span class='ocrx_word' id='word_1_114' title='bbox 1193 1525 1221 1588; x_wconf 86' lang='grc' dir='ltr'>έν</span> <span class='ocrx_word' id='word_1_115' title='bbox 1242 1527 1311 1588; x_wconf 78' lang='grc' dir='ltr'><strong><em>πᾶσιν</em></strong></span> 
     </span>
     <span class='ocr_line' id='line_1_14' title="bbox 151 1630 1310 1718; baseline -0.003 -23"><span class='ocrx_word' id='word_1_116' title='bbox 151 1633 318 1711; x_wconf 82' lang='grc' dir='ltr'><strong><em>ἐμπρέπει·</em></strong></span> <span class='ocrx_word' id='word_1_117' title='bbox 349 1635 404 1711; x_wconf 81' lang='grc' dir='ltr'>(τό</span> <span class='ocrx_word' id='word_1_118' title='bbox 436 1633 462 1697; x_wconf 80' lang='grc' dir='ltr'>δ’</span> <span class='ocrx_word' id='word_1_119' title='bbox 495 1631 584 1709; x_wconf 74' lang='grc' dir='ltr'>ἑξῆς</span> <span class='ocrx_word' id='word_1_120' title='bbox 619 1634 723 1711; x_wconf 84' lang='grc' dir='ltr'><strong><em>,,όεδν</em></strong></span> <span class='ocrx_word' id='word_1_121' title='bbox 754 1631 798 1703; x_wconf 76' lang='grc' dir='ltr'>ὣς</span> <span class='ocrx_word' id='word_1_122' title='bbox 829 1631 1092 1718; x_wconf 74' lang='grc' dir='ltr'><strong><em>εόσορόιεσιν”)</em></strong></span> <span class='ocrx_word' id='word_1_123' title='bbox 1121 1630 1310 1713; x_wconf 73' lang='grc' dir='ltr'><strong><em>πῇόπερβιλί</em></strong></span> 
     </span>
     <span class='ocr_line' id='line_1_15' title="bbox 148 1734 1310 1824; baseline -0.003 -21"><span class='ocrx_word' id='word_1_124' title='bbox 148 1739 325 1818; x_wconf 83' lang='grc' dir='ltr'><strong><em>δοιιμονόοις·</em></strong></span> <span class='ocrx_word' id='word_1_125' title='bbox 352 1741 385 1803; x_wconf 82' lang='grc' dir='ltr'>οὐ</span> <span class='ocrx_word' id='word_1_126' title='bbox 410 1740 472 1820; x_wconf 79' lang='grc' dir='ltr'><strong><em>γοὶρ</em></strong></span> <span class='ocrx_word' id='word_1_127' title='bbox 497 1740 586 1816; x_wconf 88' lang='grc' dir='ltr'><strong><em>μόνον</em></strong></span> <span class='ocrx_word' id='word_1_128' title='bbox 608 1742 646 1811; x_wconf 77' lang='grc' dir='ltr'>ὥς</span> <span class='ocrx_word' id='word_1_129' title='bbox 671 1742 766 1804; x_wconf 74' lang='grc' dir='ltr'><strong><em>καλὸν</em></strong></span> <span class='ocrx_word' id='word_1_130' title='bbox 791 1740 981 1824; x_wconf 80' lang='grc' dir='ltr'><strong><em>(εός)ορῶσιν,</em></strong></span> <span class='ocrx_word' id='word_1_131' title='bbox 1003 1741 1079 1804; x_wconf 71' lang='grc' dir='ltr'>ἀλλ’</span> <span class='ocrx_word' id='word_1_132' title='bbox 1096 1742 1135 1810; x_wconf 75' lang='grc' dir='ltr'>ὡς</span> <span class='ocrx_word' id='word_1_133' title='bbox 1149 1736 1221 1803; x_wconf 86' lang='grc' dir='ltr'><strong><em>όεόν.</em></strong></span> <span class='ocrx_word' id='word_1_134' title='bbox 1244 1734 1310 1817; x_wconf 83' lang='lat' dir='ltr'>Quod</span> 
     </span>
     <span class='ocr_line' id='line_1_16' title="bbox 148 1834 1349 1932; baseline -0.007 -20"><span class='ocrx_word' id='word_1_135' title='bbox 148 1850 174 1912; x_wconf 88' lang='lat' dir='ltr'>si</span> <span class='ocrx_word' id='word_1_136' title='bbox 207 1854 290 1912; x_wconf 86' lang='lat' dir='ltr'>reete</span> <span class='ocrx_word' id='word_1_137' title='bbox 322 1849 454 1922; x_wconf 86' lang='lat' dir='ltr'>conieci,</span> <span class='ocrx_word' id='word_1_138' title='bbox 488 1847 607 1911; x_wconf 87' lang='lat' dir='ltr'>lactum</span> <span class='ocrx_word' id='word_1_139' title='bbox 642 1853 689 1911; x_wconf 82' lang='lat' dir='ltr'>est</span> <span class='ocrx_word' id='word_1_140' title='bbox 721 1847 773 1911; x_wconf 90' lang='lat' dir='ltr'>bic</span> <span class='ocrx_word' id='word_1_141' title='bbox 804 1847 889 1910; x_wconf 91' lang='lat' dir='ltr'>idem</span> <span class='ocrx_word' id='word_1_142' title='bbox 914 1847 997 1932; x_wconf 92' lang='lat' dir='ltr'>quod</span> <span class='ocrx_word' id='word_1_143' title='bbox 1021 1846 1217 1931; x_wconf 86' lang='lat' dir='ltr'>saepissime:</span> <span class='ocrx_word' id='word_1_144' title='bbox 1241 1850 1311 1927; x_wconf 77' lang='lat' dir='ltr'>capnt</span> <span class='ocrx_word' id='word_1_145' title='bbox 1346 1834 1349 1919; x_wconf 72' lang='grc' dir='ltr'>ξ</span> 
     </span>
     <span class='ocr_line' id='line_1_17' title="bbox 147 1944 1349 2037; baseline -0.005 -19"><span class='ocrx_word' id='word_1_146' title='bbox 147 1953 373 2037; x_wconf 84' lang='lat' dir='ltr'>disputationis</span> <span class='ocrx_word' id='word_1_147' title='bbox 392 1953 424 2016; x_wconf 94' lang='lat' dir='ltr'>in</span> <span class='ocrx_word' id='word_1_148' title='bbox 444 1953 495 2017; x_wconf 90' lang='lat' dir='ltr'>his</span> <span class='ocrx_word' id='word_1_149' title='bbox 514 1953 677 2018; x_wconf 79' lang='lat' dir='ltr'>codicibus</span> <span class='ocrx_word' id='word_1_150' title='bbox 697 1953 777 2018; x_wconf 86' lang='lat' dir='ltr'>forte</span> <span class='ocrx_word' id='word_1_151' title='bbox 796 1952 923 2018; x_wconf 86' lang='lat' dir='ltr'>fortuna</span> <span class='ocrx_word' id='word_1_152' title='bbox 935 1960 1073 2019; x_wconf 83' lang='lat' dir='ltr'>aetatem</span> <span class='ocrx_word' id='word_1_153' title='bbox 1087 1950 1310 2036; x_wconf 79' lang='lat' dir='ltr'>tulit,mcmba</span> <span class='ocrx_word' id='word_1_154' title='bbox 1345 1944 1349 1999; x_wconf 61' lang='grc' dir='ltr'>ἕ</span> 
     </span>
     <span class='ocr_line' id='line_1_18' title="bbox 147 2020 1349 2139; baseline -0.001 -16"><span class='ocrx_word' id='word_1_155' title='bbox 147 2061 181 2123; x_wconf 92' lang='lat' dir='ltr'>in</span> <span class='ocrx_word' id='word_1_156' title='bbox 217 2059 300 2135; x_wconf 85' lang='lat' dir='ltr'>illis,</span> <span class='ocrx_word' id='word_1_157' title='bbox 330 2059 431 2125; x_wconf 93' lang='lat' dir='ltr'>cauda</span> <span class='ocrx_word' id='word_1_158' title='bbox 462 2061 494 2123; x_wconf 88' lang='lat' dir='ltr'>in</span> <span class='ocrx_word' id='word_1_159' title='bbox 527 2058 608 2122; x_wconf 90' lang='lat' dir='ltr'>aliis.</span> <span class='ocrx_word' id='word_1_160' title='bbox 657 2058 743 2123; x_wconf 89' lang='lat' dir='ltr'>Hinc</span> <span class='ocrx_word' id='word_1_161' title='bbox 774 2060 883 2131; x_wconf 84' lang='lat' dir='ltr'>nobis.</span> <span class='ocrx_word' id='word_1_162' title='bbox 917 2068 954 2123; x_wconf 94' lang='lat' dir='ltr'>ut</span> <span class='ocrx_word' id='word_1_163' title='bbox 983 2061 1099 2124; x_wconf 72' lang='lat' dir='ltr'>Aeetes</span> <span class='ocrx_word' id='word_1_164' title='bbox 1131 2057 1201 2135; x_wconf 87' lang='lat' dir='ltr'>ills,</span> <span class='ocrx_word' id='word_1_165' title='bbox 1225 2074 1310 2139; x_wconf 76' lang='lat' dir='ltr'>corpus</span> <span class='ocrx_word' id='word_1_166' title='bbox 1346 2020 1349 2099; x_wconf 71' lang='lat' dir='ltr'>l</span> 
     </span>
     <span class='ocr_line' id='line_1_19' title="bbox 146 2162 1309 2252; baseline -0.006 -21"><span class='ocrx_word' id='word_1_167' title='bbox 146 2165 371 2252; x_wconf 85' lang='lat' dir='ltr'>colligendum.</span> <span class='ocrx_word' id='word_1_168' title='bbox 421 2163 482 2230; x_wconf 84' lang='lat' dir='ltr'>Sed</span> <span class='ocrx_word' id='word_1_169' title='bbox 517 2165 597 2229; x_wconf 86' lang='lat' dir='ltr'>hanc</span> <span class='ocrx_word' id='word_1_170' title='bbox 632 2186 715 2243; x_wconf 85' lang='lat' dir='ltr'>rem,</span> <span class='ocrx_word' id='word_1_171' title='bbox 751 2178 787 2230; x_wconf 86' lang='lat' dir='ltr'>ut</span> <span class='ocrx_word' id='word_1_172' title='bbox 821 2169 946 2249; x_wconf 89' lang='lat' dir='ltr'>saepius</span> <span class='ocrx_word' id='word_1_173' title='bbox 981 2169 1047 2230; x_wconf 91' lang='lat' dir='ltr'>iam</span> <span class='ocrx_word' id='word_1_174' title='bbox 1080 2162 1309 2252; x_wconf 79' lang='lat' dir='ltr'>significavi‚in</span> 
     </span>
     <span class='ocr_line' id='line_1_20' title="bbox 146 2271 720 2356; baseline -0.005 -18"><span class='ocrx_word' id='word_1_175' title='bbox 146 2271 247 2339; x_wconf 85' lang='lat' dir='ltr'>altera</span> <span class='ocrx_word' id='word_1_176' title='bbox 273 2279 363 2356; x_wconf 87' lang='lat' dir='ltr'>parte</span> <span class='ocrx_word' id='word_1_177' title='bbox 387 2271 521 2336; x_wconf 88' lang='lat' dir='ltr'>ulterius</span> <span class='ocrx_word' id='word_1_178' title='bbox 544 2292 720 2356; x_wconf 87' lang='lat' dir='ltr'>persequar.</span> 
     </span>
    </p>
   </div>
   <div class='ocr_carea' id='block_1_3' title="bbox 144 2484 1349 2785">
    <p class='ocr_par' dir='ltr' id='par_1_3' title="bbox 144 2484 1349 2785">
     <span class='ocr_line' id='line_1_21' title="bbox 192 2484 1349 2577; baseline -0.005 -28"><span class='ocrx_word' id='word_1_179' title='bbox 192 2489 224 2562; x_wconf 86' lang='grc' dir='ltr'>ό,</span> <span class='ocrx_word' id='word_1_180' title='bbox 257 2484 332 2550; x_wconf 80' lang='grc'><strong>185.</strong></span> <span class='ocrx_word' id='word_1_181' title='bbox 364 2487 545 2561; x_wconf 69' lang='grc' dir='ltr'><strong><em>Θυμοδιιιιὶρς</em></strong></span> <span class='ocrx_word' id='word_1_182' title='bbox 578 2487 641 2564; x_wconf 71' lang='grc' dir='ltr'>γὰρ</span> <span class='ocrx_word' id='word_1_183' title='bbox 670 2487 779 2562; x_wconf 74' lang='grc' dir='ltr'><strong><em>μῡόεςε</em></strong></span> <span class='ocrx_word' id='word_1_184' title='bbox 812 2489 867 2558; x_wconf 71' lang='grc' dir='ltr'>τὴν</span> <span class='ocrx_word' id='word_1_185' title='bbox 892 2488 1000 2567; x_wconf 71' lang='grc' dir='ltr'><strong><em>ψυχὴν</em></strong></span> <span class='ocrx_word' id='word_1_186' title='bbox 1025 2486 1166 2560; x_wconf 62' lang='grc' dir='ltr'><strong><em>δεδορκώς.</em></strong></span> <span class='ocrx_word' id='word_1_187' title='bbox 1191 2485 1240 2570; x_wconf 79' lang='grc' dir='ltr'>(Τ)</span> <span class='ocrx_word' id='word_1_188' title='bbox 1263 2487 1309 2547; x_wconf 78' lang='lat' dir='ltr'>ln</span> <span class='ocrx_word' id='word_1_189' title='bbox 1347 2570 1349 2577; x_wconf 33' lang='grc' dir='ltr'>Ι</span> 
     </span>
     <span class='ocr_line' id='line_1_22' title="bbox 145 2580 1349 2677; baseline -0.008 -17"><span class='ocrx_word' id='word_1_190' title='bbox 145 2596 242 2660; x_wconf 85' lang='lat' dir='ltr'>codex</span> <span class='ocrx_word' id='word_1_191' title='bbox 266 2595 377 2676; x_wconf 84' lang='lat' dir='ltr'>habet,</span> <span class='ocrx_word' id='word_1_192' title='bbox 403 2592 663 2677; x_wconf 63' lang='grc' dir='ltr'><strong><em>συνεωνημένοι</em></strong></span> <span class='ocrx_word' id='word_1_193' title='bbox 689 2602 772 2657; x_wconf 79' lang='lat' dir='ltr'>certe</span> <span class='ocrx_word' id='word_1_194' title='bbox 792 2597 859 2657; x_wconf 87' lang='lat' dir='ltr'>eius</span> <span class='ocrx_word' id='word_1_195' title='bbox 884 2595 1014 2669; x_wconf 88' lang='lat' dir='ltr'>babuit,</span> <span class='ocrx_word' id='word_1_196' title='bbox 1038 2595 1232 2674; x_wconf 74' lang='grc' dir='ltr'><strong><em>δεδνχόνς,</em></strong></span> <span class='ocrx_word' id='word_1_197' title='bbox 1248 2587 1308 2675; x_wconf 88' lang='lat' dir='ltr'>quod</span> <span class='ocrx_word' id='word_1_198' title='bbox 1347 2580 1349 2601; x_wconf 91' lang='lat'>&#39;</span> 
     </span>
     <span class='ocr_line' id='line_1_23' title="bbox 144 2701 790 2785; baseline -0.009 -17"><span class='ocrx_word' id='word_1_199' title='bbox 144 2708 177 2768; x_wconf 83' lang='lat' dir='ltr'>at</span> <span class='ocrx_word' id='word_1_200' title='bbox 201 2704 306 2785; x_wconf 87' lang='lat' dir='ltr'>ipsum</span> <span class='ocrx_word' id='word_1_201' title='bbox 332 2721 393 2765; x_wconf 90' lang='lat' dir='ltr'>non</span> <span class='ocrx_word' id='word_1_202' title='bbox 419 2701 709 2783; x_wconf 80' lang='lat' dir='ltr'>frequentissimum</span> <span class='ocrx_word' id='word_1_203' title='bbox 735 2713 790 2763; x_wconf 86' lang='lat' dir='ltr'>est.</span> 
     </span>
    </p>
   </div>
   <div class='ocr_carea' id='block_1_4' title="bbox 143 2904 1313 4373">
    <p class='ocr_par' dir='ltr' id='par_1_4' title="bbox 143 2904 1313 4373">
     <span class='ocr_line' id='line_1_24' title="bbox 190 2904 1306 2990; baseline -0.01 -12"><span class='ocrx_word' id='word_1_204' title='bbox 190 2917 222 2989; x_wconf 87' lang='grc' dir='ltr'>ό,</span> <span class='ocrx_word' id='word_1_205' title='bbox 251 2912 324 2978; x_wconf 87' lang='grc'><strong>186.</strong></span> <span class='ocrx_word' id='word_1_206' title='bbox 355 2910 400 2975; x_wconf 80' lang='grc' dir='ltr'><strong><em>Ἦ</em></strong></span> <span class='ocrx_word' id='word_1_207' title='bbox 436 2916 473 2990; x_wconf 71' lang='grc' dir='ltr'>ρον</span> <span class='ocrx_word' id='word_1_208' title='bbox 508 2912 559 2974; x_wconf 75' lang='lat' dir='ltr'>axi</span> <span class='ocrx_word' id='word_1_209' title='bbox 594 2912 676 2988; x_wconf 77' lang='grc' dir='ltr'>αὐτῷ</span> <span class='ocrx_word' id='word_1_210' title='bbox 703 2909 796 2989; x_wconf 71' lang='grc' dir='ltr'><strong><em>Φέρει</em></strong></span> <span class='ocrx_word' id='word_1_211' title='bbox 821 2911 952 2986; x_wconf 75' lang='grc' dir='ltr'><strong><em>οὶνιιΐξιις</em></strong></span> <span class='ocrx_word' id='word_1_212' title='bbox 977 2911 1065 2987; x_wconf 84' lang='grc' dir='ltr'><strong><em>λοέβε</em></strong></span> <span class='ocrx_word' id='word_1_213' title='bbox 1090 2912 1199 2976; x_wconf 80' lang='grc' dir='ltr'><strong><em>δίσκον.</em></strong></span> <span class='ocrx_word' id='word_1_214' title='bbox 1244 2904 1306 2975; x_wconf 89' lang='lat' dir='ltr'>Illud</span> 
     </span>
     <span class='ocr_line' id='line_1_25' title="bbox 145 3019 1308 3102; baseline -0.01 -17"><span class='ocrx_word' id='word_1_215' title='bbox 145 3023 229 3100; x_wconf 77' lang='grc' dir='ltr'>αὐτῷ</span> <span class='ocrx_word' id='word_1_216' title='bbox 253 3019 345 3100; x_wconf 81' lang='grc' dir='ltr'><strong><em>Φόρει</em></strong></span> <span class='ocrx_word' id='word_1_217' title='bbox 371 3023 496 3102; x_wconf 73' lang='lat' dir='ltr'>poetam</span> <span class='ocrx_word' id='word_1_218' title='bbox 521 3038 581 3081; x_wconf 91' lang='lat' dir='ltr'>nou</span> <span class='ocrx_word' id='word_1_219' title='bbox 606 3026 722 3080; x_wconf 85' lang='lat' dir='ltr'>temere</span> <span class='ocrx_word' id='word_1_220' title='bbox 746 3019 886 3100; x_wconf 84' lang='lat' dir='ltr'>posuisse</span> <span class='ocrx_word' id='word_1_221' title='bbox 906 3021 1115 3101; x_wconf 82' lang='lat' dir='ltr'>grammatici</span> <span class='ocrx_word' id='word_1_222' title='bbox 1137 3020 1308 3082; x_wconf 81' lang='lat' dir='ltr'>monuerunt</span> 
     </span>
     <span class='ocr_line' id='line_1_26' title="bbox 146 3119 1309 3201; baseline -0.003 -10"><span class='ocrx_word' id='word_1_223' title='bbox 146 3129 214 3191; x_wconf 81' lang='grc' dir='ltr'>Οὐκ</span> <span class='ocrx_word' id='word_1_224' title='bbox 244 3123 475 3200; x_wconf 81' lang='grc' dir='ltr'><strong><em>οὶποδνσοόμενος</em></strong></span> <span class='ocrx_word' id='word_1_225' title='bbox 508 3125 574 3187; x_wconf 82' lang='grc' dir='ltr'><strong><em>οὐδὲ</em></strong></span> <span class='ocrx_word' id='word_1_226' title='bbox 598 3120 769 3201; x_wconf 76' lang='grc' dir='ltr'><strong><em>ζωσοόμενος</em></strong></span> <span class='ocrx_word' id='word_1_227' title='bbox 794 3119 861 3196; x_wconf 77' lang='grc' dir='ltr'><strong><em>ἧκεν</em></strong></span> <span class='ocrx_word' id='word_1_228' title='bbox 888 3125 936 3186; x_wconf 75' lang='grc' dir='ltr'><strong><em>ε’πό</em></strong></span> <span class='ocrx_word' id='word_1_229' title='bbox 962 3126 996 3188; x_wconf 83' lang='grc' dir='ltr'>τὸ</span> <span class='ocrx_word' id='word_1_230' title='bbox 1022 3126 1197 3201; x_wconf 86' lang='grc' dir='ltr'><strong><em>δισκεῦσοιι,</em></strong></span> <span class='ocrx_word' id='word_1_231' title='bbox 1220 3121 1263 3188; x_wconf 68' lang='grc' dir='ltr'>ἵνα</span> <span class='ocrx_word' id='word_1_232' title='bbox 1280 3120 1309 3194; x_wconf 73' lang='grc' dir='ltr'>μέ</span> 
     </span>
     <span class='ocr_line' id='line_1_27' title="bbox 145 3225 1310 3310; baseline -0.009 -13"><span class='ocrx_word' id='word_1_233' title='bbox 145 3233 324 3301; x_wconf 77' lang='grc' dir='ltr'><strong><em>πνκσεόσιις</em></strong></span> <span class='ocrx_word' id='word_1_234' title='bbox 359 3233 375 3306; x_wconf 76' lang='grc' dir='ltr'>ἢ</span> <span class='ocrx_word' id='word_1_235' title='bbox 410 3231 571 3300; x_wconf 82' lang='grc' dir='ltr'><strong><em>ποιλιιίσοις</em></strong></span> <span class='ocrx_word' id='word_1_236' title='bbox 603 3229 706 3306; x_wconf 80' lang='grc' dir='ltr'><strong><em>ἕχόρόν</em></strong></span> <span class='ocrx_word' id='word_1_237' title='bbox 738 3232 845 3310; x_wconf 73' lang='grc' dir='ltr'><strong><em>ποιόσρ</em></strong></span> <span class='ocrx_word' id='word_1_238' title='bbox 878 3234 928 3293; x_wconf 82' lang='grc' dir='ltr'>τόν</span> <span class='ocrx_word' id='word_1_239' title='bbox 960 3234 1143 3306; x_wconf 78' lang='grc' dir='ltr'><strong><em>ἡττνρόένποι.</em></strong></span> <span class='ocrx_word' id='word_1_240' title='bbox 1174 3232 1271 3308; x_wconf 83' lang='grc' dir='ltr'><strong><em>σεμνόν</em></strong></span> <span class='ocrx_word' id='word_1_241' title='bbox 1289 3225 1310 3287; x_wconf 82' lang='grc' dir='ltr'>δὲ</span> 
     </span>
     <span class='ocr_line' id='line_1_28' title="bbox 144 3331 1310 3421; baseline 0 -17"><span class='ocrx_word' id='word_1_242' title='bbox 144 3341 197 3405; x_wconf 70' lang='lat' dir='ltr'>aa&gt;</span> <span class='ocrx_word' id='word_1_243' title='bbox 228 3341 262 3403; x_wconf 80' lang='grc' dir='ltr'>τό</span> <span class='ocrx_word' id='word_1_244' title='bbox 295 3341 338 3414; x_wconf 69' lang='grc' dir='ltr'>μέν</span> <span class='ocrx_word' id='word_1_245' title='bbox 372 3337 468 3421; x_wconf 89' lang='lat' dir='ltr'>(quod</span> <span class='ocrx_word' id='word_1_246' title='bbox 501 3334 623 3399; x_wconf 88' lang='lat' dir='ltr'>addidit</span> <span class='ocrx_word' id='word_1_247' title='bbox 659 3335 829 3421; x_wconf 84' lang='lat' dir='ltr'>Prellerus)</span> <span class='ocrx_word' id='word_1_248' title='bbox 863 3338 1029 3402; x_wconf 80' lang='grc' dir='ltr'><strong><em>οὶποόέσόοιι</em></strong></span> <span class='ocrx_word' id='word_1_249' title='bbox 1064 3344 1119 3414; x_wconf 68' lang='grc' dir='ltr'>τὴν</span> <span class='ocrx_word' id='word_1_250' title='bbox 1150 3339 1236 3410; x_wconf 72' lang='grc' dir='ltr'><strong><em>οὐλὴν</em></strong></span> <span class='ocrx_word' id='word_1_251' title='bbox 1256 3331 1310 3411; x_wconf 55' lang='grc' dir='ltr'>μηδὲ</span> 
     </span>
     <span class='ocr_line' id='line_1_29' title="bbox 144 3438 1310 3523; baseline -0.003 -14"><span class='ocrx_word' id='word_1_252' title='bbox 144 3448 422 3522; x_wconf 76' lang='grc' dir='ltr'><strong><em>όπογομνοιόῆνιιι,</em></strong></span> <span class='ocrx_word' id='word_1_253' title='bbox 457 3442 508 3504; x_wconf 74' lang='lat' dir='ltr'>cxl</span> <span class='ocrx_word' id='word_1_254' title='bbox 539 3443 572 3503; x_wconf 83' lang='grc' dir='ltr'>τό</span> <span class='ocrx_word' id='word_1_255' title='bbox 606 3442 766 3518; x_wconf 68' lang='grc' dir='ltr'><strong><em>ἐνεργῆσαι</em></strong></span> <span class='ocrx_word' id='word_1_256' title='bbox 795 3443 825 3504; x_wconf 81' lang='grc' dir='ltr'>δὲ</span> <span class='ocrx_word' id='word_1_257' title='bbox 859 3441 931 3517; x_wconf 61' lang='lat' dir='ltr'>dccx</span> <span class='ocrx_word' id='word_1_258' title='bbox 957 3447 1042 3523; x_wconf 67' lang='grc' dir='ltr'>αὐτῷ</span> <span class='ocrx_word' id='word_1_259' title='bbox 1068 3448 1165 3509; x_wconf 75' lang='grc' dir='ltr'><strong><em>εἰπεῖν</em></strong></span> <span class='ocrx_word' id='word_1_260' title='bbox 1189 3438 1310 3513; x_wconf 66' lang='grc' dir='ltr'>ἔκπληξιν</span> 
     </span>
     <span class='ocr_line' id='line_1_30' title="bbox 144 3546 1311 3636; baseline -0.006 -22"><span class='ocrx_word' id='word_1_261' title='bbox 144 3551 194 3615; x_wconf 73' lang='grc' dir='ltr'>διὰ</span> <span class='ocrx_word' id='word_1_262' title='bbox 221 3556 273 3614; x_wconf 83' lang='grc' dir='ltr'>τοῦ</span> <span class='ocrx_word' id='word_1_263' title='bbox 297 3550 415 3627; x_wconf 73' lang='grc' dir='ltr'><strong><em>τρόχους</em></strong></span> <span class='ocrx_word' id='word_1_264' title='bbox 441 3548 635 3624; x_wconf 60' lang='lat' dir='ltr'>explorare.</span> <span class='ocrx_word' id='word_1_265' title='bbox 650 3546 701 3632; x_wconf 76' lang='lat' dir='ltr'>(T)</span> <span class='ocrx_word' id='word_1_266' title='bbox 727 3546 795 3611; x_wconf 90' lang='lat' dir='ltr'>Una</span> <span class='ocrx_word' id='word_1_267' title='bbox 814 3547 939 3632; x_wconf 78' lang='lat' dir='ltr'>syllaba</span> <span class='ocrx_word' id='word_1_268' title='bbox 960 3552 1097 3633; x_wconf 83' lang='lat' dir='ltr'>repetita</span> <span class='ocrx_word' id='word_1_269' title='bbox 1119 3572 1214 3636; x_wconf 81' lang='lat' dir='ltr'>quam</span> <span class='ocrx_word' id='word_1_270' title='bbox 1234 3546 1311 3613; x_wconf 76' lang='lat' dir='ltr'>scriba</span> 
     </span>
     <span class='ocr_line' id='line_1_31' title="bbox 144 3651 1311 3736; baseline 0.003 -16"><span class='ocrx_word' id='word_1_271' title='bbox 144 3657 320 3720; x_wconf 85' lang='lat' dir='ltr'>dormitans</span> <span class='ocrx_word' id='word_1_272' title='bbox 344 3657 465 3719; x_wconf 86' lang='lat' dir='ltr'>incuria</span> <span class='ocrx_word' id='word_1_273' title='bbox 495 3656 663 3728; x_wconf 88' lang='lat' dir='ltr'>omiserat,</span> <span class='ocrx_word' id='word_1_274' title='bbox 689 3654 730 3735; x_wconf 87' lang='grc' dir='ltr'>(κ.</span> <span class='ocrx_word' id='word_1_275' title='bbox 757 3655 790 3715; x_wconf 82' lang='grc' dir='ltr'>τὸ</span> <span class='ocrx_word' id='word_1_276' title='bbox 816 3656 976 3730; x_wconf 79' lang='grc' dir='ltr'><strong><em>ε’νεργῆσιιι</em></strong></span> <span class='ocrx_word' id='word_1_277' title='bbox 1002 3656 1032 3720; x_wconf 80' lang='grc' dir='ltr'>δὲ</span> <span class='ocrx_word' id='word_1_278' title='bbox 1058 3656 1131 3729; x_wconf 76' lang='grc' dir='ltr'><strong><em>νόμον</em></strong></span> <span class='ocrx_word' id='word_1_279' title='bbox 1156 3659 1236 3736; x_wconf 73' lang='grc' dir='ltr'>αὐτῷ</span> <span class='ocrx_word' id='word_1_280' title='bbox 1257 3651 1311 3735; x_wconf 62' lang='grc' dir='ltr'>(τῷ)</span> 
     </span>
     <span class='ocr_line' id='line_1_32' title="bbox 145 3746 1311 3841; baseline -0.006 -17"><span class='ocrx_word' id='word_1_281' title='bbox 145 3763 240 3825; x_wconf 77' lang='grc' dir='ltr'><strong><em>εἰπεῖν</em></strong></span> <span class='ocrx_word' id='word_1_282' title='bbox 265 3761 353 3824; x_wconf 85' lang='grc' dir='ltr'><strong><em>ἔνπλ.</em></strong></span> <span class='ocrx_word' id='word_1_283' title='bbox 382 3797 402 3809; x_wconf 91' lang='grc'>-</span> <span class='ocrx_word' id='word_1_284' title='bbox 426 3746 621 3841; x_wconf 75' lang='grc' dir='ltr'><strong><em>παρίστησιν)</em></strong></span> <span class='ocrx_word' id='word_1_285' title='bbox 659 3763 831 3823; x_wconf 86' lang='lat' dir='ltr'>orationem</span> <span class='ocrx_word' id='word_1_286' title='bbox 860 3768 891 3823; x_wconf 87' lang='lat' dir='ltr'>ct</span> <span class='ocrx_word' id='word_1_287' title='bbox 923 3763 1001 3825; x_wconf 85' lang='lat' dir='ltr'>bene</span> <span class='ocrx_word' id='word_1_288' title='bbox 1034 3762 1191 3831; x_wconf 82' lang='lat' dir='ltr'>Graecam</span> <span class='ocrx_word' id='word_1_289' title='bbox 1222 3776 1250 3826; x_wconf 87' lang='lat' dir='ltr'>et</span> <span class='ocrx_word' id='word_1_290' title='bbox 1269 3777 1311 3821; x_wconf 92' lang='lat' dir='ltr'>non</span> 
     </span>
     <span class='ocr_line' id='line_1_33' title="bbox 144 3865 1311 3944; baseline -0.005 -15"><span class='ocrx_word' id='word_1_291' title='bbox 144 3869 311 3932; x_wconf 83' lang='lat' dir='ltr'>infacundo</span> <span class='ocrx_word' id='word_1_292' title='bbox 335 3868 535 3931; x_wconf 87' lang='lat' dir='ltr'>ennneiatam</span> <span class='ocrx_word' id='word_1_293' title='bbox 560 3865 677 3928; x_wconf 87' lang='lat' dir='ltr'>reddet.</span> <span class='ocrx_word' id='word_1_294' title='bbox 717 3865 750 3928; x_wconf 92' lang='lat' dir='ltr'>Iu</span> <span class='ocrx_word' id='word_1_295' title='bbox 771 3866 903 3929; x_wconf 88' lang='lat' dir='ltr'>eandem</span> <span class='ocrx_word' id='word_1_296' title='bbox 925 3871 1138 3944; x_wconf 80' lang='lat' dir='ltr'>scribentium,</span> <span class='ocrx_word' id='word_1_297' title='bbox 1160 3869 1213 3934; x_wconf 86' lang='lat' dir='ltr'>sed</span> <span class='ocrx_word' id='word_1_298' title='bbox 1232 3870 1311 3930; x_wconf 86' lang='lat' dir='ltr'>miuus</span> 
     </span>
     <span class='ocr_line' id='line_1_34' title="bbox 143 3970 1313 4057; baseline -0.008 -22"><span class='ocrx_word' id='word_1_299' title='bbox 143 3970 320 4057; x_wconf 77' lang='lat' dir='ltr'>eleganter,</span> <span class='ocrx_word' id='word_1_300' title='bbox 349 3972 390 4034; x_wconf 89' lang='lat' dir='ltr'>B:</span> <span class='ocrx_word' id='word_1_301' title='bbox 416 3973 467 4034; x_wconf 78' lang='grc' dir='ltr'><strong><em>κοιό</em></strong></span> <span class='ocrx_word' id='word_1_302' title='bbox 494 3972 547 4034; x_wconf 84' lang='grc' dir='ltr'>σὺν</span> <span class='ocrx_word' id='word_1_303' title='bbox 572 3973 654 4049; x_wconf 73' lang='grc' dir='ltr'>αὐτῷ</span> <span class='ocrx_word' id='word_1_304' title='bbox 680 3995 721 4049; x_wconf 74' lang='grc' dir='ltr'>πρ</span> <span class='ocrx_word' id='word_1_305' title='bbox 748 3971 840 4048; x_wconf 73' lang='grc' dir='ltr'><strong><em>φόρει</em></strong></span> <span class='ocrx_word' id='word_1_306' title='bbox 869 3970 1001 4048; x_wconf 76' lang='grc' dir='ltr'><strong><em>σόνιιΐξιις</em></strong></span> <span class='ocrx_word' id='word_1_307' title='bbox 1028 3974 1130 4050; x_wconf 78' lang='grc' dir='ltr'><strong><em>ἔλοιβε</em></strong></span> <span class='ocrx_word' id='word_1_308' title='bbox 1154 3975 1205 4038; x_wconf 79' lang='grc' dir='ltr'>τόν</span> <span class='ocrx_word' id='word_1_309' title='bbox 1227 3973 1313 4038; x_wconf 77' lang='grc' dir='ltr'><strong><em>δόσκεν.</em></strong></span> 
     </span>
     <span class='ocr_line' id='line_1_35' title="bbox 144 4071 1313 4161; baseline -0.003 -21"><span class='ocrx_word' id='word_1_310' title='bbox 144 4077 194 4140; x_wconf 84' lang='grc' dir='ltr'><strong><em>διόι</em></strong></span> <span class='ocrx_word' id='word_1_311' title='bbox 218 4082 252 4142; x_wconf 85' lang='grc' dir='ltr'>πό</span> <span class='ocrx_word' id='word_1_312' title='bbox 277 4081 346 4150; x_wconf 81' lang='grc' dir='ltr'>ποὺς</span> <span class='ocrx_word' id='word_1_313' title='bbox 371 4071 485 4147; x_wconf 72' lang='grc' dir='ltr'><strong><em>ἄλλοσε</em></strong></span> <span class='ocrx_word' id='word_1_314' title='bbox 510 4076 715 4140; x_wconf 79' lang='grc' dir='ltr'><strong><em>οόπεκδόεσόοιι</em></strong></span> <span class='ocrx_word' id='word_1_315' title='bbox 749 4077 932 4161; x_wconf 73' lang='grc' dir='ltr'><strong><em>(προεκδέρ</em></strong></span> <span class='ocrx_word' id='word_1_316' title='bbox 958 4071 972 4141; x_wconf 79' lang='grc' dir='ltr'><strong><em>ό</em></strong></span> <span class='ocrx_word' id='word_1_317' title='bbox 995 4079 1122 4159; x_wconf 69' lang='grc' dir='ltr'><strong><em>ἐφόρουν</em></strong></span> <span class='ocrx_word' id='word_1_318' title='bbox 1141 4081 1239 4144; x_wconf 77' lang='grc' dir='ltr'><strong><em>ἐπόνει</em></strong></span> <span class='ocrx_word' id='word_1_319' title='bbox 1258 4071 1313 4151; x_wconf 69' lang='lat' dir='ltr'>tat·</span> 
     </span>
     <span class='ocr_line' id='line_1_36' title="bbox 143 4178 1312 4265; baseline 0.003 -20"><span class='ocrx_word' id='word_1_320' title='bbox 143 4185 205 4246; x_wconf 87' lang='grc' dir='ltr'><strong><em>τιόν</em></strong></span> <span class='ocrx_word' id='word_1_321' title='bbox 240 4192 316 4264; x_wconf 78' lang='grc' dir='ltr'><strong><em>φησι</em></strong></span> <span class='ocrx_word' id='word_1_322' title='bbox 357 4187 427 4265; x_wconf 73' lang='lat' dir='ltr'>„ascl</span> <span class='ocrx_word' id='word_1_323' title='bbox 465 4187 548 4263; x_wconf 71' lang='grc' dir='ltr'>οιύσῴ</span> <span class='ocrx_word' id='word_1_324' title='bbox 582 4181 710 4262; x_wconf 49' lang='lat' dir='ltr'>dipsis</span> <span class='ocrx_word' id='word_1_325' title='bbox 742 4186 879 4247; x_wconf 76' lang='grc' dir='ltr'><strong><em>δεικνύων</em></strong></span> <span class='ocrx_word' id='word_1_326' title='bbox 912 4187 946 4247; x_wconf 81' lang='grc' dir='ltr'>τό</span> <span class='ocrx_word' id='word_1_327' title='bbox 981 4188 1115 4264; x_wconf 70' lang='grc' dir='ltr'><strong><em>ἀνδρεῖον</em></strong></span> <span class='ocrx_word' id='word_1_328' title='bbox 1146 4189 1249 4251; x_wconf 63' lang='grc' dir='ltr'>Ισοιίεοιδ.</span> <span class='ocrx_word' id='word_1_329' title='bbox 1288 4178 1312 4241; x_wconf 92' lang='lat' dir='ltr'>ln</span> 
     </span>
     <span class='ocr_line' id='line_1_37' title="bbox 144 4288 1313 4373; baseline -0.002 -22"><span class='ocrx_word' id='word_1_330' title='bbox 144 4288 379 4373; x_wconf 81' lang='lat' dir='ltr'>Hamburgeusi</span> <span class='ocrx_word' id='word_1_331' title='bbox 416 4292 522 4352; x_wconf 78' lang='lat' dir='ltr'>munia</span> <span class='ocrx_word' id='word_1_332' title='bbox 560 4295 603 4352; x_wconf 88' lang='lat' dir='ltr'>ita</span> <span class='ocrx_word' id='word_1_333' title='bbox 641 4299 675 4351; x_wconf 91' lang='lat' dir='ltr'>ut</span> <span class='ocrx_word' id='word_1_334' title='bbox 711 4291 840 4352; x_wconf 70' lang='lat' dir='ltr'>rcxlribni</span> <span class='ocrx_word' id='word_1_335' title='bbox 882 4296 1116 4357; x_wconf 75' lang='lat' dir='ltr'>continuantur.</span> <span class='ocrx_word' id='word_1_336' title='bbox 1180 4292 1313 4357; x_wconf 80' lang='lat' dir='ltr'>Prellerm</span> 
     </span>
    </p>
   </div>
   <div class='ocr_carea' id='block_1_5' title="bbox 0 0 1494 4950">
    <p class='ocr_par' dir='ltr' id='par_1_5' title="bbox 0 0 1494 4950">
     <span class='ocr_line' id='line_1_38' title="bbox 0 0 1494 4950; baseline 0 0"><span class='ocrx_word' id='word_1_337' title='bbox 0 0 1494 4950; x_wconf 95' lang='lat' dir='ltr'> </span> 
     </span>
    </p>
   </div>
  </div>
 </body>
</html>
