2978 4950
710 182 776 250 880

148 388 220 438 oum
250 371 475 460 Etyrnologico
508 372 627 461 Magno
660 374 876 440 scribendum:
908 373 960 438 καὶ
993 374 1239 455 διπλασιασμῷ
1266 399 1389 452 μετ

147 480 227 545 ἑπιτ.
266 482 352 557 Αἰολ.
390 479 567 557 άλάλημαι.
616 481 783 547 Praeterea
821 481 1019 547 admonenda
1060 502 1162 567 pauca
1197 482 1237 547 de
1266 482 1356 551 his

148 586 326 659 άλάλησθοιι
351 587 511 658 ἐνεστῶτος
535 586 654 666 χρόνου.
697 587 827 652 Abeunt
850 588 889 651 ab
914 588 1139 666 Ambrosiano,
1164 589 1220 653 ubi
1244 588 1389 672 τοὺς

148 694 193 758 sic
217 693 457 758 continuantur:
473 731 512 742 --
528 695 685 776 Λὶολικθν,
710 693 746 758 ἵν’
770 690 787 773 ᾖ
812 693 845 756 τὸ
872 693 952 770 θέμα
978 708 1048 758 κτλ.
1086 695 1200 780 Itaque
1223 697 1257 760 in
1276 717 1389 779 unq

148 797 183 864 H
213 806 411 885 comparent.
445 800 483 865 de
514 821 576 885 quo
604 799 803 865 Dindorfium
836 800 1004 865 audiamus
1035 803 1083 866 its
1113 801 1389 887 disserentarng

150 907 268 984 „verba
292 905 469 980 ductitantur
496 908 657 977 ἐνεστῶτος
680 907 787 986 χρόνου
811 906 880 971 loco
903 928 964 971 non
990 928 1047 972 suo
1067 910 1188 973 inserta
1206 909 1385 991 transfer

148 1020 219 1098 post
253 1013 416 1087 άλάληται
452 1013 486 1099 (l.
517 1013 590 1101 17),
624 1015 680 1078 ubi
712 1013 864 1100 leguntur
895 1017 929 1078 in
960 1012 1022 1077 Η.”
1053 1013 1172 1098 (Praei.
1196 1036 1228 1100 p.
1256 1032 1372 1115 λιι.)

147 1119 321 1206 Nunquam
358 1120 425 1185 vidi
459 1120 584 1185 felicius
617 1123 822 1186 commissum
855 1123 984 1185 vitium.
1031 1119 1139 1188 Verba
1172 1125 1276 1199 enim,
1307 1130 1370 1203 de

148 1228 264 1312 quibus
286 1230 434 1314 agimus,
458 1248 493 1292 eo
516 1227 585 1293 loco
609 1248 675 1292 esse
701 1232 732 1291 et
756 1247 884 1291 manere
908 1227 1035 1311 debere,
1059 1248 1122 1313 quo
1147 1229 1181 1292 in
1201 1229 1363 1307 editione

149 1338 241 1411 sunt,
272 1355 329 1399 nec
360 1346 488 1400 auctore
519 1334 625 1399 codice
649 1333 688 1398 ad
712 1333 829 1398 ultima
853 1334 1066 1399 adnotationis
1089 1338 1350 1430 summovenda,

148 1461 242 1507 nemo
265 1447 418 1526 punctum
444 1444 596 1527 temporis
621 1441 766 1506 dubitare
786 1446 901 1525 potest.
926 1440 1110 1506 Bellissima
1129 1445 1216 1508 enim
1237 1444 1344 1527 toret,

149 1568 229 1633 qnae
261 1549 305 1612 sic
335 1548 475 1633 prodiret
506 1551 677 1613 sententia:
712 1545 763 1611 καὶ
794 1547 1026 1624 διπλασιασμὸς
1059 1548 1149 1633 (μῷ)
1178 1585 1230 1600 --
1251 1553 1340 1617 are·

147 1668 266 1731 λημαι,
300 1653 481 1730 άλάλησαι,
515 1653 695 1731 άλάληται,
726 1653 905 1727 άλάλησθαι
939 1655 1100 1727 ἐνεστῶτος
1133 1654 1255 1737 χράνονθ
1278 1657 1337 1721 Vi-

147 1762 231 1825 tium
255 1764 288 1825 in
314 1760 420 1826 codice
443 1768 705 1836 notamcausam
731 1760 842 1834 habet,
869 1781 963 1846 quam
989 1763 1054 1826 iam
1080 1765 1206 1847 saepius
1229 1765 1329 1849 tetigi.

146 1865 183 1931 In
203 1869 365 1931 communi
384 1866 556 1953 archetypo
576 1868 672 1931 verba
691 1865 790 1931 άλάλ.
815 1868 909 1930 ἕνοστ.
926 1867 1034 1946 χρόνον
1048 1871 1189 1954 primum
1207 1870 1333 1939 omisa,
1387 1920 1389 1933 .

146 1973 259 2038 deiude
282 1975 316 2036 in
340 1974 484 2058 margine
508 1973 634 2057 adpicta
656 1974 754 2037 luisse
780 1974 938 2039 videntur.
978 1973 1065 2039 Hinc
1087 1975 1220 2051 factum,
1239 1974 1335 2038 utin
1387 2022 1389 2029 .

146 2077 175 2153 Q
208 2078 327 2155 desint,
360 2081 394 2141 in
423 2077 455 2141 Η
486 2078 588 2144 alieno
613 2079 680 2144 loco
705 2079 817 2144 adsint.
854 2079 896 2143 Ilt
920 2083 1024 2165 priora
1048 2080 1163 2146 scholii
1184 2077 1337 2146 assella·

146 2185 283 2263 rodiani,
320 2185 402 2269 quod
434 2183 486 2250 vel
517 2207 555 2250 ex
583 2189 650 2271 ipsa
679 2207 712 2250 re
743 2190 960 2272 cognoscitur,
993 2195 1025 2252 et
1053 2187 1105 2251 καὶ
1131 2186 1327 2254 inserendum

146 2290 259 2367 fuisse,
292 2298 324 2356 et
354 2312 407 2367 ea,
440 2291 478 2356 de
510 2312 645 2377 quorum
678 2291 882 2358 collocatione
914 2297 1128 2359 controversis
1159 2315 1224 2360 esso
1244 2291 1343 2359 ride-

145 2402 214 2480 tur,
245 2403 329 2462 recte
362 2418 397 2463 eo
429 2397 497 2463 loco
527 2398 609 2486 legi,
634 2419 696 2484 quo
720 2421 802 2464 nunc
828 2399 998 2487 leguntur,
1022 2403 1237 2487 comprobabit
1255 2420 1348 2467 οολι·

146 2502 262 2567 similis
293 2503 466 2568 Herodiani
498 2512 572 2570 nota
603 2506 641 2570 ad
666 2514 694 2569 T
722 2504 786 2569 335
811 2506 848 2572 de
873 2509 969 2572 verbo
994 2511 1193 2588 άκάχησθαιε
1223 2512 1345 2574 'Arc-

145 2613 319 2689 χησθαι·
341 2617 587 2691 προπερισπάται
608 2615 646 2685 ὥς
668 2615 872 2687 λελυπῆσθαι·
896 2615 929 2678 οἱ
954 2616 994 2679 δὲ
1018 2616 1344 2696 προταράξνντν

145 2718 191 2789 ὠς
217 2718 470 2782 dictericis
495 2721 995 2804 παρατατικησημασθῳ,
1021 2723 1086 2785 ἐπεὶ
1113 2719 1343 2790 alternately

145 2823 346 2902 ἀκαχήμενος
379 2826 516 2904 μετοχὴν
548 2827 705 2908 τοιαύτην,
739 2821 780 2898 οἷς
815 2828 864 2890 καὶ
895 2828 1018 2901 ἐπείσθη
1045 2830 1061 2902 ἦ
1087 2830 1256 2909 παράδοσις.
1276 2852 1337 2874 2

145 2928 288 2994 'l'ertium
327 2934 436 2996 omissi
473 2931 523 2996 axi
559 2934 741 3018 exemplum
779 2937 821 2998 sit
856 2934 967 2998 notula
997 2935 1108 3000 critica
1140 2938 1179 3002 ad
1208 2961 1222 3015 ρ
1252 2929 1330 2998 50⁹-

145 3036 395 3115 προσπτθξομαιε
429 3044 478 3100 νῦν
512 3040 725 3117 προσδέξσμαι.
750 3040 910 3119 γράφεται
936 3039 1128 3119 φθέγξομαι.
1153 3043 1247 3128 (MV),
1265 3033 1328 3103 ubi

145 3142 335 3231 legendum:
373 3147 533 3226 γράφεται
572 3149 667 3231 (καὶ)
702 3147 979 3229 vascosanum,
1015 3170 1150 3233 quorum
1187 3149 1325 3215 bocina]

145 3251 306 3336 supplevit
331 3251 559 3318 Buttmannus.

191 3488 229 3542 μ,
262 3462 338 3529 281.
373 3466 420 3530 Ad
452 3465 585 3547 καμάτῳ
610 3465 781 3538 άὸθηκθτας
808 3465 856 3540 ἠδὲ
880 3465 931 3528 καὶ
958 3462 1038 3545 ὕπνῳ
1063 3465 1244 3531 adnotatur:
1264 3461 1323 3532 dt*

145 3569 301 3643 διαθέντας
332 3572 464 3652 καμάτῳ
489 3573 540 3636 καὶ
566 3575 740 3656 άγρντνίῳ·
769 3575 832 3648 „oi
859 3572 902 3635 rol
928 3573 984 3647 μὲν
1010 3572 1145 3651 καμάτῳ
1169 3569 1322 3644 άδθηκθτες
1387 3628 1389 3655 ἱ

147 3677 196 3750 ἠδὲ
232 3681 283 3740 καὶ
321 3676 422 3759 ὕπνῳ’
458 3677 590 3762 (1(98).
626 3679 782 3759 άγριιπνίῳ
816 3680 886 3740 κατ’
921 3680 1116 3756 άντθφρατιν.
1149 3712 1201 3727 ·-
1229 3671 1322 3751 lyd?
1387 3678 1389 3753 j

146 3780 232 3855 ὕπνος
268 3787 298 3848 οὐ
329 3784 482 3862 βλάπτει.
515 3785 605 3864 (BQ).
636 3785 815 3849 Scribatur:
843 3820 896 3834 --
922 3784 973 3846 xxi
1000 3784 1110 3864 ῧπνῳ.”
1137 3784 1247 3869 (ὕπνῳ
1268 3778 1321 3855 dl)
1387 3758 1389 3805 Ι

146 3893 300 3971 ἀγρυπνία
333 3890 406 3953 κατ’
439 3891 634 3969 άντθφρατιν.
672 3891 791 3955 Eadem
823 3893 885 3955 lere
917 3891 1072 3954 habemus
1104 3892 1144 3955 ad
1168 3891 1187 3972 ζ
1208 3889 1241 3964 2,
1261 3896 1323 3969 quo

145 4018 227 4061 nunc
250 4019 373 4083 quoque
397 3998 601 4084 ablegamur,
626 3998 681 4062 sed
706 3998 749 4061 ibi
776 4005 858 4062 recte
882 4004 946 4061 est:
968 4000 1031 4072 ἤτοι
1052 4002 1322 4073 coenamus-³

146 4103 162 4178 ἣ
188 4110 259 4167 κατ’
282 4106 467 4185 άντθφρασιν
492 4107 546 4177 την
570 4105 743 4184 άγρντνθαν
768 4101 857 4167 ὕπνον
885 4105 955 4184 ἔφη.

191 4343 226 4397 μ,
262 4318 335 4383 323.
368 4319 539 4385 Homerica
572 4318 708 4402 Ἠέλιος,
742 4314 772 4391 ὃς
805 4320 897 4383 πάντ’
930 4319 1024 4400 ἐφορᾷ
1059 4320 1110 4381 καὶ
1136 4317 1226 4382 πάντ’
1247 4315 1309 4378 ἔτι·
1384 4317 1387 4352 ³
