2978 4950
703 230 771 301 234

143 424 243 492 lumis
266 428 464 502 revertisset,
491 446 524 490 se
547 425 660 490 urbem
684 428 718 489 in
742 423 897 512 Argolide
923 427 953 489 ei
971 425 1124 491 daturum
1147 427 1242 493 fuisse
1257 446 1304 512 pr

143 531 246 598 sterili
269 532 327 598 illa
350 531 460 597 Ithaca
483 531 667 607 florentem

234 639 289 704 καί
313 639 345 703 κε’
370 640 394 703 οἱ
416 642 531 718 Ἄργεϊ
554 636 654 702 educa
679 637 766 701 κώλου
791 637 843 701 aa}
868 638 987 714 δώματ’
1013 637 1143 717 ἔτευξοο,
1157 675 1178 689 -
1192 674 1244 689 --

235 746 290 811 κου’
312 771 346 811 κε
371 745 445 822 θάμ’
469 743 569 810 tvttt’
593 744 692 817 ε’ώντες
717 743 899 821 ἐμισγόμεθ’
922 745 988 810 οὐδέ
1013 770 1064 811 κεν
1090 744 1193 824 ἡμένου

234 850 315 917 ἄλλο
339 851 476 931 διέκρινεν
501 848 644 932 Φιλέοννέ
667 875 702 914 τε
727 850 901 929 τερπομένω
925 875 979 930 τε,

235 959 304 1039 πρὶν
328 955 414 1035 ρ’ώτε
439 958 473 1031 δὴ
498 958 650 1022 Θκνώτοιο
674 959 777 1034 μέλον
803 959 893 1038 νέφος
918 958 1165 1040 ἀμφεκάλυψεν.

145 1065 273 1132 Scholia
303 1065 365 1131 duo
394 1065 434 1130 ad
465 1064 522 1129 hos
552 1085 678 1148 vorsus,
704 1066 737 1128 in
760 1062 828 1138 ΜΟ
852 1071 994 1142 servata,
1018 1069 1052 1130 in
1075 1072 1211 1152 utroque
1233 1063 1304 1131 oodi

144 1171 320 1238 ridiculum
343 1173 377 1237 in
402 1171 532 1237 modum
556 1173 603 1236 ita
627 1170 757 1236 confusa
780 1178 874 1255 sunt,
899 1178 936 1235 ut
960 1192 1032 1257 pars
1051 1193 1175 1248 eorum,
1198 1191 1278 1258 quac

146 1282 288 1365 primum
319 1280 529 1364 pertinerent,
561 1277 666 1342 medio
698 1275 790 1342 alteri
818 1297 937 1365 magno
969 1298 1044 1343 cum
1073 1282 1242 1364 utriusque
1267 1296 1304 1343 ιιε

146 1389 265 1451 tentiae
299 1385 489 1450 detrimento
519 1383 611 1448 illata
640 1382 797 1470 legantur.
846 1383 940 1448 Prius
971 1384 1113 1450 scholion
1142 1388 1189 1451 sic
1213 1384 1304 1451 cditu

147 1491 214 1557 οὐδὲ
246 1515 296 1556 κεν
321 1491 438 1565 siplae:
463 1491 516 1554 οὐκ
542 1490 571 1553 ἐν
594 1499 632 1571 τῇ
658 1490 807 1573 Σκώρτρ,
831 1489 906 1555 ἀλλ’
932 1491 962 1554 ἒν
986 1487 1041 1570 dap
1063 1500 1103 1573 τῇ
1128 1492 1235 1575 χώρᾳ,
1256 1488 1304 1557 nit

147 1592 235 1663 rum¹
254 1600 316 1663 sic:
349 1595 428 1661 ἄλλο
457 1596 596 1675 διέκρινετ
628 1595 709 1660 οὐδὲν
742 1597 813 1673 ἡμῖν
840 1593 974 1677 διέζευξε
996 1603 1052 1670 τῆς
1075 1598 1189 1677 Φιλίας
1214 1598 1269 1672 τὴν
1298 1638 1304 1661 ι

147 1703 315 1786 Φροσώνιρν,
338 1703 355 1779 ἢ
379 1701 479 1766 ώστε
504 1703 612 1767 κοντοὶ
635 1702 833 1781 διαδοχὴν
858 1700 971 1777 ἥκειν
994 1703 1093 1781 πρὸς
1116 1705 1304 1779 ώλλιίλοι

147 1813 228 1884 πλὴν
252 1810 393 1881 deivarae.
438 1809 504 1874 Nec
527 1809 762 1874 Buttmannum
786 1829 843 1873 nec
866 1808 1065 1876 Dindorfium
1093 1810 1304 1896 vidissc,qu1

147 1916 328 1982 ioculariter
358 1917 433 1982 haec
464 1918 617 2000 permista
639 1916 719 1979 sintl
745 1914 848 1980 Nemo
872 1918 957 1980 enirn
982 1921 1168 2002 praesertim
1193 1918 1304 1983 admon

146 2030 199 2088 tus
220 2044 282 2090 non
302 2024 407 2107 videt,
427 2043 508 2107 quac
531 2023 670 2087 diductis
693 2020 795 2087 literis
818 2020 1015 2109 significavi,
1030 2061 1071 2072 -
1085 2029 1218 2110 excepto
1236 2026 1304 2111 pris

55 2198 59 2208 ,
148 2130 245 2196 verbo
278 2133 313 2213 ι“ι,
339 2166 382 2179 -
405 2128 487 2193 nihil
518 2129 557 2194 ad
589 2128 763 2193 secundum
794 2127 934 2193 scholion
963 2132 1139 2214 pertinere,
1164 2132 1220 2197 scd
1242 2131 1275 2196 in

149 2238 305 2302 contineri
334 2238 448 2321 prioris
479 2237 621 2308 exitum,
652 2236 735 2320 quod
765 2237 873 2319 itaque
895 2238 941 2300 sio
964 2257 1022 2301 sua
1043 2239 1260 2322 recuperabit:
1286 2258 1304 2302 ο

147 2345 176 2409 ἕν
209 2353 247 2424 τῇ
274 2343 423 2422 Σπώρτρ,
448 2342 522 2406 ἀλλ’
546 2341 576 2404 ἐν
602 2335 657 2422 dap
679 2350 717 2421 τῇ
741 2341 845 2424 χώρᾳ,
870 2338 970 2407 ώστε
1002 2346 1110 2408 κοινοὶ
1142 2342 1304 2423 traam:

147 2447 261 2526 ἥκειν
293 2450 385 2526 πρὸς
415 2450 635 2522 ἀλλήλους.
683 2446 750 2512 Nec
773 2447 832 2512 hoc
855 2468 1047 2532 quemquam
1072 2450 1194 2537 fugiet,
1218 2451 1304 2515 lemn

147 2557 198 2621 his
232 2558 462 2641 praescriptum
497 2553 613 2619 falsum
648 2576 731 2619 esse:
768 2556 820 2618 οὐκ
856 2556 885 2617 ἐν
918 2565 954 2636 τῇ
989 2557 1120 2636 Σιιώρτρ
1262 2577 1304 2635 ιιρ

147 2665 302 2738 ἀλλήλους
328 2683 390 2727 non
410 2664 587 2726 inserviunt
607 2659 801 2745 explicandis
822 2659 888 2724 οὐδὲ
911 2686 960 2725 κεν
985 2665 1101 2746 iader,
1123 2665 1178 2729 scd
1197 2667 1238 2729 iis
1256 2683 1304 2748 qut

147 2773 240 2835 initio
272 2769 414 2834 eiusdem
440 2789 549 2833 versus
572 2766 741 2854 leguntur:
766 2770 821 2831 κου’
844 2792 877 2831 κε
903 2767 976 2845 θάμ’
1001 2769 1099 2833 ἐνθάδ’
1126 2771 1223 2842 ἐόντες
1247 2770 1304 2846 ἐμοι

147 2878 265 2954 νώμεώ,
299 2897 334 2941 sc
358 2876 396 2940 de
420 2876 470 2939 his
493 2877 668 2938 rectissime
699 2875 817 2938 dicitur
840 2875 892 2938 οὐκ
919 2875 948 2937 ἐν
972 2885 1009 2956 τῇ
1037 2876 1180 2958 Σπώρτρ,
1208 2877 1279 2940 ἀλλ’
1303 2924 1304 2929 1

147 2981 201 3062 ώλρ
233 2992 270 3064 τῇ
302 2983 389 3065 χώρᾳ
421 2990 452 3046 et
484 3002 564 3065 quac
586 2981 732 3065 deinceps
755 2984 843 3064 sequi
869 2981 980 3045 debere
1005 2983 1082 3047 dixi.
1130 2981 1246 3048 Contra
1266 2978 1304 3044 οὐέ

147 3115 197 3154 κεν
228 3087 326 3166 sipla-3
360 3088 614 3173 coniungendam
639 3093 686 3150 est
709 3108 781 3150 cum
807 3084 885 3150 ἄλλο
911 3087 1047 3167 διέκρινε,
1079 3097 1116 3153 ut
1141 3088 1304 3154 coniuncti!

146 3196 223 3260 haec
251 3194 370 3260 lemma
394 3194 530 3258 efficiant
554 3195 733 3278 posterioris
757 3192 886 3271 scholii,
911 3195 991 3277 quod
1019 3198 1124 3280 ipsum
1149 3209 1304 3281 quoqucu

146 3305 254 3368 eiectis
285 3301 414 3386 quidem
437 3300 494 3376 iis,
519 3320 598 3394 quae
623 3319 784 3383 perperam
809 3300 871 3364 huc
904 3300 1055 3366 translata
1087 3324 1155 3368 esse
1187 3302 1304 3387 apparot

146 3416 348 3495 personatum
387 3413 442 3471 est.
492 3407 697 3470 l'ersanatum
736 3406 810 3481 crit,
847 3412 873 3470 si
906 3410 951 3471 sio
983 3410 1156 3473 scribatur:
1190 3408 1251 3474 οὐδέ
1274 3424 1304 3468 κε

148 3516 245 3594 ἡμέοις
283 3513 362 3579 ἄλλο
397 3512 536 3591 διέκρινετ
573 3511 654 3576 οὐδὲν
686 3511 754 3593 (ἂν)
789 3516 860 3589 ἡμῖν
894 3512 1023 3593 διέζευξε
1054 3521 1108 3586 τῆς
1139 3511 1304 3593 certasti

146 3624 348 3703 εὐφροσύνην,
381 3624 484 3692 πλὴν
515 3619 531 3693 ἢ
566 3618 634 3702 (pro
658 3618 674 3692 ἢ
700 3621 794 3702 πλὴν)
819 3621 959 3691 deivarae.
1006 3621 1132 3685 Ultima
1156 3623 1218 3686 duo
1239 3615 1304 3686 verli

146 3731 240 3815 (πλὴν
275 3728 353 3808 dclv.)
383 3727 496 3791 desunt
519 3729 552 3789 in
577 3724 629 3788 M:
656 3724 804 3789 videlicet
829 3727 948 3803 scriba,
973 3727 1116 3811 lepidum
1141 3734 1250 3814 caput,
1269 3719 1304 3788 ill

148 3833 267 3909 ἢώοτε
293 3870 311 3882 -
327 3869 378 3882 --
404 3833 483 3909 ἥκειν
509 3831 579 3908 πρὸς
606 3831 761 3902 οὶλλήλους
789 3831 931 3896 sufficere
955 3843 1042 3897 ratus
1067 3843 1115 3898 est
1138 3835 1177 3899 ad
1200 3833 1304 3899 alterat

147 3943 392 4027 comparationis
417 3941 597 4003 membrum
622 3937 823 4022 explendum.
873 3939 955 4018 Quid
980 3961 1017 4004 ex
1042 3941 1093 4005 his
1117 3943 1300 4013 omnibus,e

147 4051 264 4113 omisso
296 4051 398 4130 priore
430 4045 597 4126 lemmate,
630 4065 668 4108 cx
702 4045 858 4128 discerpto
883 4047 1035 4121 secundo,
1061 4069 1099 4111 ex
1123 4049 1226 4113 verbis
1246 4042 1304 4110 schc

147 4153 263 4218 liorum
294 4155 376 4217 inter
407 4172 439 4216 se
470 4151 607 4216 confusis
630 4158 662 4214 et
685 4154 898 4227 intermixtis,
925 4153 963 4216 dc
988 4153 1131 4217 codicum
1158 4160 1304 4219 nostrornr

147 4259 326 4324 conditione
350 4280 384 4323 ac
408 4261 595 4343 cognatione
620 4258 797 4329 discamus,
824 4258 862 4323 de
882 4259 985 4322 bisin
1008 4259 1108 4327 altera
1128 4269 1215 4345 parta
1233 4258 1304 4344 aptio

148 4366 330 4450 disputandi
355 4365 443 4430 locus
465 4365 603 4429 dabitur.
712 4427 715 4432 Δ
