2978 4950
665 189 728 269 281

47 389 273 491 Τυρρηνικῷ
303 387 441 469 πελάγει
463 392 582 456 κεῖσθαι
605 390 767 471 λέγουσιν,
793 387 885 472 ἕτερον
909 389 940 456 al
966 387 1223 467 ἕκτετοπισμίνιρν
1245 389 1295 464 νῆ-

46 519 121 562 σον
166 493 319 574 λέγουσιν
342 517 380 563 ex
405 495 448 576 '1¹3
473 498 602 564 tandem
628 523 647 564 κ
674 496 756 564 189:
781 498 816 563 ἐκ
840 496 953 563 τοθπον
983 498 1098 582 (immo
1122 496 1198 560 κάν
1227 493 1296 561 ποθ·

48 627 161 670 των.
207 601 262 668 afr.
293 603 310 668 δ
335 602 413 689 556)
437 604 468 669 δὲ
492 605 731 683 ε’κτεποπισμὲνη
757 606 907 686 Φαίνεται
933 588 1080 680 ἡπλάνν
1105 608 1159 669 τοῦ
1184 601 1296 667 'Oloo-

47 732 193 781 σεως.
225 708 332 795 (Bou)
364 709 532 796 Nusquam
558 717 624 776 tam
648 732 793 796 perversa
817 714 1010 777 constructio
1033 712 1175 776 oemitur
1199 729 1296 794 quam

48 836 102 882 ea
145 820 230 893 est,
258 837 321 900 qua
343 822 486 882 nostrum
510 817 618 883 locum
641 817 775 884 liberare
800 824 930 884 conatus
951 838 1052 883 snm.·
1081 815 1151 883 Hoo
1172 834 1297 902 quoque

48 942 150 988 non
211 917 327 988 inutile
370 925 430 988 erit
471 923 656 1009 admonere,
698 926 834 991 verbum
870 915 1039 1006 ἕκτοπίζειν
1075 927 1172 988 etiam
1208 928 1298 988 extra

50 1029 358 1115 grammaticum
389 1050 485 1094 nsum
516 1032 550 1095 in
580 1033 695 1095 nostris
719 1030 887 1116 aliquoties
910 1032 1055 1117 reperiri,
1080 1051 1112 1098 ν.
1127 1051 1154 1095 ο.
1180 1053 1194 1093 ε
1219 1025 1296 1105 286,

49 1133 139 1198 ubi
197 1132 342 1218 Neptuni
374 1136 487 1201 verba:
524 1136 544 1200 ὣ
581 1136 684 1212 πθποι,
719 1133 736 1209 ἦ
766 1136 860 1213 μάλα
891 1139 927 1212 aa
958 1136 1213 1215 μετεβούλευσαν
1238 1137 1295 1201 θεοί

49 1235 210 1311 άλλως
233 1243 268 1304 in
291 1240 318 1305 B
341 1243 386 1306 sio
409 1243 592 1328 paraphrasi
617 1244 806 1308 redduntur:
835 1246 876 1316 είς
901 1247 936 1310 τί
961 1251 1106 1318 νοστῆσαι
1140 1243 1296 1319 δηλονότι,

53 1346 159 1410 ἔτι-εὶ
197 1346 354 1412 σννέθεντθ
377 1372 429 1426 μοι
449 1354 554 1415 τοῦτον
579 1350 595 1413 ε’
604 1350 726 1415 κτοπί
733 1375 811 1415 σαι.
835 1350 1103 1417 Haeosuffioiant.
1129 1348 1297 1414 Praeterea

52 1453 102 1517 in
164 1451 297 1519 scholio
328 1459 433 1522 nostro
463 1455 665 1520 scribendum
697 1478 782 1522 esse:
808 1459 833 1521 εί
858 1457 921 1536 γάρ
945 1458 989 1534 μὴ
1013 1457 1075 1521 άπὸ
1100 1456 1296 1528 Μακεδονίας
1359 1504 1364 1512 .

57 1557 72 1622 θ
126 1560 215 1632 θεὸς
251 1558 427 1646 ἐξώρμα,
461 1596 514 1611 ·-
545 1564 598 1628 οὐκ
628 1561 666 1628 άν
695 1565 812 1637 πολλὴν
835 1563 986 1642 ἐπῆλθεν,
1012 1569 1043 1629 et
1067 1561 1121 1635 ἕως
1147 1562 1219 1650 (άν)
1244 1595 1298 1612 --

59 1664 326 1746 παραγένηται
350 1663 417 1752 (ἕως
442 1669 650 1750 παραγίνεται
675 1675 722 1735 est
745 1672 779 1735 in
802 1669 853 1757 P),
878 1671 935 1737 vix
958 1675 1005 1737 est
1028 1669 1112 1755 quod
1136 1690 1296 1737 moneam.

73 1936 78 1942 .
132 1902 187 1963 ε,
212 1878 266 1944 81.
291 1879 470 1946 Mercurius
493 1879 651 1967 Calypsus
675 1886 802 1946 antrum
826 1881 962 1964 intrans,
989 1879 1052 1946 οὐδ’
1074 1879 1123 1961 ἄρ’
1136 1881 1298 1958 Ὀδυσσῆα

71 1988 315 2068 μεγαλήτορα
351 1985 429 2052 ἔνδον
465 1987 606 2063 ἔτετμεν.
651 1986 703 2051 Ad
738 1987 822 2052 huno
855 2008 984 2052 versum
1015 1988 1048 2052 in
1079 1986 1196 2069 HPQu
1222 1988 1298 2053 haee

72 2090 306 2158 referuntur:
339 2092 427 2174 ἑτέρα
458 2094 489 2159 δὲ
520 2094 663 2167 ἐπίτασις
695 2102 750 2168 τῆς
781 2092 953 2165 Ὀδυσσέως
979 2094 1183 2177 ἐγκρατείας,
1208 2094 1236 2158 εί
1258 2117 1298 2170 γε

77 2194 130 2258 τά
188 2196 280 2273 οὕτως
316 2201 472 2279 ἐπαγωγά
510 2207 640 2284 περιορᾷ.
675 2200 751 2266 ἔοικε
782 2201 814 2266 δὲ
838 2202 851 2265 θ
876 2203 1002 2275 ποιητὴς
1028 2202 1079 2284 ἐφ’
1103 2201 1203 2282 ἐαυτῷ
1236 2200 1300 2264 ἐπι·

79 2302 326 2386 Φθέγξασθαι,
359 2309 397 2379 ὥς
434 2305 498 2395 [τί]
535 2312 667 2373 τοιοῦτον
697 2304 889 2379 ἀναπλάσας
914 2308 1020 2387 χορίον
1045 2309 1087 2388 τῷ
1112 2307 1196 2388 λόγῳ
1220 2303 1299 2371 ὥστε

82 2421 233 2483 κρατεῖν
265 2414 318 2479 καί
351 2415 420 2478 θεῶν
448 2413 559 2496 θψεονς.
584 2413 633 2479 δύο
660 2414 815 2493 δὲτρόπον
839 2415 1024 2497 ἐμφάσεως,
1050 2416 1065 2478 θ
1087 2414 1144 2492 μὲν
1168 2413 1219 2479 διά
1243 2420 1299 2487 τῆς

83 2513 176 2575 καθ’
208 2514 335 2585 ἕκαστον
360 2519 608 2601 ἔπεξεργαοίας,
635 2521 648 2584 θ
672 2521 702 2585 δὲ
729 2519 781 2586 διά
801 2525 855 2586 τοῦ
876 2520 1154 2600 συμπεράσματος.
1178 2519 1301 2607 Magna

83 2612 121 2678 in
150 2620 219 2690 his
239 2630 380 2693 cernitur
402 2628 544 2693 confusio
567 2649 687 2713 ‚neque
711 2649 748 2693 ea
770 2648 819 2693 res
841 2628 1074 2694 Buttmannum
1098 2626 1214 2693 fefellit
1234 2647 1301 2692 mo-

82 2734 256 2798 ¹¹0ntemz
283 2734 378 2812 „inde
400 2735 439 2801 ab
464 2735 514 2799 his
542 2735 647 2800 verbis
669 2733 756 2820 (ἔοικε
780 2735 811 2799 δὲ
831 2742 917 2818 κτλ.)
936 2735 995 2800 hoo
1014 2733 1157 2799 scholion
1176 2739 1301 2818 spectat

80 2834 217 2906 P0tius
246 2840 286 2907 ad
318 2863 365 2907 νε.
393 2841 466 2907 75.”
489 2840 549 2907 Vel
572 2844 678 2927 aptius
702 2841 810 2907 omnia
832 2845 954 2927 priora,
983 2841 1068 2927 (inde
1093 2842 1132 2905 ab
1155 2841 1245 2920 ἑτέρα
1269 2840 1301 2906 δὲ

81 2927 254 3021 &fram
279 2968 380 3033 usqne
403 2948 442 3013 ad
467 2948 519 3012 καί
544 2949 614 3013 θεῶν
638 2947 766 3034 ὄψεως),
791 2947 953 3013 referenda
977 2968 1085 3012 censeo
1110 2948 1149 3013 ad
1175 2968 1237 3012 vss.
1260 2943 1303 3012 73

78 3040 117 3100 05
154 3045 230 3118 ¹74:
263 3053 333 3119 ἔνθα
357 3054 386 3118 κ’
411 3054 520 3119 ἔπειτα
545 3056 596 3119 καί
622 3055 775 3127 άθάνατθς
802 3078 857 3135 περ
881 3053 1204 3140 ἐπελθάνΙΙθιρθσαιτο
1237 3054 1303 3119 ἰδὼν

76 3145 143 3208 ⁸⁸²
192 3162 332 3243 τερφθείη
355 3161 462 3241 Φρεσίν
483 3157 558 3243 ᾖσιν.
583 3159 814 3249 Corrigendum
836 3166 1013 3247 praeterea:
1037 3159 1065 3224 εί
1085 3185 1124 3238 γε
1145 3161 1187 3225 τά
1208 3158 1302 3232 οὕτως

75 3242 271 3345 *taneya
304 3271 496 3352 ’ΤΠΕΡορρῑ,
529 3276 560 3334 et
584 3268 798 3352 adstipulante
822 3266 847 3332 Τ
873 3266 1085 3332 articulosa&
1109 3275 1182 3332 ante
1208 3273 1305 3334 ποιοῦ·

75 3371 141 3420 ’θ’
198 3373 407 3459 expellendus.
457 3374 582 3440 Ultima
610 3375 744 3460 denique
774 3395 837 3439 non
868 3376 974 3460 magis
1006 3374 1045 3439 ad
1067 3395 1114 3442 νε.
1142 3372 1182 3438 81
1209 3376 1306 3460 perti·

72 3474 192 3542 ¹¹0¹st
222 3480 277 3547 sed
313 3482 352 3547 ad
389 3502 436 3547 vs.
461 3480 522 3546 83:
555 3480 680 3562 δάκρυσι
713 3480 764 3545 καί
798 3490 969 3563 στοναχῇσι
994 3480 1046 3545 καί
1071 3478 1187 3558 άλγεσι
1213 3481 1306 3559 θυμθν

74 3559 252 3662 ἐρέχθων.
299 3586 373 3653 Huo
398 3594 524 3652 tantum
549 3593 691 3673 spectant
714 3587 787 3652 illa:
814 3587 865 3652 δύο
890 3587 921 3652 δὲ
946 3587 1048 3667 τρίτοι
1073 3585 1264 3670 ἐμφάσεως,
1289 3587 1304 3653 θ

73 3672 155 3743 ⁹¹3⁹
197 3693 246 3760 διά
270 3701 324 3768 τῆς
351 3698 418 3760 καθ’
442 3691 571 3759 ἕκαστον
596 3693 843 3779 ἐπεξεργασίας,
869 3695 883 3759 ί
907 3695 945 3759 δὲ
970 3695 1036 3759 διά
1060 3699 1127 3760 τοῦ
1152 3717 1305 3774 ουμπε·

74 3780 334 3881 Ράσματος.

114 3998 247 4082 'Idem
280 4015 486 4083 iudicandum
516 4014 554 4080 de
586 4014 644 4091 iis,
677 4034 757 4100 quae
789 4035 843 4099 per
875 4012 1001 4079 solenne
1026 4012 1109 4079 illud
1132 4012 1237 4088 άλλως
1265 4035 1304 4081 ex

78 4089 204 4202 ΗΡΘ
226 4125 337 4188 statim
361 4123 616 4210 subiunguntur:
640 4121 682 4184 τί
707 4122 778 4197 μὲν
802 4122 845 4192 είς
870 4119 904 4184 τὸ
928 4120 1106 4201 περιπαθὲς,
1126 4115 1305 4194 σίοςΌδνσ-

84 4211 184 4294 ’ὡς
209 4230 237 4292 ἐν
260 4239 299 4312 τῇ
323 4231 400 4310 νήσῳ
425 4228 655 4305 άπειλνμμένος
680 4227 732 4292 καί
757 4225 939 4308 διημερεύων
959 4227 1009 4292 ἐπί
1030 4237 1069 4310 τῇ
1090 4228 1181 4310 άιιτῇ.
1203 4236 1305 4315 οιινπρῖ

89 4303 127 4378 δῖ
179 4340 234 4400 τοῦ
269 4338 436 4415 εὐπρεποῦς
473 4335 584 4418 χάριν·
620 4335 653 4399 οὐ
686 4335 749 4414 γάρ
780 4332 839 4399 ἔδει
873 4336 962 4416 περὶ
987 4339 1056 4400 τοῦ
1081 4336 1228 4416 παρθντος
1252 4341 1306 4403 τοῦ
