2978 4950
707 214 749 286 53

175 398 249 470 Alia
280 406 384 492 igitur
413 405 476 471 fuit
507 429 618 486 causa,
653 445 694 456 -
726 408 924 497 Porphyrius
955 410 1076 497 pergit,
1103 447 1142 458 -
1169 430 1225 475 cur
1256 401 1323 472 Ilus

122 508 219 574 Ulixi
251 532 411 577 venenum
442 517 627 601 negaverit,
660 515 835 580 Anchialus
860 517 1018 581 tribuerit.
1065 515 1193 580 Etenim
1219 515 1271 578 hic
1294 515 1324 578 ei

124 619 255 682 amicus
283 624 370 696 erat,
394 619 450 684 ille
473 641 535 686 non
560 627 636 686 erat.
662 617 698 684 ὧν
723 623 787 700 γὰρ
812 626 828 697 ή
854 631 960 698 κτηοις
985 625 1037 687 οὐκ
1066 621 1231 697 ἄδηλος,
1256 619 1323 684 οὐδὲ

126 723 148 797 si
180 726 294 790 τούτων
326 726 492 802 μετάδοσις
524 728 736 812 πλημμελής,
769 729 794 793 εἲ
820 730 906 810 Φίλοι
931 724 1010 793 εἶεν
1036 729 1060 793 cl
1085 728 1324 806 λοιμβιὶνοντες·

125 831 185 894 xci
217 828 254 896 ὦν
286 834 303 907 ή
337 840 441 908 κτήεις
475 834 517 903 εἷς
550 835 610 905 τοὶς
634 833 779 911 οὲνιὶνκιις
806 836 858 899 οὐκ
884 834 1023 918 ἀσεβής,
1047 834 1159 917 τούτων
1185 836 1201 907 ή
1226 829 1323 909 perat·

124 937 212 1008 δοεις
242 946 304 1009 τοῖς
340 936 426 1015 ἅγιον
456 939 558 1017 Φίλοις
590 941 622 1004 οὐ
655 941 818 1015 νεμεσητή.
866 941 1037 1006 Manilesto
1062 939 1249 1005 mendosum
1275 943 1324 1002 est

127 1046 149 1120 ή
184 1052 289 1120 κτῆσις
320 1047 374 1109 οὐκ
403 1045 576 1129 ἄδηλος,
609 1067 688 1131 quae
713 1067 813 1131 neque
838 1046 902 1110 dici
926 1068 1027 1131 neque
1051 1049 1185 1132 cogitari
1209 1049 1321 1130 potest

125 1149 216 1216 Nom
240 1152 367 1216 etiamsi
391 1150 467 1227 δήλη
492 1161 523 1216 et
547 1151 659 1227 ἄδηλος
685 1159 791 1226 κτῆσις
813 1153 899 1218 idem
919 1151 1135 1240 significarent
1156 1173 1191 1218 eo
1203 1151 1323 1233 φανεροὶ

126 1262 164 1322 et
199 1258 343 1335 ιὶφιινής,
376 1296 417 1306 -
451 1280 487 1323 eo
520 1257 701 1347 significatu
732 1280 794 1343 quo
818 1260 902 1344 apud
925 1258 1136 1324 Athenienses
1159 1258 1325 1324 dicebatur

126 1365 255 1444 φανερὰ
274 1365 364 1428 edcta
385 1374 417 1428 et
436 1365 580 1444 ήφοινής,
595 1404 635 1413 -
650 1366 734 1450 quod
754 1387 815 1430 non
833 1373 954 1450 potest,
980 1365 1031 1431 vel
1052 1369 1097 1430 sic
1121 1371 1228 1430 tamen
1241 1365 1324 1448 quod

126 1469 237 1536 editur
271 1492 355 1535 nunc
390 1471 525 1537 absurde
556 1472 679 1537 dictum
712 1472 806 1549 foret,
842 1474 1041 1557 ineptissima
1071 1470 1270 1557 copulatione
1293 1477 1325 1534 et

128 1579 536 1661 comparationeinst'tuia
555 1581 638 1644 inter
657 1587 763 1654 κτήοιν
787 1580 855 1643 οὐκ
879 1580 1026 1654 ἄδηλον
1046 1586 1078 1643 et
1097 1579 1263 1656 μετάδοσιν
1283 1577 1323 1642 οὐ

126 1692 369 1761 πλημμελῆ.
418 1683 505 1763 Quae
538 1688 609 1770 quis
637 1685 698 1750 sibi
714 1687 836 1769 palam,
862 1705 924 1750 non
947 1687 1021 1749 clam
1044 1685 1220 1771 paraverit,
1245 1704 1323 1748 num

125 1810 240 1855 eorum
275 1811 350 1856 oum
385 1793 488 1855 amico
519 1792 767 1856 communicatio
799 1794 972 1856 necessario
1004 1791 1083 1855 ιἰιιιο
1113 1795 1161 1856 est
1192 1811 1228 1855 ac
1244 1787 1323 1873 pia?

126 1895 407 1983 Argumentorum
432 1904 523 1962 tenor
546 1896 610 1962 alia
630 1900 737 1962 omnia
760 1899 878 1982 requiri
899 1897 1044 1962 ostendit.
1071 1896 1158 1976 Quae
1176 1897 1323 1980 cuiquam

125 2003 194 2088 ipsi
217 2022 328 2088 parare
352 2004 435 2080 licet,
464 2024 501 2068 ea
527 2024 600 2067 cum
625 2006 729 2068 amico
753 2006 988 2068 communicare
1006 2004 1093 2068 nefas
1114 2023 1180 2067 esse
1200 2003 1320 2085 nequit.

125 2107 242 2193 Itaque
265 2111 482 2196 corrigamus:
507 2104 545 2172 ὧν
569 2109 631 2187 γὰρ
657 2111 673 2184 ή
699 2116 804 2183 κτήτις
829 2108 1062 2186 conditrice,
1083 2109 1148 2173 οὐδὲ
1171 2109 1187 2182 ή
1209 2107 1321 2171 τούτων

125 2215 297 2293 μετάδοσις
323 2217 534 2293 πλημμελής.
560 2216 584 2278 εἱ
604 2217 690 2294 Φίλοι
713 2215 818 2279 εἰσὶν
835 2254 870 2263 -
887 2236 961 2280 nam
982 2218 1027 2280 sic
1048 2235 1104 2300 pro
1128 2211 1205 2278 εἷεν
1227 2213 1322 2277 scribi

125 2328 254 2408 oportet
279 2360 320 2370 —
346 2323 370 2387 ci
395 2320 633 2399 λαμβάνοντες,
660 2328 692 2387 et
716 2328 881 2398 notemus,
907 2322 924 2395 ή
949 2329 1055 2395 ιιτήτις
1083 2323 1133 2386 οὖν
1159 2319 1261 2390 ἄδικος
1290 2323 1322 2383 et

123 2427 195 2493 οὐδὲ
218 2432 235 2502 ή
259 2428 425 2504 μετάδοσις
450 2429 643 2506 πλημμελής
668 2430 713 2491 ita
736 2428 798 2492 sibi
821 2430 959 2493 invicem
985 2426 1190 2512 respondere,
1223 2431 1259 2490 ut
1288 2426 1322 2488 in

124 2538 274 2620 sequenti
308 2536 452 2600 membro
488 2538 504 2609 ή
537 2541 643 2608 κτηοις
675 2534 728 2598 οὐκ
760 2534 879 2611 erecte
913 2534 1130 2599 adamussim
1157 2531 1323 2617 respondet

122 2640 196 2705 his:
217 2643 330 2706 τούτων
361 2643 377 2716 ή
401 2641 565 2717 μετάδοσις
590 2645 623 2705 οὐ
649 2643 812 2716 νεμεσητή.
859 2640 1000 2705 Eandem
1025 2642 1215 2706 senteutiam
1236 2659 1320 2702 nuno

124 2766 253 2831 quoque
292 2748 341 2811 his
377 2767 558 2831 expressam
589 2768 655 2811 esse
686 2755 817 2833 apparet
850 2748 954 2811 verbis
990 2746 1158 2832 paululum
1195 2751 1320 2808 tantum

123 2855 312 2917 immutatis
337 2873 375 2916 ex
400 2855 556 2917 constanti
580 2851 752 2938 Porphyrii
774 2853 1021 2935 consuetudine,

335 2959 389 3042 qui
413 2961 536 3023 variare
559 2961 648 3043 cupit
672 2979 738 3023 rem
760 2959 969 3041 prodiqicliter
992 2978 1100 3022 unam.

172 3193 213 3253 ιι,
237 3166 315 3232 262.
340 3167 439 3232 Plura
463 3168 744 3233 animadvertenda
767 3169 898 3233 suntin
921 3167 984 3232 alia
1008 3166 1178 3253 Porphyrii
1203 3189 1316 3253 quaes-

124 3275 230 3350 tione,
254 3294 351 3359 quam
378 3280 569 3339 contractam
597 3274 775 3379 complures
799 3271 930 3339 Codices
956 3272 1138 3360 (EHMQD)
1159 3275 1320 3352 exhibent,

126 3493 283 3558 repetendum
292 3453 348 3541 unte
355 3493 401 3549 τήν
410 3496 504 3550 κτῆσιν.
516 3493 544 3541 Id
555 3493 633 3557 ipsum
642 3490 693 3539 lieri
702 3494 797 3556 oportet
806 3491 830 3538 in
839 3489 934 3539 Scholio
942 3491 1004 3539 mule
1012 3492 1041 3539 ad
1050 3491 1074 3549 δ,
1082 3492 1130 3539 824
1137 3492 1281 3549 releto,cum
1288 3523 1320 3531 -

124 3574 177 3624 iem
192 3575 341 3623 Buttmmno
355 3575 476 3624 verissime
486 3575 633 3632 observante,
642 3602 675 3611 —
685 3574 714 3622 ed
729 3589 761 3621 ve.
772 3574 821 3621 830
834 3573 960 3638 pertineat,
976 3572 1015 3622 ubi
1030 3574 1151 3622 Homerus
1165 3575 1193 3622 de
1203 3575 1320 3642 Penelope

124 3665 261 3714 somnimte
270 3665 443 3730 imaginemque
453 3667 541 3714 sororis
550 3665 701 3728 adloquente:
723 3671 744 3710 'r
752 3664 784 3720 ἣν
798 3657 819 3710 δ’
829 3657 891 3711 μήτε
899 3660 1026 3725 προσέειπε
1035 3663 1150 3725 περίφρων
1160 3666 1318 3722 Πηνελόπεια,

123 3747 165 3797 Ao
180 3747 239 3796 haec
252 3747 329 3811 igitur
342 3746 413 3795 verbe
427 3749 572 3813 adsumptum
580 3753 623 3806 est,
635 3776 661 3785 --
674 3746 711 3795 vel
721 3746 800 3811 potius
809 3747 988 3796 adscribendum
997 3751 1039 3804 est,
1049 3774 1081 3782 —
1090 3747 1195 3796 scholion
1205 3747 1229 3796 in
1240 3750 1317 3799 HP'l':

124 3835 159 3886 το
178 3833 205 3885 rr
226 3827 302 3896 ,τοτ’
322 3837 353 3894 ae
372 3838 431 3900 προς
450 3840 495 3896 τοι
514 3833 630 3900 φανεῖσαι
647 3831 714 3896 τοι,
734 3830 793 3884 ιιι·
812 3837 897 3900 redit.
916 3852 943 3885 ex
961 3837 991 3898 r)
1010 3833 1037 3884 ιι
1055 3837 1085 3885 τι
1105 3834 1208 3885 acceia.
1227 3839 1315 3888 immo:

123 3921 188 3975 ἀλλ’
214 3925 241 3976 οὔ
266 3924 367 3990 (πρδε)
392 3928 424 3976 τὸ
448 3925 553 3976 ήίδειλον.
590 3929 695 3982 Notatur
717 3926 781 3974 enim
798 3926 942 3974 constructio
960 3927 1027 3973 κοιτδ
1045 3923 1147 3974 σύνεσιν.
1182 3928 1273 3976 Contra
1289 3928 1318 3976 ad

124 4032 159 4066 ve.
185 4019 245 4068 8³82
269 4016 301 4074 rte
328 4018 417 4067 εἷπδν
442 4014 561 4078 σταθμοῖο
579 4018 645 4079 παρὰ
663 4012 751 4072 κληῖδα
770 4013 856 4070 λιάσθη
876 4007 892 4079 ΙΙ
913 4010 936 4070 ic
956 4017 1039 4073 πνοιδις
1058 4015 1148 4078 ιἰνήμοον
1166 4018 1261 4074 dicitur,
1279 4020 1318 4067 sed

123 4122 190 4158 nunc
199 4108 223 4158 iu
232 4109 283 4157 solo
292 4109 323 4158 P:
339 4107 377 4156 bre
392 4111 429 4156 νῦν
439 4107 494 4171 περὶ
503 4112 530 4169 (τ
537 4109 568 4155 οῦ
578 4109 641 4168 edd.)
650 4103 747 4154 εἰδώλου
758 4104 770 4151 ὃ
781 4105 867 4163 λόγος,
876 4108 999 4166 quaesunt
1008 4103 1090 4152 ambae
1100 4105 1229 4163 Aristonici
1239 4109 1315 4153 notae,

123 4198 220 4249 lterum
241 4196 301 4260 πρδς
325 4198 411 4247 excidit
434 4199 463 4247 ad
487 4207 521 4255 χ,
546 4196 605 4245 286:
631 4197 691 4244 πότι
720 4192 823 4254 λέγεται
852 4188 909 4240 ulvae
934 4187 1065 4254 δτιραλκήτ
1085 4191 1100 4247 A
1120 4192 1186 4251 νίκη,
1205 4191 1264 4242 ὅταν
1282 4193 1319 4242 τὸ

47 4278 55 4295 ⁸
121 4288 239 4353 ἰτερον
268 4290 427 4353 μετιντροιπῇ.
451 4288 496 4348 (Η)
519 4285 703 4349 Corrigendum:
730 4281 789 4332 liras
814 4280 915 4345 (arpis)
940 4278 1020 4341 τδήν)
1044 4282 1126 4344 ’ἕτερον
1154 4288 1317 4348 μετατροπῇ,

122 4372 187 4437 qnod
206 4387 236 4420 ne
253 4371 288 4419 sie
305 4370 400 4434 quidem
418 4370 507 4435 optime
524 4367 657 4432 expositum
675 4371 716 4414 est.
1172 4370 1174 4374 ·
