2978 4950
715 165 780 246 437

142 389 261 439 verum
293 389 356 435 non
384 360 581 435 adiectirum
612 367 668 433 aed
695 367 902 452 adverbium,
925 389 987 435 non
1010 365 1165 447 δεύτερον,
1190 358 1246 430 sed
1269 358 1335 439 δίο,

143 483 178 544 et
211 480 319 564 ipsum
351 479 385 540 in
417 477 595 559 antiquiore
619 473 792 559 exemplari
815 474 946 540 fortasse
970 473 1190 560 compendiose
1213 491 1338 558 expres·

143 605 236 666 eum,
270 583 325 648 eed
355 581 439 647 male
471 602 488 647 a
519 570 622 647 acribo
645 579 844 646 intellectum
869 587 901 646 et
924 583 1027 646 literis
1049 580 1220 646 redditum.
1269 577 1337 659 Quo

143 691 246 757 semel
270 701 393 775 reperto
418 696 539 754 caetera
562 709 642 773 quae
667 709 704 753 ex
732 708 795 752 uno
818 686 851 750 H
875 696 1071 753 accesserunt
1093 709 1191 773 aeque
1213 693 1338 772 porten-

143 804 218 863 tosa
237 797 363 862 facilem
386 804 417 860 et
436 797 686 861 emendationem
704 796 872 859 inveniunt
889 794 1186 879 etexplicationem.
1219 791 1338 858 Totum

144 907 235 970 enim
266 906 312 968 ita
341 905 568 968 constituatur:
598 899 656 965 ‘¹01
690 909 748 965 ΤΕ
779 901 896 981 maon
927 901 1099 975 Ζηνόδοτος,
1131 900 1335 981 Ἀρίσταρχος

146 1010 196 1095 δέ,
219 1013 279 1075 '01
306 1008 370 1097 (T’)
399 1007 478 1074 ’ele
500 1006 704 1094 ‘AAA(Ae).
729 1006 788 1078 δίς
813 1006 845 1071 δέ
870 1007 951 1071 ἐστιν
973 1011 989 1083 ἡ
1010 1009 1074 1080 είς·
1094 1007 1146 1071 καί
1170 1006 1338 1090 pinnaci)

145 1120 191 1183 τὸ
215 1115 295 1195 »δι”
314 1120 365 1181 νῦν
384 1116 445 1200 τ(ὸ)
465 1113 551 1192 „ric”
571 1114 725 1200 δη(λοι”)·
748 1116 787 1186 ὠς
808 1113 843 1176 τὸ
862 1113 977 1191 „adde
996 1112 1068 1191 μα’*
1081 1112 1133 1178 καί
1149 1112 1257 1194 „appi
1271 1110 1337 1190 περὶ

146 1222 288 1305 aptant?
325 1222 486 1304 „Quorum
522 1219 669 1286 aeneum”
694 1258 734 1268 -
762 1225 834 1286 utor
856 1219 1013 1286 Dindorfii
1036 1221 1142 1287 verbis
1166 1259 1207 1270 -
1233 1220 1339 1299 „hunc

147 1350 218 1396 aeae
248 1334 353 1414 patet,
378 1331 411 1392 in
435 1327 529 1392 αὐτον
553 1352 606 1405 μιν
631 1333 664 1391 et
686 1327 773 1407 αμφὶ
798 1327 867 1406 περί
888 1326 1078 1393 alterutrum
1103 1345 1142 1392 ex
1167 1328 1341 1392 abundanti

147 1435 261 1502 eodem
286 1434 381 1500 modo
404 1434 551 1499 additum
575 1455 642 1500 ease
665 1454 728 1518 quo
752 1434 805 1498 hic
830 1435 872 1504 είς
892 1431 993 1499 ἅλαδε
1013 1456 1069 1520 pro
1089 1432 1228 1519 simplici
1240 1431 1340 1499 ἅλαδε

148 1542 277 1608 dictum
300 1540 373 1609 sit''

196 1779 235 1828 ιι,
261 1750 338 1817 379.
385 1753 509 1833 Βρῶαιις
533 1751 570 1824 ὡς
594 1752 703 1834 fidene.
728 1746 826 1828 ὅμοιον
850 1751 881 1816 δὲ
901 1753 986 1822 αὑτῶ
1006 1751 1071 1815 ἐστι
1091 1750 1142 1815 καὶ
1163 1752 1199 1818 τδ
1218 1753 1340 1831 τρῶμυ·

151 1861 206 1926 καὶ
229 1860 435 1942 Ἀρίσταρχος
456 1856 563 1935 ίξύνει.
576 1857 635 1943 (Η)
655 1857 712 1923 Eat
731 1858 816 1923 haud
837 1857 933 1923 dubie
949 1857 1166 1924 Herodianeae
1183 1858 1343 1925 doctrinae

149 1966 285 2045 lacinia,
316 1969 350 2031 in
381 1987 444 2051 qua
471 1964 524 2030 rel
547 1966 601 2030 καί
629 1964 790 2030 adiectum
813 1964 1003 2031 documento
1025 1972 1074 2030 est
1101 1963 1340 2052 (παρ)οξυ’νει

150 2073 283 2140 rescribi
307 2080 466 2159 oportere,
492 2070 576 2156 quod
599 2077 632 2137 et
655 2070 850 2137 Larochium
873 2074 1009 2137 euasisse
1031 2071 1134 2139 rideo.

197 2313 234 2370 ιι,
259 2284 335 2351 396.
382 2285 489 2353 Ulixie
520 2289 599 2353 socii
629 2289 748 2352 iterum
776 2289 811 2352 in
833 2288 977 2352 homines
1001 2288 1143 2353 conversi
1168 2287 1298 2368 νεώτεροι
1324 2285 1341 2363 ἢ

149 2391 247 2474 ποίρος
271 2389 348 2467 ἦσαν
368 2400 386 2472 Η
406 2393 457 2458 καί
483 2393 562 2458 πολὺ
589 2394 750 2465 καλλίονες
774 2393 827 2458 καί
852 2393 987 2475 μείζονες
1012 2394 1218 2473 εἰσοράασθαι.
1268 2393 1344 2475 Qui-

149 2499 227 2566 dam
258 2499 485 2586 philoaopbum
516 2521 614 2588 agens
643 2500 824 2566 adnotavit:
849 2500 974 2580 ἐπείπερ
998 2501 1024 2564 oi
1048 2501 1133 2578 μετα
1157 2501 1264 2581 πείρας
1289 2524 1343 2565 κα·

149 2607 223 2679 τοίας
237 2588 241 2594 ‚
256 2608 297 2680 είς
322 2607 432 2685 οίρετιὶν
456 2607 647 2688 στραφέντες
671 2606 815 2684 βελτίους
840 2607 954 2687 ἑαυτῶν
977 2607 1132 2690 γίνονται,
1156 2628 1236 2692 quae
1259 2608 1344 2691 quia·

149 2711 271 2799 quiliae
293 2715 328 2778 in
351 2712 379 2776 B
403 2719 540 2779 aetatem
564 2713 717 2780 tulerunt.
753 2710 1001 2799 corrigendum,
1023 2716 1050 2778 ai
1072 2715 1153 2778 tanti
1171 2721 1233 2787 eat,
1255 2713 1341 2792 μετὰ

149 2827 315 2901 πεῖραν,
342 2820 426 2905 quod
450 2826 535 2886 certe
558 2821 667 2897 minua
689 2820 881 2906 ambiguum
904 2823 973 2886 erit.

196 3056 235 3109 ιι,
259 3030 335 3098 490.
383 3030 448 3100 Our
471 3031 562 3099 Circe
585 3032 715 3099 Ulixem
744 3035 875 3117 eiusque
901 3036 1000 3098 socios
1024 3034 1063 3099 ad
1087 3034 1230 3099 Tiresian
1253 3034 1340 3100 able·

149 3141 280 3228 gaverit
315 3145 351 3203 ut
389 3142 445 3224 qui
480 3140 589 3205 futura
624 3140 664 3204 iia
699 3140 914 3225 portenderet,
952 3143 1133 3225 quaesitum
1168 3146 1225 3206 eat.
1274 3145 1341 3214 Πῶς

151 3245 273 3324 πέμπει
305 3244 398 3311 αὐτὸν
430 3242 480 3309 ίνα
510 3245 647 3327 excom
680 3244 800 3328 προῄδει
835 3246 899 3324 γὰρ
935 3246 987 3309 καὶ
1024 3248 1074 3312 τδν
1109 3255 1163 3321 τῆς
1200 3246 1340 3324 δαίμονος

151 3353 263 3435 ἔρωτα.
288 3351 483 3431 »θάνατος
508 3352 546 3416 δέ
570 3354 599 3416 τ’
623 3352 665 3429 ἐξ
689 3351 786 3425 οίλδς
812 3353 915 3432 αὐτῷ
940 3352 1183 3434 οὶβλνχρίς.”
1203 3353 1234 3438 (a
1250 3353 1342 3437 134.)

151 3460 208 3526 καί
230 3460 275 3537 μὴ
299 3460 457 3531 πεισθῆναι
481 3465 630 3539 Καλυψοῖ
644 3460 699 3533 τὴν
718 3459 889 3523 οίίανασίαν
911 3459 1150 3540 ὑπισχνουμένρ.
1170 3458 1210 3524 δι’
1231 3461 1343 3536 ἑαυτῆς

150 3568 184 3634 δὲ
217 3568 251 3631 οὖ
282 3567 492 3644 μαντεύεται,
523 3563 572 3630 ίνα
603 3567 648 3642 μὴ
672 3565 741 3647 δοκῇ
768 3566 863 3645 ἐρῶσα
888 3566 1095 3646 φοβερώτερον
1119 3570 1269 3631 καθιστᾶν
1292 3567 1343 3631 τὸν

151 3678 256 3740 ποιοῦν
278 3674 332 3738 aa>
356 3674 524 3754 απιττιιθῇ.
551 3671 604 3760 (Q)
628 3671 776 3738 Plurima
798 3673 831 3737 in
855 3672 906 3737 hia
926 3675 1035 3758 paucis
1054 3673 1159 3739 verbis
1177 3694 1343 3759 perperam

151 3783 259 3869 posita
277 3788 360 3846 aunt
397 3779 465 3846 Iam
486 3781 628 3864 primum
649 3778 796 3863 displicet
815 3785 876 3849 πῶς
899 3779 1017 3856 πέμπει
1037 3776 1198 3844 αὑτὲνίυα
1211 3779 1341 3861 drudam

151 3887 221 3956 car
267 3887 360 3968 aliter
405 3883 573 3952 mitteret?
619 3884 747 3950 Excidit
792 3887 897 3951 nescio
943 3886 1101 3970 quomodo
1153 3887 1344 3952 vocabulum

151 3994 342 4085 prorauaad
366 4014 493 4059 sensum
518 3992 747 4058 neceesarium:
773 3997 836 4063 πῶς
862 3992 980 4069 πέμπει
1005 3991 1097 4056 αὐτὸν
1121 3990 1164 4057 ἵν’
1188 3992 1342 4083 (ἄλλον)

152 4100 324 4181 ἑκούσης
360 4099 451 4176 Quod
484 4100 539 4166 ubi
570 4099 908 4176 animadvertamus,
938 4100 1112 4164 sentiemus
1142 4102 1175 4163 in
1197 4102 1238 4164 iia
1261 4120 1341 4185 quae

151 4211 301 4297 proxime
324 4212 500 4292 sequuntur
523 4206 629 4272 dedam
652 4207 881 4292 oppositionem
912 4226 974 4272 non
1005 4207 1113 4269 minue
1144 4205 1182 4271 ad
1214 4226 1341 4271 sensum

152 4317 384 4386 necessariam:
417 4314 535 4396 προῄδει
567 4313 630 4395 γὰρ
661 4315 714 4379 καὶ
747 4312 875 4402 (αὖτίς)
906 4312 958 4379 τδν
988 4319 1043 4387 τῆς
1069 4308 1209 4390 δαίμονος
1234 4311 1341 4394 ἔρωτα.
