2978 4950
712 216 776 286 122

147 421 216 480 νλρς
247 407 448 486 epiroticas
476 412 651 475 ποικίλα
674 410 849 486 εὑρίσκομεν
874 408 984 487 παρὰ
1009 408 1063 479 τὴν
1087 405 1189 471 πόσιν.
1214 407 1259 490 (p.
1283 402 1335 485 51,

149 514 218 599 18);
250 516 276 580 oi
300 539 353 580 πα
362 518 407 592 od
432 516 587 593 Ἡρόδοτον
610 525 654 601 (ρ.
680 515 756 592 379,
782 514 849 601 33),
875 514 913 582 de
937 514 1053 600 quibus
1075 516 1143 599 ipse
1167 510 1334 578 lehrsius:

147 643 224 699 „nec
248 622 381 687 dubium
404 626 481 708 quin
504 626 547 688 sit
571 659 624 673 ·-
648 627 681 688 iu
705 623 756 688 his
779 644 881 689 errore
906 626 993 696 παρα
1013 643 1069 708 pro
1089 623 1156 698 περὶ
1176 617 1337 686 illatum.’'

144 728 212 794 Nec
244 729 348 794 multo
371 729 490 795 melius
517 737 565 796 est
588 731 672 816 quod
695 752 713 795 e
738 753 808 817 pag.
834 731 918 813 231,
946 729 985 794 17
1010 729 1181 795 eorundem
1207 727 1338 812 Epirus·

145 837 318 900 rismorum
353 838 490 911 citetur,
527 858 599 902 cum
635 854 667 903 et
702 839 734 901 in
771 836 996 925 Etymologico
1032 836 1153 922 Magno
1187 841 1221 899 et
1258 832 1340 919 apud

145 937 418 1020 Choeroboseum‚
442 945 560 1008 iterum
583 946 652 1028 ipso
675 944 836 1009 indicante
860 943 1009 1019 Lehrsio,
1037 943 1131 1017 (addo
1155 948 1189 1007 et
1210 939 1340 1027 111111]-

144 1047 224 1114 mol.
268 1046 447 1132 Gudiauo‚)
478 1049 563 1114 idem
595 1048 683 1114 loeus
714 1069 770 1134 per
801 1049 868 1127 περί
899 1059 937 1114 ut
967 1055 1091 1135 oportet
1121 1051 1261 1133 scriptus
1293 1048 1340 1111 in·

146 1159 302 1220 veniatur.
349 1154 460 1239 ltaque
491 1154 778 1240 Epimerismorum
811 1159 1032 1221 auctoritatem
1065 1156 1152 1220 etin
1177 1153 1230 1217 his
1253 1150 1340 1218 etin

146 1269 259 1346 quarto
286 1260 354 1326 loco
378 1264 422 1346 (p.
450 1260 525 1339 174,
550 1261 605 1346 27)
632 1270 732 1327 totam
757 1282 887 1346 recuso,
910 1282 967 1327 nec
990 1261 1141 1327 Oramero
1164 1259 1340 1345 quidquam

147 1370 182 1432 in
213 1367 332 1433 talibus
363 1367 555 1433 credendum
586 1371 755 1452 existimo,
787 1371 842 1453 qui
866 1389 962 1453 quam
986 1355 1200 1433 sit'codicum
1225 1366 1339 1431 exsed-

146 1475 321 1539 bendorurn
357 1477 477 1558 peritus
512 1481 545 1540 et
577 1473 633 1539 alii
663 1495 754 1559 saepe
784 1476 933 1541 dixerunt
964 1480 997 1540 st
1020 1477 1087 1558 ipse
1110 1472 1283 1557 aliquoties
1306 1473 1338 1535 in

146 1579 428 1646 Observationibus
462 1586 496 1646 et
528 1601 603 1646 mox
634 1584 753 1647 iterum
783 1584 904 1668 insigni
935 1579 1081 1665 exemplo
1104 1579 1338 1645 demonstrabo.

146 1685 280 1753 Resnn
312 1694 447 1772 quatuor
470 1685 546 1753 loei:
585 1686 712 1753 Scholia
736 1686 776 1753 ad
799 1686 931 1752 iliadem
957 1696 982 1751 1(
1008 1687 1069 1750 43ι
1094 1683 1160 1749 ἔστι
1184 1684 1217 1748 δὲ
1241 1698 1340 1748 octos·

147 1793 255 1871 κισμδς
280 1794 389 1873 παριδ
412 1795 472 1867 πρὶς
496 1793 643 1864 πτώσεις.
667 1792 840 1880 Dionysius
860 1792 1176 1859 Halicarnassensis'
1166 1813 1201 1856 1n
1219 1790 1340 1856 iudicio

147 1899 345 1987 Thucydidis
378 1898 431 1974 37,
458 1899 493 1964 ὅτ
530 1900 722 1974 σολοικισμὸς
755 1901 864 1977 παρὰ
895 1900 964 1970 τοὺς
997 1899 1159 1976 ιίριίραιιίς,
1184 1896 1340 1963 Arcadius

148 2005 210 2086 64,
233 2006 295 2070 24:
320 2007 416 2078 πιίίοι
442 2007 551 2086 παριδ
574 2010 629 2078 τὴν
652 2013 768 2084 Φαννίν,
793 2007 921 2072 taudem
946 2005 1133 2091 Apollonius
1158 2003 1197 2068 de
1220 2001 1340 2068 Prono·

147 2116 252 2192 mine,
276 2135 307 2198 p.
328 2113 429 2178 4lA:
450 2111 479 2178 εί
496 2137 527 2176 πι
548 2116 579 2177 ἐν
599 2113 769 2184 διαλέκτοις
793 2115 901 2192 παρὰ
924 2114 1045 2177 πιίσιν
1069 2113 1338 2189 ὧλιρώριρπαι.

147 2219 262 2285 Plures
301 2218 387 2285 locos
421 2240 480 2297 uec
513 2222 708 2307 investigavi
745 2240 802 2285 nec
836 2233 913 2305 puto
948 2220 1072 2292 adesse.
1109 2238 1184 2283 cum
1221 2213 1340 2301 alioqui

148 2325 317 2391 Lehrsium
348 2329 382 2391 in
413 2326 464 2391 his
494 2329 700 2412 scriptoribus
731 2329 983 2392 versatissimum
1015 2332 1109 2409 atque
1133 2327 1167 2388 in
1189 2325 1340 2407 opinione

148 2453 206 2498 sua
235 2431 450 2497 confirmanda
473 2441 661 2517 occupatum
686 2454 748 2497 non
771 2431 946 2497 latuissent.
991 2434 1035 2496 At
1057 2450 1118 2518 ego
1140 2429 1217 2494 lieet
1242 2427 1339 2494 Labr-

147 2540 249 2613 sium,
285 2560 451 2602 summum
482 2541 515 2602 in
545 2538 647 2604 literis
675 2541 791 2605 nostris
822 2543 948 2615 virum,
979 2540 1062 2603 tanti
1087 2538 1199 2601 facium
1226 2535 1340 2619 quanti

147 2666 222 2709 eum
247 2645 347 2709 lacere
366 2665 423 2730 par
442 2653 508 2722 est,
528 2655 636 2711 tamen
656 2667 739 2710 nuuc
763 2644 892 2729 quidem
917 2648 946 2709 ei
970 2646 1088 2709 adsent'
1067 2646 1120 2708 tni
1130 2662 1339 2813 duellum,-

146 2752 180 2816 οὐ
203 2749 361 2828 μέντοι
330 2775 378 2814 νυν
404 2753 488 2832 αὐτῷ
511 2755 798 2827 σνγκατατιίεμιιι,
821 2753 970 2816 aarum
982 2751 1077 2828 Ηρνιδ
1080 2750 1170 2824 ιιιιίν,
1186 2756 1340 2832 -atque

147 2859 180 2922 in
211 2857 261 2922 his
292 2878 416 2942 quoque
444 2865 579 2942 quatuor
610 2858 688 2923 locis
718 2877 774 2942 pro
800 2861 833 2921 vi
835 2861 917 2923 tioso
942 2858 1029 2935 napis
1052 2855 1202 2920 audacter
1226 2855 1337 2918 rescri-

149 2963 287 3028 bendum
312 2964 554 3040 consecrari,
581 2967 729 3048 quoniam
755 2965 804 3028 hie
828 2965 967 3048 exeeptis
991 2966 1088 3027 etiem
1111 2961 1337 3047 grammatici,

149 3074 186 3132 ut
210 3076 332 3134 caetere
355 3068 547 3135 Graecorum
573 3091 668 3158 gens,
695 3070 902 3154 donecdone,
926 3069 1120 3150 σιιιιιιιζειν,
1144 3069 1337 3143 stanislai,

148 3178 312 3257 ὧνιριιρεῑν
335 3186 429 3241 coeit.
452 3177 522 3257 περί
543 3200 574 3240 τι
599 3177 715 3243 dixisse
738 3179 954 3242 inveniuntur.

194 3387 308 3454 Affinis
338 3389 389 3453 his
420 3394 452 3454 et
480 3387 544 3454 alia
567 3395 615 3455 est
637 3389 780 3453 contusio
804 3386 1031 3474 vulgatissima
1052 3388 1136 3450 inter
1159 3384 1244 3461 eisd,
1269 3383 1338 3465 ἐπί,

151 3496 229 3572 ὑπό,
254 3497 352 3560 etiam
375 3497 407 3559 in
433 3494 595 3559 vocabulis
618 3495 693 3559 hine
717 3497 920 3579 compositis,
944 3514 1023 3577 quas
1047 3494 1079 3557 in
1104 3495 1220 3557 nostris
1244 3490 1338 3577 paulo

149 3603 247 3667 latius
278 3604 400 3686 serpsit.
438 3598 587 3666 Cernitur
609 3625 632 3679 ρ
658 3602 717 3664 151
747 3604 780 3665 in
806 3600 974 3686 Porphyrii
1000 3608 1163 3683 excerpto,
1189 3599 1228 3663 ad
1256 3596 1338 3682 quod

147 3729 223 3775 mox
249 3709 440 3773 redibimus:
461 3743 481 3756 -
495 3743 515 3757 -
528 3708 615 3783 λέγει
639 3707 670 3771 δὲ
691 3708 742 3771 nei
764 3709 949 3772 ιὶνιίπνενσιν
968 3709 1022 3777 τὴν
1043 3707 1154 3781 μικρὰν
1167 3712 1225 3768 τῶν
1238 3710 1339 3769 κακῶν

148 3816 358 3893 παραμυθίαι,
379 3815 488 3890 ,ὀλίγη
509 3813 541 3879 δέ
561 3817 589 3876 τ’
607 3814 791 3886 ιίνιίπνευσις
814 3814 974 3885 πρλὲμιιν”
996 3815 1037 3897 (Λ
1063 3811 1153 3898 801),
1179 3814 1258 3875 ιὶπδ
1282 3817 1338 3875 τῶν

148 3922 182 3985 ἐκ
206 3920 341 3995 πολέμου
365 3920 415 3983 ἔπ’
439 3920 541 3998 ὀλίγον
560 3921 780 3985 ἀναπνεόντων.
808 3918 1013 4003 (EHMQDT.
1038 3939 1068 4002 p.
1101 3916 1175 3995 133,
1199 3916 1219 3982 9
1240 3917 1337 4002 seqq.)

147 4027 274 4093 Immo:
288 4028 420 4092 ἐπὶτῶν
434 4062 453 4076 -
467 4063 487 4077 -
499 4027 719 4092 αναπνείνπων.
735 4067 776 4077 -
791 4027 807 4091 δ
821 4027 896 4092 769.
911 4024 1175 4102 incommotos:
1190 4027 1244 4087 ιίπ
1254 4025 1268 4088 δ
1278 4031 1336 4089 τῶν

147 4135 217 4200 νέων
237 4141 296 4198 τῶν
314 4133 400 4212 ἄγαν
423 4133 572 4210 ἀνδρείων.
595 4135 658 4215 (Ε.)
680 4133 809 4199 Dictum
834 4143 881 4199 est
906 4134 970 4197 ἐπὶ
995 4140 1052 4196 τῶν
1079 4132 1149 4199 νέων
1173 4137 1232 4195 πῶν
1251 4129 1336 4208 ἄγαι

148 4240 296 4324 ἀνδρείων,
321 4251 358 4305 ut
376 4245 456 4307 ratio
480 4242 570 4308 docet
593 4253 625 4307 et
642 4242 903 4329 Etymologicum
924 4241 1089 4328 Magnum.
1116 4275 1159 4287 -
1185 4237 1204 4316 ζ
1225 4238 1263 4303 2:
1288 4242 1335 4303 νῦν

146 4350 269 4428 καιρίως
294 4347 525 4430 ἐφίσταται
555 4346 603 4414 dre
638 4349 845 4426 ε’πιβιυλειίων
881 4349 991 4419 αννῑιιιν
1025 4347 1040 4409 d
1077 4346 1233 4411 Ποσειδῶν.
1270 4344 1334 4430 (Ρ.)
