2978 4950
772 250 837 319 146

208 443 315 504 tamen
346 439 441 516 liber,
473 444 511 504 ut
533 441 677 519 videtur,
709 442 993 520 ἐπιμελομένοις,
1018 448 1113 528 atque
1136 445 1184 509 ita
1206 446 1240 508 et
1263 440 1305 505 r:
1331 440 1472 520 rat„

205 546 317 624 λόγους
350 546 609 623 ἐπιμελουμένοις.
639 550 683 633 (p.
709 547 799 636 751.)
847 548 1044 634 Quapropter
1072 549 1221 635 equidem
1246 546 1475 621 scribae-zi:

207 649 268 724 ἔόος
294 648 327 725 ἦν
351 652 575 731 τρεπομένοις
596 653 833 740 (τρεπομένωνί
853 676 915 721 vox
938 677 957 721 a
979 656 1007 720 Τ
1031 654 1124 742 plane
1148 656 1251 740 abest)
1275 653 1347 734 πρός
1363 667 1479 732 ’διὸ

205 759 361 825 καθεύδειν
384 767 442 823 τῶν
467 761 577 839 ίερείυν
600 762 659 833 τοὶς
680 764 828 840 γλόσσοος
847 762 1031 839 ἀποτέμνειν
1052 763 1103 827 nai
1126 763 1223 828 καίειν
1242 770 1307 833 τοῖς
1326 762 1480 847 tems,

205 865 297 938 τοὺς
322 867 446 944 λόγου
471 868 812 946 ἐπιμελομένους.
861 867 1062 934 Constructio
1086 875 1213 936 mutate
1232 875 1282 935 est
1300 868 1480 946 eml'zji.

204 976 340 1062 gnitstis
373 972 530 1040 tollendae
561 996 672 1059 causa;
705 976 779 1041 bine
811 974 1007 1060 corruptelae
1036 978 1142 1064 origo,
1168 996 1243 1041 cnm
1268 974 1477 1054 verbm„

205 1080 246 1146 ad
269 1083 343 1153 θεοῖς
368 1081 667 1148 accommodaretur.
714 1082 802 1162 Quae
826 1082 864 1148 de
886 1082 992 1148 verbis
1016 1085 1083 1148 sine
1107 1083 1205 1148 dnbio
1225 1082 1474 1167 corrupti-1,

206 1186 309 1262 εόνίες
345 1188 408 1267 γόιρ
443 1188 477 1252 τό
508 1189 629 1272 λέγειν,
662 1190 795 1267 σύντεινε
826 1189 897 1261 τοὺς
929 1187 1059 1267 λόγους,
1092 1189 1209 1275 quibus
1240 1188 1270 1254 Τ
1294 1206 1467 1281 cer-t,

192 1294 381 1379 'disputavit
411 1293 635 1367 Heinriehins,
666 1299 805 1384 ingenue
833 1297 934 1361 fateor
964 1317 1018 1362 ms
1049 1316 1112 1361 non
1137 1294 1342 1384 intellegere,
1437 1328 1464 1376 ω

182 1400 308 1467 laetus
343 1401 435 1467 video
471 1400 725 1478 Buttmannum‚
762 1404 920 1489 sagaciter
961 1408 999 1466 ut
1039 1401 1180 1485 adsolet,
1222 1399 1457 1481 addidisse,

206 1508 342 1587 „harum
381 1508 637 1573 observationum
668 1510 791 1575 duabus
823 1509 981 1594 prioribus
1012 1507 1106 1574 facile
1139 1508 1273 1583 acced03
1305 1512 1452 1586 ter-ei,

208 1615 443 1700 disceptationis
462 1634 572 1679 ansam
595 1617 752 1702 porrigit,-
770 1635 867 1700 quam
890 1621 998 1679 temen
1021 1617 1158 1700 arripere
1180 1613 1228 1679 nil
1252 1614 1448 1701 attins-1‚’

208 1743 289 1808 quas
308 1743 364 1787 cur
383 1742 402 1787 a
419 1720 575 1787 Dindortii
592 1722 731 1788 editione
742 1727 865 1787 caetera
876 1724 1046 1807 repetentis
1058 1722 1188 1788 exulent
1199 1740 1261 1787 nen
1273 1739 1389 1805 expn
1398 1734 1436 1797 ro,

253 1934 361 2001 Aliam
400 1935 542 2001 eiusdem
576 1937 675 2000 moris
716 1955 844 2001 causem
888 1937 1085 2023 excogitavit
1126 1933 1232 2000 futilis
1272 1932 1419 2019 quillus

209 2042 402 2109 Scholiasta:
426 2040 475 2107 ίνοο
499 2040 652 2115 οίλοολος
676 2047 761 2122 Φοινῇ
784 2043 799 2106 ό
820 2043 1015 2123 Τηλέμαχος
1040 2043 1081 2122 τῷ
1105 2039 1270 2121 Μενελάῳ.
1291 2036 1412 2121 {loch
1477 2030 1485 2089 .'

207 2158 272 2221 τοῖς
293 2146 429 2221 Ἕλλησι
453 2148 512 2220 σόος
540 2150 688 2226 γλιίσσοις
714 2155 772 2212 τῶν
796 2148 907 2227 ἱερείων
931 2147 1117 2224 οὶποτίμνειν
1139 2146 1193 2212 καί
1217 2147 1313 2212 καίειν
1336 2158 1404 2223 τοῖς
1470 2146 1482 2197 l

209 2257 283 2328 θεοῖς
309 2257 418 2320 αὐτῶν.
445 2256 507 2343 (Ε.)
532 2254 656 2320 Ultima
680 2276 753 2320 cum
776 2254 859 2320 nihil
882 2257 946 2320 sint
977 2256 1039 2319 nisi
1070 2252 1198 2320 inficeta
1228 2258 1395 2323 contractio
1461 2244 1489 2300 ¹²-

209 2384 319 2431 eorum
356 2383 436 2447 qnae
470 2362 596 2427 Scholia
631 2360 770 2448 Vulgata
805 2368 837 2427 et
867 2361 1125 2449 Hambnrgensis
1157 2361 1322 2446 praebent,
1359 2361 1388 2425 ιό
1452 2396 1463 2405 ··

211 2474 362 2556 quantam
393 2469 571 2534 exilitatem
602 2474 747 2534 veterum
779 2471 1065 2556 grammaticorum
1090 2469 1320 2535 obserrationes
1340 2486 1384 2551 per

210 2582 430 2662 excerptorum
454 2596 566 2639 manns
590 2577 790 2661 pervenerint
813 2575 997 2658 ostendunt,
1022 2596 1084 2659 qna
1108 2575 1146 2640 de
1166 2597 1200 2640 re
1221 2578 1254 2639 in
1271 2590 1378 2657 sequen·
1442 2569 1485 2622 ἵν

210 2685 298 2748 tibus
322 2681 467 2768 pluribus
491 2664 714 2767 disputabitur.
764 2681 824 2746 Sed
848 2684 953 2767 priora
982 2687 1126 2766 portento
1158 2688 1234 2746 sunt
1265 2678 1374 2751 similit,
1438 2678 1479 2771 *f

210 2790 383 2875 inquibus
407 2792 501 2853 etiem
526 2788 552 2852 si
577 2809 702 2873 prorsus
727 2791 938 2865 contrarium,
964 2789 1046 2874 quod
1072 2795 1180 2873 aperte
1213 2786 1372 2874 requiritur.
1436 2779 1472 2819 ἶ*

211 2899 402 2982 reposueris,
427 2894 477 2959 ἵνοο
502 2895 677 2967 εὔλολος
702 2903 787 2976 φανῇ
813 2898 826 2958 ό
850 2895 1045 2975 Τηλέμαχος
1078 2896 1120 2975 τῷ
1152 2893 1315 2976 Μενελάῳ,
1337 2885 1373 2953 vel
1433 2881 1463 2919 ²³

1431 2982 1485 3031 tr:

213 3005 258 3068 sic
282 3006 358 3068 setis
382 3000 516 3067 mirifice
539 3005 720 3089 excogitata
742 3003 978 3067 iudicabuntur.

258 3214 397 3299 Sequens
429 3212 578 3277 Scholion
612 3212 726 3277 itidem
752 3233 789 3276 ex
814 3212 858 3287 El,
884 3212 1052 3296 quodiam
1078 3233 1174 3297 snpra
1197 3211 1328 3277 diceban
1345 3220 1371 3266 tt
1431 3202 1435 3231 ²
1471 3230 1481 3237 ·

212 3322 390 3408 Porphyrio
407 3326 622 3394 contractum,
641 3319 696 3383 sed
720 3322 764 3382 ita
787 3326 824 3382 ut
847 3323 1009 3404 excerptor
1032 3337 1110 3394 non,
1131 3319 1215 3403 quod
1235 3318 1297 3382 fieri
1306 3309 1370 3387 solet

211 3430 308 3495 huius
339 3428 436 3493 verba
466 3428 639 3491 servaverit
670 3426 724 3490 sed
758 3430 795 3489 nd
824 3446 914 3490 susm
938 3426 1106 3490 infantiam
1134 3425 1310 3500 detorserit,
1328 3416 1371 3481 duc
1444 3412 1487 3517 ³.

212 3538 308 3603 habet
339 3555 418 3619 quae
449 3553 505 3597 nos
536 3533 712 3597 advertant.
744 3532 891 3594 Primum
916 3531 1044 3595 haecce:
1070 3528 1150 3594 ἔόυον
1173 3530 1314 3608 γλόσοιις
1332 3522 1372 3586 lo·
1427 3510 1455 3545 ’ὅ

211 3644 334 3714 κιόντες
359 3639 404 3705 ότι
430 3676 449 3689 -
464 3675 517 3689 ·-
541 3639 584 3702 τόν
609 3639 638 3701 ἒν
663 3640 821 3718 συμποσίῳ
847 3639 1030 3721 ᾀδόμενοι
1056 3638 1088 3701 οὐ
1113 3639 1175 3720 χρὴ
1200 3648 1239 3719 τῇ
1264 3630 1372 3709 restim
1426 3620 1485 3725 ,ἐπ’

215 3754 246 3818 όν
269 3753 311 3832 τῷ
336 3744 509 3826 μεμνῆσόοοι
538 3746 655 3809 ἐκείνων
674 3745 778 3820 λέγειν
798 3747 869 3824 πρός
890 3744 1021 3822 ἄλλους,
1044 3746 1131 3810 οὶλλοὶ
1152 3740 1373 3809 cranemere
1426 3726 1465 3837 ἱ

213 3859 263 3924 Its
291 3858 444 3943 pervertit
474 3852 582 3937 homo]
602 3854 741 3939 genuine
772 3851 943 3937 Porphyrii
975 3851 1072 3916 verba
1096 3872 1176 3936 quae
1200 3844 1375 3917 servaverunt
1428 3840 1482 3885 '²²⁴

217 3965 256 4031 sd
287 3986 333 4029 vs.
367 3961 429 4025 341
464 3958 638 4038 HMQRT:
663 3957 707 4022 ότι
733 3959 781 4023 δεῖ
802 3960 844 4022 τὰ
869 3960 899 4021 ἐν
924 3957 1104 4033 συμποσίοις
1128 3957 1283 4038 λεχίίντιι
1303 3956 1376 4031 τηρεῖν
1438 4008 1481 4017 ,.

218 4071 457 4154 ἕχεμυόοῖιντοις.
499 4065 561 4130 Sed
592 4087 668 4130 cave
699 4071 863 4150 propterea
892 4072 1076 4149 corruptum
1107 4072 1200 4149 putes
1221 4057 1379 4129 inficitis
1460 4144 1469 4152 .

216 4184 322 4244 nostro
356 4176 398 4240 τοὶ
435 4175 465 4236 ἐν
502 4173 662 4251 συμποσίῳ
697 4172 887 4253 ᾀδόμενοι.
942 4171 1117 4236 Postremis
1151 4173 1238 4237 enim
1271 4167 1383 4235 lnbentit
1469 4192 1481 4231 ε

218 4282 409 4351 Graecitatis
438 4280 649 4363 temporibus,
681 4299 755 4341 cum
792 4283 824 4341 et
860 4276 922 4341 alia
957 4278 1097 4341 dicerent
1131 4282 1164 4342 st
1199 4284 1316 4356 γαμεῖν
1344 4293 1388 4361 pro
1458 4294 1467 4307 ·

216 4391 333 4470 βινεῖν,
365 4396 474 4452 λοιλεῖν
505 4405 561 4470 pro
592 4386 713 4462 λέγειν,
747 4405 801 4467 pro
833 4385 891 4449 hoc
925 4385 1021 4449 verbo
1053 4385 1151 4450 etiam
1184 4385 1268 4469 ᾄδειν
1291 4386 1325 4451 in
1343 4402 1392 4449 usn
1451 4476 1486 4515 s
