2978 4950
652 235 716 304 lar

69 427 108 495 τὸ
159 425 345 504 βεβλημένοι
376 425 561 491 σνντελινέν.
594 427 662 491 καὶ
694 429 806 494 δοκεῖ
827 426 869 491 τὸ
894 431 1082 491 τοιοῦτον
1104 426 1279 517 οὶπὸὶὲνι-

67 539 160 601 κοῦ
187 534 357 612 aprluna
389 532 490 596 πολὺ
523 534 716 613 πρότερον
739 535 1013 612 τεθεωρῆσέαι
1039 535 1127 610 παρ’
1154 524 1278 611 edroi:

67 640 169 722 φησὶ
198 641 261 717 γὰρ
295 637 381 716 „cu'r'
414 639 618 721 αὐτοσχεδίην
655 641 841 713 οὐτασμένος
873 639 936 714 ὀξέϊ
958 639 1089 721 χαλιιῷ”
1115 645 1163 721 (λ,
1189 637 1278 723 536).

67 755 248 826 τυντελικῇ
272 747 335 823 γαρ
361 756 483 825 μετοχῇ
508 753 686 820 σνντελικην
711 750 890 824 ἐπήνεγκεν.
917 749 963 812 Ac
987 749 1128 832 primum
1150 746 1280 830 quidem

66 858 102 921 in
156 851 283 918 Homeri
317 853 422 916 verbis
445 874 483 918 ex
511 852 653 940 Odyssea
675 858 783 919 citatis
806 861 862 919 aut
886 854 925 918 ab
950 856 1157 937 epitomatore
1180 858 1236 916 aut
1261 871 1279 916 a

64 959 190 1026 scriba
211 958 327 1024 Veneti
351 956 477 1025 Codicis
500 964 673 1026 memoriae
696 961 788 1044 lapsu
812 961 965 1045 quaedam
989 960 1172 1044 perturbata
1193 964 1277 1034 sunt,

64 1066 281 1150 debebatque
304 1064 486 1131 Diodorlius
509 1066 633 1132 Lehrsii
658 1089 696 1132 ex
719 1066 890 1132 Homerico
911 1074 1002 1132 textu
1023 1069 1277 1131 restitutionem:

64 1172 156 1238 οὔτ’
183 1170 218 1249 ἂρ
248 1170 445 1248 βεβλημένος
478 1169 544 1247 ὀξέϊ
572 1177 685 1253 χαλκῷ
710 1172 778 1238 οὔτ’
802 1174 1006 1253 αὐτοσχεδίην
1031 1172 1221 1247 οὐτασμένος
1246 1174 1279 1236 in

65 1279 259 1345 Herodieni
302 1278 400 1343 verba
441 1282 589 1364 recipere.
642 1280 724 1345 Nam
763 1301 825 1346 uon
867 1301 933 1345 esse
968 1280 1105 1345 auctoris
1139 1300 1277 1345 errorem

68 1388 169 1451 binc
197 1386 364 1470 probatur.
400 1386 483 1469 quod
519 1408 558 1451 ex
592 1389 633 1451 iis
667 1406 747 1472 quae
782 1390 849 1473 ipse
883 1387 1022 1452 codicem
1055 1393 1182 1452 secutus
1214 1385 1280 1452 edi·

70 1492 140 1557 dit
173 1491 256 1557 nullo
288 1491 383 1557 modo
414 1490 495 1557 effici
529 1500 633 1578 potest
664 1495 871 1580 grammatici
906 1492 1083 1558 conclusio:
1116 1501 1277 1572 σνντελικη

72 1598 160 1674 γὰρ
177 1608 294 1678 μετοχῇ
324 1602 502 1672 σνντελιιιην
526 1601 703 1676 ἐπήνεγκεν.
737 1599 799 1666 Sed
821 1601 881 1665 hoo
904 1600 1016 1665 obiter.
1040 1599 1123 1664 lllud
1148 1619 1276 1686 quaero,

73 1705 242 1786 quomodo
275 1708 337 1770 viri
370 1706 455 1772 docti
479 1709 657 1791 acceperint
681 1708 777 1772 verba
800 1707 850 1770 xci
879 1705 1018 1770 δοκεῖτὸ
1044 1710 1176 1770 τοιοῦτον
1200 1708 1278 1771 ἀπὸ

76 1809 184 1872 ἑνικοῦ
205 1811 330 1889 ἀριθμοῦ
351 1813 432 1876 πολὺ
457 1812 596 1890 πρότερον
624 1816 822 1890 τεθεωρησέαι
843 1813 916 1890 παρ’
941 1813 1035 1890 αὐτῷ.
1062 1809 1148 1891 Quae
1172 1832 1280 1877 vereor

76 1919 120 1977 nt
169 1916 261 1982 ullam
305 1918 503 2002 probabilem
546 1918 791 2003 explicationem
828 1918 1021 2002 admittant,
1052 1920 1115 1982 nisi
1153 1924 1280 1983 mutata

80 2025 315 2106 praepositione
342 2025 516 2090 scribatur:
541 2026 594 2090 καὶ
618 2025 757 2090 δοκεῖτὸ
782 2030 913 2090 τοιοῦτον
938 2025 1002 2088 ἐπὶ
1032 2026 1127 2089 ἑνικοῦ
1152 2026 1278 2104 οὶριέμοῦ

83 2130 171 2191 πολὺ
210 2132 351 2213 πρότερον
391 2133 588 2210 τεθεωρησέαι
623 2134 696 2210 παρ’
732 2133 834 2212 αὐτῷ,
870 2134 892 2196 i.
907 2154 934 2198 ο.
969 2132 1159 2215 videturque
1194 2131 1278 2216 apud

87 2226 246 2301 Ηονιιιτιινι
280 2241 315 2303 in
345 2237 502 2327 singulari
530 2259 662 2305 numero
693 2239 798 2305 multo
820 2244 919 2323 potior
943 2239 1038 2303 huius
1062 2239 1152 2302 verbi
1176 2239 1278 2304 forma

85 2345 232 2426 conspici
282 2342 493 2429 Comprobat*
513 2345 547 2409 id
582 2345 665 2429 quod
701 2348 808 2429 posuit
842 2348 1074 2433 grammaticus
1110 2367 1202 2410 versu
1239 2368 1278 2411 ex

87 2435 228 2530 Odyssea
257 2451 379 2528 adlato,
408 2450 494 2529 ,μέτ’
518 2450 556 2528 aa
580 2451 841 2528 βεβλημένος
866 2487 952 2501 ---
975 2453 1038 2517 οὔτ’
1064 2486 1116 2500 --
1137 2454 1276 2517 οὐτασ-

85 2547 242 2641 advoc?
276 2564 308 2624 et
343 2562 390 2624 sic
424 2567 509 2624 recte
543 2561 648 2641 potnit
683 2559 887 2623 concludere:
927 2559 1114 2643 „participio
1143 2561 1277 2646 perfecto

85 2647 173 2726 aliud
192 2664 245 2730 bic
264 2666 467 2750 participium
485 2665 652 2749 perfectum
672 2665 857 2748 subiunxit,
879 2666 1028 2749 idemque
1047 2667 1149 2751 igitur
1171 2672 1278 2730 nostro

83 2772 121 2821 0¹
140 2761 243 2835 Iliade
263 2769 347 2847 loco,
369 2772 424 2835 ubi
443 2769 576 2854 pluralis
594 2773 743 2846 cernitur,
763 2771 884 2834 lactum
908 2773 1049 2856 oportuit
1059 2770 1087 2845 ,”
1111 2767 1204 2842 οὕτως
1229 2767 1278 2834 οὖν

82 2863 134 2927 “d
171 2877 320 2940 ἐπὶτῶν
345 2878 550 2948 πληθυντικῶν
575 2877 795 2951 ἀναγινώσκειν
820 2875 890 2940 ἔδει.
937 2875 999 2956 Qui
1024 2876 1221 2955 βεβλημένος
1247 2882 1278 2940 ei

80 2967 271 3059 οὗῖεῑιτμένος
297 2986 461 3049 coniunxit
483 2988 594 3069 poeta.
619 2983 730 3047 debuit
753 2982 944 3060 βεβλημένοι
970 2984 1097 3046 οὐτασ
1106 2983 1218 3058 μένοι
1242 3005 1276 3045 τε

77 3068 167 3150 ⁶⁸¹0.
217 3089 308 3170 Quod
341 3093 368 3155 si
398 3092 468 3155 iure
499 3089 700 3155 Herodianus
732 3090 911 3165 contendit,
936 3087 1040 3154 multo
1065 3091 1183 3153 maiore
1208 3093 1278 3154 iure

74 3175 147 3261 ipse
174 3198 344 3270 conr-endo,
371 3200 426 3283 qui
451 3197 514 3260 ἐπὶ
540 3203 598 3260 τῶν
624 3197 830 3269 πληθυντικῶν
853 3203 937 3262 recte
961 3198 1089 3281 scripsit
1112 3216 1277 3282 gramma-

72 3284 188 3389 licus,
207 3305 344 3369 eundem
365 3304 475 3368 eadem
498 3302 623 3367 dicendi
642 3303 744 3368 forma
767 3324 860 3367 usum
887 3323 947 3366 uon
973 3301 1066 3366 aliter
1090 3322 1185 3386 quam
1212 3301 1277 3364 ini

69 3384 182 3472 imm]
204 3412 331 3487 οὶριέμοῡ
354 3411 428 3474 dare
452 3413 590 3493 potuisse
613 3419 646 3473 et
664 3409 794 3473 dedisse.
821 3409 869 3473 Ne
888 3408 1022 3473 verbum
1043 3407 1171 3492 quidem
1192 3409 1227 3471 in
1246 3427 1279 3471 re

68 3501 145 3570 tam
176 3521 343 3603 perspicua
365 3515 570 3590 addidissem,
595 3515 656 3579 nisi
680 3521 712 3579 et
736 3514 904 3579 Lebrsium
929 3522 961 3579 et
986 3512 1187 3579 Dindorfium
1211 3533 1278 3577 ma·

63 3602 236 3688 nifestum
256 3626 375 3687 vitium
396 3625 430 3686 in
448 3620 517 3687 loco
539 3620 671 3706 paulum
696 3622 874 3686 obscuriore
897 3619 1023 3685 silentio
1047 3623 1208 3684 transiisse
1222 3621 1279 3702 ,vi-

64 3701 213 3794 di⁸⁸em
239 3731 343 3796 uncus
369 3738 476 3793 autem
500 3729 571 3793 ideo
590 3727 684 3813 paulo
704 3728 865 3793 obscurior
884 3737 949 3802 est,
971 3727 1053 3812 quod
1077 3725 1277 3791 Herodianus

62 3830 241 3903 vocabula
273 3831 427 3922 quaedam
465 3834 607 3919 alioquin
647 3837 814 3898 notissima
853 3854 926 3917 sua,
968 3835 1002 3898 id
1042 3843 1091 3898 est
1124 3832 1278 3917 peculiari

63 3920 334 4013 giKnifloatione.
361 3942 500 4007 adhibet.
549 3941 640 4006 Dixit
664 3941 702 4006 de
726 3940 777 4004 his
804 3941 940 4005 strictim
964 3939 1115 4005 Lebrsius
1140 3936 1186 4025 ι),
1214 3939 1280 4006 He·

65 4034 270 4116 1¹0(liriacum
291 4070 385 4115 usum
406 4048 576 4115 verborum
596 4048 736 4124 ὄνασθαι,
757 4051 907 4124 μελετᾶν,
927 4047 1176 4127 ἀποφαίνεσθαι,
1196 4048 1281 4127 decl·

16 4182 160 4212 ,,

113 4283 142 4348 ι)
173 4299 202 4350 lu
222 4300 322 4352 diatriba
344 4302 371 4350 ll
398 4301 494 4350 ‚onio
510 4297 565 4360 περὶ
582 4295 683 4360 μέτριον.
720 4297 871 4346 Herodianus
888 4294 942 4359 περὶ
960 4289 1101 4360 tomam?
1120 4297 1212 4346 adiectu
1230 4297 1279 4344 eius

80 4356 167 4436 lim.
186 4384 224 4447 qn
241 4383 378 4436 umnam
398 4381 545 4433 ‚uernum
564 4381 658 4446 saepe
673 4380 722 4429 tra
739 4378 930 4438 emonem?
949 4395 1017 4446 pagg.
1034 4379 1098 4440 ιον,
1116 4380 1173 4429 ιιο.
