<?xml version="1.0" encoding="UTF-8"?>
<!DOCTYPE html PUBLIC "-//W3C//DTD XHTML 1.0 Transitional//EN"
    "http://www.w3.org/TR/xhtml1/DTD/xhtml1-transitional.dtd">
<html xmlns="http://www.w3.org/1999/xhtml" xml:lang="en" lang="en">
 <head>
  <title>
</title>
<meta http-equiv="Content-Type" content="text/html;charset=utf-8" />
  <meta name='ocr-system' content='tesseract 3.04.00' />
  <meta name='ocr-capabilities' content='ocr_page ocr_carea ocr_par ocr_line ocrx_word'/>
</head>
<body>
  <div class='ocr_page' id='page_1' title='image "./adodysseameiusq00polagoog_0540.png"; bbox 0 0 2978 4950; ppageno 0'>
   <div class='ocr_carea' id='block_1_1' title="bbox 704 184 768 253">
    <p class='ocr_par' dir='ltr' id='par_1_1' title="bbox 704 184 768 253">
     <span class='ocr_line' id='line_1_1' title="bbox 704 184 768 253; baseline 0.047 -3"><span class='ocrx_word' id='word_1_1' title='bbox 704 184 768 253; x_wconf 84' lang='grc'>497</span> 
     </span>
    </p>
   </div>
   <div class='ocr_carea' id='block_1_2' title="bbox 130 374 1327 563">
    <p class='ocr_par' dir='ltr' id='par_1_2' title="bbox 130 374 1327 563">
     <span class='ocr_line' id='line_1_2' title="bbox 130 374 1327 462; baseline 0.002 -19"><span class='ocrx_word' id='word_1_2' title='bbox 130 377 217 443; x_wconf 71' lang='grc' dir='ltr'><strong><em>οἰκία</em></strong></span> <span class='ocrx_word' id='word_1_3' title='bbox 242 378 349 442; x_wconf 78' lang='grc' dir='ltr'><strong><em>αὐτοῦ.</em></strong></span> <span class='ocrx_word' id='word_1_4' title='bbox 374 376 429 462; x_wconf 80' lang='lat' dir='ltr'>(Q)</span> <span class='ocrx_word' id='word_1_5' title='bbox 453 377 659 462; x_wconf 75' lang='lat' dir='ltr'>Metuebant,</span> <span class='ocrx_word' id='word_1_6' title='bbox 683 377 793 455; x_wconf 90' lang='lat' dir='ltr'>credo,</span> <span class='ocrx_word' id='word_1_7' title='bbox 816 398 855 441; x_wconf 90' lang='lat' dir='ltr'>ne</span> <span class='ocrx_word' id='word_1_8' title='bbox 875 374 1084 443; x_wconf 79' lang='lat' dir='ltr'><strong>Telemachus</strong></span> <span class='ocrx_word' id='word_1_9' title='bbox 1100 377 1253 444; x_wconf 73' lang='lat' dir='ltr'>indiceret</span> <span class='ocrx_word' id='word_1_10' title='bbox 1272 381 1327 454; x_wconf 70' lang='lat' dir='ltr'>ria</span> 
     </span>
     <span class='ocr_line' id='line_1_3' title="bbox 133 481 459 563; baseline -0.009 -13"><span class='ocrx_word' id='word_1_11' title='bbox 133 483 261 550; x_wconf 71' lang='grc' dir='ltr'><strong><em>αὑτοῦ</em></strong></span> <span class='ocrx_word' id='word_1_12' title='bbox 286 481 459 563; x_wconf 70' lang='grc' dir='ltr'><strong><em>συμφοράν.</em></strong></span> 
     </span>
    </p>
   </div>
   <div class='ocr_carea' id='block_1_3' title="bbox 132 709 1324 900">
    <p class='ocr_par' dir='ltr' id='par_1_3' title="bbox 132 709 1324 900">
     <span class='ocr_line' id='line_1_4' title="bbox 179 709 1324 798; baseline 0.006 -21"><span class='ocrx_word' id='word_1_13' title='bbox 179 735 214 797; x_wconf 86' lang='grc' dir='ltr'>ο,</span> <span class='ocrx_word' id='word_1_14' title='bbox 239 709 315 779; x_wconf 78' lang='grc'><strong>348.</strong></span> <span class='ocrx_word' id='word_1_15' title='bbox 363 713 615 792; x_wconf 76' lang='grc' dir='ltr'><strong><em>Περοφροοοτοκῶς</em></strong></span> <span class='ocrx_word' id='word_1_16' title='bbox 638 713 680 792; x_wconf 75' lang='grc' dir='ltr'>τῷ</span> <span class='ocrx_word' id='word_1_17' title='bbox 701 712 799 792; x_wconf 80' lang='grc' dir='ltr'><strong><em>γύρεο.</em></strong></span> <span class='ocrx_word' id='word_1_18' title='bbox 824 711 883 798; x_wconf 86' lang='grc' dir='ltr'>(Η)</span> <span class='ocrx_word' id='word_1_19' title='bbox 903 712 1047 779; x_wconf 77' lang='lat' dir='ltr'>Pertinet</span> <span class='ocrx_word' id='word_1_20' title='bbox 1065 713 1151 778; x_wconf 86' lang='lat' dir='ltr'>baud</span> <span class='ocrx_word' id='word_1_21' title='bbox 1169 715 1264 780; x_wconf 83' lang='lat' dir='ltr'>dubio</span> <span class='ocrx_word' id='word_1_22' title='bbox 1285 719 1324 784; x_wconf 88' lang='lat' dir='ltr'>ad</span> 
     </span>
     <span class='ocr_line' id='line_1_5' title="bbox 132 817 1147 900; baseline 0 -16"><span class='ocrx_word' id='word_1_23' title='bbox 132 818 186 884; x_wconf 74' lang='grc' dir='ltr'>ἐπὶ</span> <span class='ocrx_word' id='word_1_24' title='bbox 210 821 325 898; x_wconf 62' lang='grc' dir='ltr'><strong><em>γήραος</em></strong></span> <span class='ocrx_word' id='word_1_25' title='bbox 347 817 440 897; x_wconf 77' lang='grc' dir='ltr'><strong><em>οὐδῷ,</em></strong></span> <span class='ocrx_word' id='word_1_26' title='bbox 466 825 499 884; x_wconf 86' lang='lat' dir='ltr'>et</span> <span class='ocrx_word' id='word_1_27' title='bbox 521 820 562 900; x_wconf 78' lang='grc' dir='ltr'>τῷ</span> <span class='ocrx_word' id='word_1_28' title='bbox 587 819 692 900; x_wconf 69' lang='grc' dir='ltr'><strong><em>γήρα</em></strong></span> <span class='ocrx_word' id='word_1_29' title='bbox 717 821 825 884; x_wconf 85' lang='lat' dir='ltr'>verius</span> <span class='ocrx_word' id='word_1_30' title='bbox 849 839 917 884; x_wconf 89' lang='lat' dir='ltr'>esse</span> <span class='ocrx_word' id='word_1_31' title='bbox 941 818 1085 886; x_wconf 86' lang='lat' dir='ltr'>arbitror.</span> <span class='ocrx_word' id='word_1_32' title='bbox 1144 838 1147 843; x_wconf 86' lang='lat'><strong>·</strong></span> 
     </span>
    </p>
   </div>
   <div class='ocr_carea' id='block_1_4' title="bbox 128 1025 1325 1967">
    <p class='ocr_par' dir='ltr' id='par_1_4' title="bbox 128 1025 1325 1967">
     <span class='ocr_line' id='line_1_6' title="bbox 179 1025 1325 1108; baseline 0.003 -17"><span class='ocrx_word' id='word_1_33' title='bbox 179 1049 214 1102; x_wconf 87' lang='grc' dir='ltr'>ο,</span> <span class='ocrx_word' id='word_1_34' title='bbox 246 1025 323 1091; x_wconf 75' lang='lat'>459.</span> <span class='ocrx_word' id='word_1_35' title='bbox 371 1026 549 1108; x_wconf 76' lang='grc' dir='ltr'><strong><em>Πολύῖδριτε</em></strong></span> <span class='ocrx_word' id='word_1_36' title='bbox 582 1029 634 1092; x_wconf 90' lang='grc' dir='ltr'>ούκ</span> <span class='ocrx_word' id='word_1_37' title='bbox 667 1027 715 1093; x_wconf 82' lang='grc' dir='ltr'>ἐτ’</span> <span class='ocrx_word' id='word_1_38' title='bbox 739 1027 877 1105; x_wconf 76' lang='grc' dir='ltr'><strong><em>οὶγαύού,</em></strong></span> <span class='ocrx_word' id='word_1_39' title='bbox 904 1027 978 1092; x_wconf 72' lang='grc' dir='ltr'><strong><em>ἀλλ’</em></strong></span> <span class='ocrx_word' id='word_1_40' title='bbox 1003 1027 1054 1091; x_wconf 77' lang='grc' dir='ltr'>ἐπὶ</span> <span class='ocrx_word' id='word_1_41' title='bbox 1079 1029 1248 1108; x_wconf 71' lang='grc' dir='ltr'><strong><em>κακούργου</em></strong></span> <span class='ocrx_word' id='word_1_42' title='bbox 1272 1031 1325 1095; x_wconf 81' lang='grc' dir='ltr'>καὶ</span> 
     </span>
     <span class='ocr_line' id='line_1_7' title="bbox 131 1132 1324 1221; baseline 0.004 -23"><span class='ocrx_word' id='word_1_43' title='bbox 131 1134 324 1205; x_wconf 61' lang='lat' dir='ltr'>araceum.</span> <span class='ocrx_word' id='word_1_44' title='bbox 356 1132 472 1221; x_wconf 59' lang='grc' dir='ltr'>(ΒΗΘ)</span> <span class='ocrx_word' id='word_1_45' title='bbox 509 1136 552 1200; x_wconf 81' lang='lat' dir='ltr'>At</span> <span class='ocrx_word' id='word_1_46' title='bbox 583 1134 643 1200; x_wconf 90' lang='lat' dir='ltr'>hoc</span> <span class='ocrx_word' id='word_1_47' title='bbox 671 1137 808 1200; x_wconf 89' lang='lat' dir='ltr'>nimium</span> <span class='ocrx_word' id='word_1_48' title='bbox 840 1139 888 1199; x_wconf 90' lang='lat' dir='ltr'>est</span> <span class='ocrx_word' id='word_1_49' title='bbox 921 1134 959 1199; x_wconf 87' lang='lat' dir='ltr'>da</span> <span class='ocrx_word' id='word_1_50' title='bbox 987 1141 1115 1202; x_wconf 78' lang='lat' dir='ltr'>verente</span> <span class='ocrx_word' id='word_1_51' title='bbox 1139 1134 1195 1202; x_wconf 90' lang='lat' dir='ltr'>illo</span> <span class='ocrx_word' id='word_1_52' title='bbox 1220 1137 1324 1203; x_wconf 91' lang='lat' dir='ltr'>Poeno</span> 
     </span>
     <span class='ocr_line' id='line_1_8' title="bbox 131 1239 1323 1327; baseline 0.003 -22"><span class='ocrx_word' id='word_1_53' title='bbox 131 1239 174 1306; x_wconf 85' lang='lat' dir='ltr'>ad</span> <span class='ocrx_word' id='word_1_54' title='bbox 210 1239 345 1306; x_wconf 70' lang='lat' dir='ltr'>Eumaei</span> <span class='ocrx_word' id='word_1_55' title='bbox 379 1249 523 1327; x_wconf 88' lang='lat' dir='ltr'>parentes</span> <span class='ocrx_word' id='word_1_56' title='bbox 555 1240 755 1326; x_wconf 86' lang='lat' dir='ltr'>decipiendos</span> <span class='ocrx_word' id='word_1_57' title='bbox 785 1244 893 1306; x_wconf 88' lang='lat' dir='ltr'>misso.</span> <span class='ocrx_word' id='word_1_58' title='bbox 927 1239 1139 1308; x_wconf 69' lang='lat' dir='ltr'>correxerim:</span> <span class='ocrx_word' id='word_1_59' title='bbox 1165 1244 1240 1307; x_wconf 74' lang='grc' dir='ltr'><strong><em>οξλλ·</em></strong></span> <span class='ocrx_word' id='word_1_60' title='bbox 1272 1245 1323 1308; x_wconf 71' lang='grc' dir='ltr'>ἐπὶ</span> 
     </span>
     <span class='ocr_line' id='line_1_9' title="bbox 130 1348 1323 1433; baseline 0.003 -21"><span class='ocrx_word' id='word_1_61' title='bbox 130 1349 369 1428; x_wconf 71' lang='grc' dir='ltr'><strong><em>πανούργου</em></strong></span> <span class='ocrx_word' id='word_1_62' title='bbox 401 1350 453 1412; x_wconf 74' lang='grc' dir='ltr'>καὶ</span> <span class='ocrx_word' id='word_1_63' title='bbox 484 1349 680 1432; x_wconf 77' lang='grc' dir='ltr'><strong><em>οὶτατεῶνος,</em></strong></span> <span class='ocrx_word' id='word_1_64' title='bbox 713 1369 793 1433; x_wconf 91' lang='lat' dir='ltr'>quae</span> <span class='ocrx_word' id='word_1_65' title='bbox 824 1350 1008 1432; x_wconf 77' lang='lat' dir='ltr'>saepissime</span> <span class='ocrx_word' id='word_1_66' title='bbox 1036 1348 1234 1433; x_wconf 88' lang='lat' dir='ltr'>copulantur.</span> <span class='ocrx_word' id='word_1_67' title='bbox 1270 1349 1323 1416; x_wconf 75' lang='lat' dir='ltr'>Sic</span> 
     </span>
     <span class='ocr_line' id='line_1_10' title="bbox 129 1451 1322 1540; baseline 0.001 -20"><span class='ocrx_word' id='word_1_68' title='bbox 129 1473 164 1520; x_wconf 92' lang='lat' dir='ltr'>v.</span> <span class='ocrx_word' id='word_1_69' title='bbox 177 1474 207 1519; x_wconf 86' lang='lat' dir='ltr'>c.</span> <span class='ocrx_word' id='word_1_70' title='bbox 242 1454 326 1538; x_wconf 90' lang='lat' dir='ltr'>apud</span> <span class='ocrx_word' id='word_1_71' title='bbox 359 1453 493 1520; x_wconf 90' lang='lat' dir='ltr'>Dionem</span> <span class='ocrx_word' id='word_1_72' title='bbox 529 1452 795 1540; x_wconf 71' lang='lat' dir='ltr'>chrysostomum</span> <span class='ocrx_word' id='word_1_73' title='bbox 827 1453 893 1539; x_wconf 89' lang='grc' dir='ltr'>(οτ.</span> <span class='ocrx_word' id='word_1_74' title='bbox 927 1454 943 1520; x_wconf 93' lang='lat' dir='ltr'>I</span> <span class='ocrx_word' id='word_1_75' title='bbox 973 1453 1089 1540; x_wconf 78' lang='lat'><strong>§26):</strong></span> <span class='ocrx_word' id='word_1_76' title='bbox 1112 1457 1167 1530; x_wconf 71' lang='lat' dir='ltr'>rba</span> <span class='ocrx_word' id='word_1_77' title='bbox 1193 1457 1248 1532; x_wconf 73' lang='grc' dir='ltr'>μὲν</span> <span class='ocrx_word' id='word_1_78' title='bbox 1273 1451 1322 1521; x_wconf 80' lang='grc' dir='ltr'>οὖν</span> 
     </span>
     <span class='ocr_line' id='line_1_11' title="bbox 130 1558 1321 1642; baseline 0.001 -16"><span class='ocrx_word' id='word_1_79' title='bbox 130 1558 302 1634; x_wconf 74' lang='grc' dir='ltr'><strong><em>ὶτλύτντοο</em></strong></span> <span class='ocrx_word' id='word_1_80' title='bbox 326 1561 379 1624; x_wconf 74' lang='grc' dir='ltr'>καὶ</span> <span class='ocrx_word' id='word_1_81' title='bbox 404 1563 459 1634; x_wconf 72' lang='grc' dir='ltr'>τὴν</span> <span class='ocrx_word' id='word_1_82' title='bbox 483 1561 629 1635; x_wconf 78' lang='grc' dir='ltr'><strong><em>οὶλύύεοοον</em></strong></span> <span class='ocrx_word' id='word_1_83' title='bbox 654 1563 779 1638; x_wconf 72' lang='grc' dir='ltr'><strong><em>ἡγεῖται</em></strong></span> <span class='ocrx_word' id='word_1_84' title='bbox 804 1559 969 1638; x_wconf 77' lang='grc' dir='ltr'><strong><em>βασιλικὸν</em></strong></span> <span class='ocrx_word' id='word_1_85' title='bbox 993 1560 1045 1624; x_wconf 74' lang='grc' dir='ltr'>καὶ</span> <span class='ocrx_word' id='word_1_86' title='bbox 1066 1561 1230 1642; x_wconf 80' lang='grc' dir='ltr'><strong><em>Φρύνομον,</em></strong></span> <span class='ocrx_word' id='word_1_87' title='bbox 1252 1566 1321 1638; x_wconf 69' lang='grc' dir='ltr'>τὴν</span> 
     </span>
     <span class='ocr_line' id='line_1_12' title="bbox 130 1666 1321 1748; baseline 0.003 -17"><span class='ocrx_word' id='word_1_88' title='bbox 130 1666 173 1731; x_wconf 79' lang='grc' dir='ltr'>δὲ</span> <span class='ocrx_word' id='word_1_89' title='bbox 209 1668 468 1745; x_wconf 69' lang='grc' dir='ltr'>πανουργίαν</span> <span class='ocrx_word' id='word_1_90' title='bbox 499 1668 567 1731; x_wconf 76' lang='grc' dir='ltr'>καὶ</span> <span class='ocrx_word' id='word_1_91' title='bbox 599 1673 667 1740; x_wconf 70' lang='grc' dir='ltr'>τὴν</span> <span class='ocrx_word' id='word_1_92' title='bbox 696 1666 856 1740; x_wconf 70' lang='grc' dir='ltr'><strong><em>οὶοτύτνρν,</em></strong></span> <span class='ocrx_word' id='word_1_93' title='bbox 880 1666 1005 1741; x_wconf 79' lang='grc' dir='ltr'><strong><em>ούνύκτον</em></strong></span> <span class='ocrx_word' id='word_1_94' title='bbox 1029 1667 1081 1730; x_wconf 79' lang='grc' dir='ltr'>καὶ</span> <span class='ocrx_word' id='word_1_95' title='bbox 1108 1668 1321 1748; x_wconf 81' lang='grc' dir='ltr'><strong><em>δουλοπρεπὲς.</em></strong></span> 
     </span>
     <span class='ocr_line' id='line_1_13' title="bbox 129 1773 1321 1860; baseline 0.003 -22"><span class='ocrx_word' id='word_1_96' title='bbox 129 1773 185 1839; x_wconf 86' lang='lat' dir='ltr'>Sie</span> <span class='ocrx_word' id='word_1_97' title='bbox 209 1780 343 1853; x_wconf 78' lang='grc' dir='ltr'><strong><em>τρῶκται</em></strong></span> <span class='ocrx_word' id='word_1_98' title='bbox 366 1777 400 1839; x_wconf 90' lang='lat' dir='ltr'>in</span> <span class='ocrx_word' id='word_1_99' title='bbox 424 1774 682 1840; x_wconf 78' lang='lat' dir='ltr'>antecedentibus</span> <span class='ocrx_word' id='word_1_100' title='bbox 702 1777 762 1859; x_wconf 87' lang='lat' dir='ltr'>(vs.</span> <span class='ocrx_word' id='word_1_101' title='bbox 777 1773 856 1858; x_wconf 82' lang='lat'>416)</span> <span class='ocrx_word' id='word_1_102' title='bbox 876 1776 1046 1859; x_wconf 85' lang='lat' dir='ltr'>exponitur</span> <span class='ocrx_word' id='word_1_103' title='bbox 1058 1795 1113 1859; x_wconf 88' lang='lat' dir='ltr'>per</span> <span class='ocrx_word' id='word_1_104' title='bbox 1124 1776 1321 1860; x_wconf 71' lang='grc' dir='ltr'><strong><em>ἀπατεῶνες,</em></strong></span> 
     </span>
     <span class='ocr_line' id='line_1_14' title="bbox 128 1879 1018 1967; baseline -0.003 -21"><span class='ocrx_word' id='word_1_105' title='bbox 128 1879 268 1946; x_wconf 76' lang='grc' dir='ltr'><strong><em>κλέπται</em></strong></span> <span class='ocrx_word' id='word_1_106' title='bbox 293 1884 327 1946; x_wconf 88' lang='lat' dir='ltr'>in</span> <span class='ocrx_word' id='word_1_107' title='bbox 351 1879 397 1960; x_wconf 82' lang='lat' dir='ltr'>Q,</span> <span class='ocrx_word' id='word_1_108' title='bbox 423 1902 479 1967; x_wconf 86' lang='lat' dir='ltr'>per</span> <span class='ocrx_word' id='word_1_109' title='bbox 501 1880 705 1963; x_wconf 73' lang='grc' dir='ltr'><strong><em>φιλάργυροι,</em></strong></span> <span class='ocrx_word' id='word_1_110' title='bbox 730 1884 894 1960; x_wconf 78' lang='grc' dir='ltr'><strong><em>πανοῦργοι</em></strong></span> <span class='ocrx_word' id='word_1_111' title='bbox 919 1880 953 1943; x_wconf 89' lang='lat' dir='ltr'>in</span> <span class='ocrx_word' id='word_1_112' title='bbox 977 1879 1018 1944; x_wconf 91' lang='lat' dir='ltr'>V.</span> 
     </span>
    </p>
   </div>
   <div class='ocr_carea' id='block_1_5' title="bbox 126 2089 1325 2389">
    <p class='ocr_par' dir='ltr' id='par_1_5' title="bbox 126 2089 1325 2389">
     <span class='ocr_line' id='line_1_15' title="bbox 175 2089 1321 2172; baseline 0.003 -16"><span class='ocrx_word' id='word_1_113' title='bbox 175 2115 210 2167; x_wconf 89' lang='lat' dir='ltr'>o,</span> <span class='ocrx_word' id='word_1_114' title='bbox 233 2089 311 2158; x_wconf 78' lang='lat'><strong>4¹79.</strong></span> <span class='ocrx_word' id='word_1_115' title='bbox 358 2090 425 2158; x_wconf 79' lang='lat' dir='ltr'>Ad:</span> <span class='ocrx_word' id='word_1_116' title='bbox 456 2089 559 2172; x_wconf 79' lang='grc' dir='ltr'><strong><em>ούντλω</em></strong></span> <span class='ocrx_word' id='word_1_117' title='bbox 592 2090 619 2155; x_wconf 82' lang='grc' dir='ltr'>δ’</span> <span class='ocrx_word' id='word_1_118' title='bbox 644 2089 808 2165; x_wconf 76' lang='grc' dir='ltr'><strong><em>ἐνδούπησε</em></strong></span> <span class='ocrx_word' id='word_1_119' title='bbox 832 2093 956 2156; x_wconf 75' lang='grc' dir='ltr'><strong><em>τοσοῦτ’</em></strong></span> <span class='ocrx_word' id='word_1_120' title='bbox 980 2093 1017 2164; x_wconf 74' lang='grc' dir='ltr'>ὥς</span> <span class='ocrx_word' id='word_1_121' title='bbox 1042 2093 1159 2166; x_wconf 71' lang='grc' dir='ltr'><strong><em>εἰναλίη</em></strong></span> <span class='ocrx_word' id='word_1_122' title='bbox 1184 2091 1242 2169; x_wconf 78' lang='grc' dir='ltr'>κύξ</span> <span class='ocrx_word' id='word_1_123' title='bbox 1265 2094 1321 2159; x_wconf 85' lang='lat' dir='ltr'>ad·</span> 
     </span>
     <span class='ocr_line' id='line_1_16' title="bbox 126 2197 1316 2281; baseline 0.001 -18"><span class='ocrx_word' id='word_1_124' title='bbox 126 2203 260 2267; x_wconf 85' lang='lat' dir='ltr'>notatur</span> <span class='ocrx_word' id='word_1_125' title='bbox 293 2197 327 2263; x_wconf 86' lang='lat' dir='ltr'>in</span> <span class='ocrx_word' id='word_1_126' title='bbox 363 2197 473 2273; x_wconf 84' lang='lat' dir='ltr'>BHQ:</span> <span class='ocrx_word' id='word_1_127' title='bbox 510 2197 660 2278; x_wconf 77' lang='grc' dir='ltr'><strong><em>φαίνεται</em></strong></span> <span class='ocrx_word' id='word_1_128' title='bbox 694 2198 725 2270; x_wconf 78' lang='grc' dir='ltr'>δὲ</span> <span class='ocrx_word' id='word_1_129' title='bbox 758 2202 896 2262; x_wconf 81' lang='grc' dir='ltr'><strong><em>τεοούοα</em></strong></span> <span class='ocrx_word' id='word_1_130' title='bbox 930 2199 979 2261; x_wconf 80' lang='grc' dir='ltr'>ἐπὶ</span> <span class='ocrx_word' id='word_1_131' title='bbox 1006 2200 1158 2281; x_wconf 69' lang='grc' dir='ltr'><strong><em>κεφαλήν.</em></strong></span> <span class='ocrx_word' id='word_1_132' title='bbox 1195 2198 1316 2266; x_wconf 90' lang='lat' dir='ltr'>Immo:</span> 
     </span>
     <span class='ocr_line' id='line_1_17' title="bbox 126 2293 1325 2389; baseline 0.001 -21"><span class='ocrx_word' id='word_1_133' title='bbox 126 2305 404 2386; x_wconf 74' lang='grc' dir='ltr'><strong><em>ἐμφαίνεται,</em></strong></span> <span class='ocrx_word' id='word_1_134' title='bbox 430 2307 574 2389; x_wconf 89' lang='lat' dir='ltr'>sequitur</span> <span class='ocrx_word' id='word_1_135' title='bbox 598 2307 701 2369; x_wconf 85' lang='lat' dir='ltr'>enim:</span> <span class='ocrx_word' id='word_1_136' title='bbox 722 2306 775 2368; x_wconf 74' lang='lat' dir='ltr'>nai</span> <span class='ocrx_word' id='word_1_137' title='bbox 795 2305 857 2383; x_wconf 81' lang='grc' dir='ltr'><strong><em>γοὶρ</em></strong></span> <span class='ocrx_word' id='word_1_138' title='bbox 879 2305 988 2375; x_wconf 73' lang='grc' dir='ltr'><strong><em>ἐκεῖνος</em></strong></span> <span class='ocrx_word' id='word_1_139' title='bbox 1008 2303 1100 2378; x_wconf 80' lang='grc' dir='ltr'><strong><em>οὕτως</em></strong></span> <span class='ocrx_word' id='word_1_140' title='bbox 1113 2293 1325 2379; x_wconf 60' lang='grc' dir='ltr'><strong><em>καταδύεται,</em></strong></span> 
     </span>
    </p>
   </div>
   <div class='ocr_carea' id='block_1_6' title="bbox 126 2410 540 2489">
    <p class='ocr_par' dir='ltr' id='par_1_6' title="bbox 126 2410 540 2489">
     <span class='ocr_line' id='line_1_18' title="bbox 126 2410 540 2489; baseline -0.005 -13"><span class='ocrx_word' id='word_1_141' title='bbox 126 2410 178 2476; x_wconf 84' lang='lat' dir='ltr'>Da</span> <span class='ocrx_word' id='word_1_142' title='bbox 204 2431 239 2476; x_wconf 86' lang='lat' dir='ltr'>re</span> <span class='ocrx_word' id='word_1_143' title='bbox 261 2412 328 2477; x_wconf 80' lang='lat' dir='ltr'>dixi</span> <span class='ocrx_word' id='word_1_144' title='bbox 352 2410 393 2476; x_wconf 88' lang='lat' dir='ltr'>ad</span> <span class='ocrx_word' id='word_1_145' title='bbox 415 2435 441 2489; x_wconf 83' lang='grc' dir='ltr'><strong><em>μ</em></strong></span> <span class='ocrx_word' id='word_1_146' title='bbox 465 2412 540 2476; x_wconf 83' lang='lat'>411.</span> 
     </span>
    </p>
   </div>
   <div class='ocr_carea' id='block_1_7' title="bbox 126 2619 1319 3027">
    <p class='ocr_par' dir='ltr' id='par_1_7' title="bbox 126 2619 1319 3027">
     <span class='ocr_line' id='line_1_19' title="bbox 174 2619 1318 2700; baseline 0.003 -16"><span class='ocrx_word' id='word_1_147' title='bbox 174 2643 218 2697; x_wconf 76' lang='grc' dir='ltr'>π,</span> <span class='ocrx_word' id='word_1_148' title='bbox 255 2619 328 2688; x_wconf 82' lang='lat'><strong>175.</strong></span> <span class='ocrx_word' id='word_1_149' title='bbox 376 2628 501 2686; x_wconf 81' lang='grc' dir='ltr'><strong><em>Πολλῶν</em></strong></span> <span class='ocrx_word' id='word_1_150' title='bbox 530 2623 562 2686; x_wconf 78' lang='grc' dir='ltr'>δὲ</span> <span class='ocrx_word' id='word_1_151' title='bbox 593 2621 837 2700; x_wconf 71' lang='grc' dir='ltr'><strong><em>κατορθωμάτων</em></strong></span> <span class='ocrx_word' id='word_1_152' title='bbox 869 2621 964 2694; x_wconf 71' lang='grc' dir='ltr'><strong><em>αἴτιος</em></strong></span> <span class='ocrx_word' id='word_1_153' title='bbox 998 2621 1131 2699; x_wconf 80' lang='grc' dir='ltr'><strong><em>ἔμελλεν</em></strong></span> <span class='ocrx_word' id='word_1_154' title='bbox 1160 2622 1279 2688; x_wconf 68' lang='lat' dir='ltr'>locutas</span> <span class='ocrx_word' id='word_1_155' title='bbox 1304 2626 1318 2688; x_wconf 83' lang='grc' dir='ltr'><strong><em>ύ</em></strong></span> 
     </span>
     <span class='ocr_line' id='line_1_20' title="bbox 126 2726 1319 2817; baseline 0.002 -25"><span class='ocrx_word' id='word_1_156' title='bbox 126 2726 364 2807; x_wconf 75' lang='grc' dir='ltr'><strong><em>ἆναγνωρνομύς</em></strong></span> <span class='ocrx_word' id='word_1_157' title='bbox 392 2727 634 2812; x_wconf 74' lang='lat' dir='ltr'>(Telemachum</span> <span class='ocrx_word' id='word_1_158' title='bbox 654 2732 738 2793; x_wconf 86' lang='lat' dir='ltr'>inter</span> <span class='ocrx_word' id='word_1_159' title='bbox 757 2734 788 2792; x_wconf 89' lang='lat' dir='ltr'>et</span> <span class='ocrx_word' id='word_1_160' title='bbox 801 2732 955 2815; x_wconf 82' lang='lat' dir='ltr'>patrem),</span> <span class='ocrx_word' id='word_1_161' title='bbox 971 2732 1009 2801; x_wconf 79' lang='grc' dir='ltr'>ὥς</span> <span class='ocrx_word' id='word_1_162' title='bbox 1022 2730 1055 2793; x_wconf 80' lang='grc' dir='ltr'>ἐκ</span> <span class='ocrx_word' id='word_1_163' title='bbox 1068 2730 1189 2810; x_wconf 80' lang='grc' dir='ltr'><strong><em>Φύσεως</em></strong></span> <span class='ocrx_word' id='word_1_164' title='bbox 1202 2727 1245 2806; x_wconf 79' lang='grc' dir='ltr'>ἦν.</span> <span class='ocrx_word' id='word_1_165' title='bbox 1260 2730 1319 2817; x_wconf 85' lang='grc' dir='ltr'>(Η)</span> 
     </span>
     <span class='ocr_line' id='line_1_21' title="bbox 126 2833 1318 2921; baseline 0.002 -21"><span class='ocrx_word' id='word_1_166' title='bbox 126 2833 257 2900; x_wconf 87' lang='lat' dir='ltr'>Ultima</span> <span class='ocrx_word' id='word_1_167' title='bbox 282 2835 366 2900; x_wconf 91' lang='lat' dir='ltr'>mihi</span> <span class='ocrx_word' id='word_1_168' title='bbox 394 2841 478 2900; x_wconf 89' lang='lat' dir='ltr'>certe</span> <span class='ocrx_word' id='word_1_169' title='bbox 509 2856 603 2901; x_wconf 87' lang='lat' dir='ltr'>sensu</span> <span class='ocrx_word' id='word_1_170' title='bbox 634 2855 723 2902; x_wconf 88' lang='lat' dir='ltr'>caasa</span> <span class='ocrx_word' id='word_1_171' title='bbox 742 2843 833 2912; x_wconf 89' lang='lat' dir='ltr'>sunt,</span> <span class='ocrx_word' id='word_1_172' title='bbox 860 2857 954 2921; x_wconf 91' lang='lat' dir='ltr'>quem</span> <span class='ocrx_word' id='word_1_173' title='bbox 978 2838 1023 2901; x_wconf 88' lang='lat' dir='ltr'>sic</span> <span class='ocrx_word' id='word_1_174' title='bbox 1045 2839 1258 2904; x_wconf 87' lang='lat' dir='ltr'>restituerim:</span> <span class='ocrx_word' id='word_1_175' title='bbox 1280 2840 1318 2912; x_wconf 78' lang='grc' dir='ltr'>ὡς</span> 
     </span>
     <span class='ocr_line' id='line_1_22' title="bbox 127 2940 625 3027; baseline 0.004 -21"><span class='ocrx_word' id='word_1_176' title='bbox 127 2940 339 3022; x_wconf 81' lang='grc' dir='ltr'><strong><em>ἔκχύτεως</em></strong></span> <span class='ocrx_word' id='word_1_177' title='bbox 363 2942 547 3027; x_wconf 79' lang='grc' dir='ltr'><strong><em>(πλύρνρς)</em></strong></span> <span class='ocrx_word' id='word_1_178' title='bbox 571 2942 625 3008; x_wconf 80' lang='grc' dir='ltr'>ὤν.</span> 
     </span>
    </p>
   </div>
   <div class='ocr_carea' id='block_1_8' title="bbox 126 3153 1319 4204">
    <p class='ocr_par' dir='ltr' id='par_1_8' title="bbox 126 3153 1319 3544">
     <span class='ocr_line' id='line_1_23' title="bbox 175 3153 1317 3250; baseline 0.007 -30"><span class='ocrx_word' id='word_1_179' title='bbox 175 3179 218 3234; x_wconf 80' lang='grc' dir='ltr'>π,</span> <span class='ocrx_word' id='word_1_180' title='bbox 244 3153 320 3250; x_wconf 77' lang='grc'><strong>292.</strong></span> <span class='ocrx_word' id='word_1_181' title='bbox 368 3155 489 3222; x_wconf 88' lang='lat' dir='ltr'>Iterum</span> <span class='ocrx_word' id='word_1_182' title='bbox 513 3157 655 3222; x_wconf 76' lang='lat' dir='ltr'>adfertur</span> <span class='ocrx_word' id='word_1_183' title='bbox 677 3177 715 3223; x_wconf 85' lang='lat' dir='ltr'>ex</span> <span class='ocrx_word' id='word_1_184' title='bbox 739 3178 803 3222; x_wconf 90' lang='lat' dir='ltr'>uno</span> <span class='ocrx_word' id='word_1_185' title='bbox 826 3158 876 3222; x_wconf 91' lang='lat' dir='ltr'>H:</span> <span class='ocrx_word' id='word_1_186' title='bbox 900 3159 961 3237; x_wconf 82' lang='grc' dir='ltr'>οὐχ</span> <span class='ocrx_word' id='word_1_187' title='bbox 986 3157 1112 3240; x_wconf 81' lang='grc' dir='ltr'><strong><em>οὶρμύζεο</em></strong></span> <span class='ocrx_word' id='word_1_188' title='bbox 1132 3161 1184 3226; x_wconf 77' lang='grc' dir='ltr'>διδ</span> <span class='ocrx_word' id='word_1_189' title='bbox 1203 3159 1317 3240; x_wconf 77' lang='grc' dir='ltr'><strong><em>βύύους</em></strong></span> 
     </span>
     <span class='ocr_line' id='line_1_24' title="bbox 126 3262 1319 3353; baseline 0.004 -24"><span class='ocrx_word' id='word_1_190' title='bbox 126 3263 182 3330; x_wconf 77' lang='grc' dir='ltr'>καὶ</span> <span class='ocrx_word' id='word_1_191' title='bbox 210 3265 244 3328; x_wconf 71' lang='grc' dir='ltr'>ἐκ</span> <span class='ocrx_word' id='word_1_192' title='bbox 267 3269 375 3343; x_wconf 76' lang='grc' dir='ltr'><strong><em>ψυχῆς</em></strong></span> <span class='ocrx_word' id='word_1_193' title='bbox 401 3262 473 3327; x_wconf 76' lang='grc' dir='ltr'><strong><em>ὄντα</em></strong></span> <span class='ocrx_word' id='word_1_194' title='bbox 498 3265 590 3338; x_wconf 80' lang='grc' dir='ltr'><strong><em>Φίλαν</em></strong></span> <span class='ocrx_word' id='word_1_195' title='bbox 616 3264 710 3339; x_wconf 82' lang='grc' dir='ltr'><strong><em>ὑμῶν.</em></strong></span> <span class='ocrx_word' id='word_1_196' title='bbox 759 3262 847 3338; x_wconf 83' lang='lat' dir='ltr'>Quae</span> <span class='ocrx_word' id='word_1_197' title='bbox 871 3267 1022 3349; x_wconf 90' lang='lat' dir='ltr'>quoniam</span> <span class='ocrx_word' id='word_1_198' title='bbox 1046 3287 1102 3351; x_wconf 86' lang='lat' dir='ltr'>per</span> <span class='ocrx_word' id='word_1_199' title='bbox 1124 3288 1158 3333; x_wconf 92' lang='lat' dir='ltr'>se</span> <span class='ocrx_word' id='word_1_200' title='bbox 1179 3274 1319 3353; x_wconf 86' lang='lat' dir='ltr'>spectata</span> 
     </span>
     <span class='ocr_line' id='line_1_25' title="bbox 126 3368 1317 3458; baseline 0.001 -19"><span class='ocrx_word' id='word_1_201' title='bbox 126 3373 314 3458; x_wconf 82' lang='lat' dir='ltr'>aenigmata</span> <span class='ocrx_word' id='word_1_202' title='bbox 349 3376 441 3454; x_wconf 88' lang='lat' dir='ltr'>sunt,</span> <span class='ocrx_word' id='word_1_203' title='bbox 474 3369 644 3436; x_wconf 86' lang='lat' dir='ltr'>Homerica</span> <span class='ocrx_word' id='word_1_204' title='bbox 676 3368 878 3447; x_wconf 85' lang='lat' dir='ltr'>evolvamus,</span> <span class='ocrx_word' id='word_1_205' title='bbox 911 3368 973 3456; x_wconf 69' lang='lat' dir='ltr'>huo</span> <span class='ocrx_word' id='word_1_206' title='bbox 1002 3379 1141 3456; x_wconf 88' lang='lat' dir='ltr'>spectare</span> <span class='ocrx_word' id='word_1_207' title='bbox 1158 3375 1317 3440; x_wconf 88' lang='lat' dir='ltr'>dicuntur.</span> 
     </span>
     <span class='ocr_line' id='line_1_26' title="bbox 126 3475 646 3544; baseline -0.006 0"><span class='ocrx_word' id='word_1_208' title='bbox 126 3478 176 3544; x_wconf 86' lang='lat' dir='ltr'>lbi</span> <span class='ocrx_word' id='word_1_209' title='bbox 201 3476 313 3543; x_wconf 87' lang='lat' dir='ltr'>Ulixes</span> <span class='ocrx_word' id='word_1_210' title='bbox 334 3477 375 3542; x_wconf 90' lang='lat' dir='ltr'>ad</span> <span class='ocrx_word' id='word_1_211' title='bbox 400 3475 646 3543; x_wconf 84' lang='lat' dir='ltr'>Telemachum:</span> 
     </span>
    </p>

    <p class='ocr_par' dir='ltr' id='par_1_9' title="bbox 286 3582 1147 3772">
     <span class='ocr_line' id='line_1_27' title="bbox 286 3582 1147 3665; baseline 0.002 -16"><span class='ocrx_word' id='word_1_212' title='bbox 286 3584 467 3665; x_wconf 72' lang='grc' dir='ltr'><strong><em>Τηλέμαχ’,</em></strong></span> <span class='ocrx_word' id='word_1_213' title='bbox 494 3583 528 3648; x_wconf 90' lang='grc' dir='ltr'>ού</span> <span class='ocrx_word' id='word_1_214' title='bbox 550 3608 585 3648; x_wconf 78' lang='grc' dir='ltr'>τε</span> <span class='ocrx_word' id='word_1_215' title='bbox 609 3583 686 3648; x_wconf 78' lang='grc' dir='ltr'><strong><em>ἔοικε</em></strong></span> <span class='ocrx_word' id='word_1_216' title='bbox 707 3584 800 3664; x_wconf 75' lang='lat' dir='ltr'>otae</span> <span class='ocrx_word' id='word_1_217' title='bbox 823 3582 931 3661; x_wconf 76' lang='grc' dir='ltr'><strong><em>πατέρ’</em></strong></span> <span class='ocrx_word' id='word_1_218' title='bbox 955 3583 1032 3649; x_wconf 76' lang='grc' dir='ltr'><strong><em>ἔνδον</em></strong></span> <span class='ocrx_word' id='word_1_219' title='bbox 1058 3586 1147 3651; x_wconf 79' lang='grc' dir='ltr'><strong><em>ἕύντοο</em></strong></span> 
     </span>
     <span class='ocr_line' id='line_1_28' title="bbox 286 3690 1071 3772; baseline 0 -17"><span class='ocrx_word' id='word_1_220' title='bbox 286 3691 359 3756; x_wconf 76' lang='lat' dir='ltr'>obre</span> <span class='ocrx_word' id='word_1_221' title='bbox 381 3714 411 3755; x_wconf 87' lang='grc' dir='ltr'>το</span> <span class='ocrx_word' id='word_1_222' title='bbox 436 3690 604 3772; x_wconf 75' lang='grc' dir='ltr'><strong><em>ύαυμύζεον</em></strong></span> <span class='ocrx_word' id='word_1_223' title='bbox 630 3691 785 3770; x_wconf 79' lang='grc' dir='ltr'><strong><em>τορούοοον</em></strong></span> <span class='ocrx_word' id='word_1_224' title='bbox 808 3690 872 3755; x_wconf 83' lang='grc' dir='ltr'><strong><em>οὔτ’</em></strong></span> <span class='ocrx_word' id='word_1_225' title='bbox 896 3690 1071 3766; x_wconf 80' lang='grc' dir='ltr'><strong><em>οὶγύαούαν.</em></strong></span> 
     </span>
    </p>

    <p class='ocr_par' dir='ltr' id='par_1_10' title="bbox 126 3796 1318 4204">
     <span class='ocr_line' id='line_1_29' title="bbox 171 3796 1316 3885; baseline 0.002 -21"><span class='ocrx_word' id='word_1_226' title='bbox 171 3796 223 3864; x_wconf 89' lang='lat' dir='ltr'>Ad</span> <span class='ocrx_word' id='word_1_227' title='bbox 247 3796 324 3862; x_wconf 90' lang='lat' dir='ltr'>baec</span> <span class='ocrx_word' id='word_1_228' title='bbox 347 3799 450 3885; x_wconf 81' lang='lat' dir='ltr'>igitur</span> <span class='ocrx_word' id='word_1_229' title='bbox 469 3804 575 3862; x_wconf 91' lang='lat' dir='ltr'>nostra</span> <span class='ocrx_word' id='word_1_230' title='bbox 594 3796 755 3863; x_wconf 89' lang='lat' dir='ltr'>referenda</span> <span class='ocrx_word' id='word_1_231' title='bbox 766 3802 877 3882; x_wconf 90' lang='lat' dir='ltr'>putem</span> <span class='ocrx_word' id='word_1_232' title='bbox 892 3797 1038 3862; x_wconf 88' lang='lat' dir='ltr'>bifariam</span> <span class='ocrx_word' id='word_1_233' title='bbox 1051 3798 1172 3882; x_wconf 88' lang='lat' dir='ltr'>divisa,</span> <span class='ocrx_word' id='word_1_234' title='bbox 1187 3805 1224 3863; x_wconf 92' lang='lat' dir='ltr'>ut</span> <span class='ocrx_word' id='word_1_235' title='bbox 1235 3800 1316 3867; x_wconf 91' lang='lat' dir='ltr'>duae</span> 
     </span>
     <span class='ocr_line' id='line_1_30' title="bbox 126 3903 1317 3993; baseline -0.002 -19"><span class='ocrx_word' id='word_1_236' title='bbox 126 3909 241 3975; x_wconf 86' lang='lat' dir='ltr'>breves</span> <span class='ocrx_word' id='word_1_237' title='bbox 263 3903 387 3993; x_wconf 75' lang='lat' dir='ltr'>glossae</span> <span class='ocrx_word' id='word_1_238' title='bbox 410 3907 489 3972; x_wconf 84' lang='lat' dir='ltr'>sint.</span> <span class='ocrx_word' id='word_1_239' title='bbox 515 3907 602 3989; x_wconf 89' lang='lat' dir='ltr'>prior</span> <span class='ocrx_word' id='word_1_240' title='bbox 624 3907 669 3969; x_wconf 90' lang='lat' dir='ltr'>sic</span> <span class='ocrx_word' id='word_1_241' title='bbox 694 3912 860 3989; x_wconf 86' lang='lat' dir='ltr'>concepta:</span> <span class='ocrx_word' id='word_1_242' title='bbox 883 3904 916 3971; x_wconf 86' lang='grc' dir='ltr'>ού</span> <span class='ocrx_word' id='word_1_243' title='bbox 936 3928 979 3969; x_wconf 72' lang='grc' dir='ltr'>σε</span> <span class='ocrx_word' id='word_1_244' title='bbox 992 3903 1082 3992; x_wconf 76' lang='grc' dir='ltr'><strong><em>ἔοικε]</em></strong></span> <span class='ocrx_word' id='word_1_245' title='bbox 1104 3909 1162 3985; x_wconf 80' lang='grc' dir='ltr'>οὐχ</span> <span class='ocrx_word' id='word_1_246' title='bbox 1175 3905 1317 3988; x_wconf 80' lang='grc' dir='ltr'><strong><em>οὶρμόζεο,</em></strong></span> 
     </span>
     <span class='ocr_line' id='line_1_31' title="bbox 126 4009 1318 4096; baseline -0.003 -16"><span class='ocrx_word' id='word_1_247' title='bbox 126 4013 229 4081; x_wconf 78' lang='lat' dir='ltr'>altera</span> <span class='ocrx_word' id='word_1_248' title='bbox 258 4013 320 4076; x_wconf 83' lang='lat' dir='ltr'>sio:</span> <span class='ocrx_word' id='word_1_249' title='bbox 351 4012 442 4090; x_wconf 79' lang='grc' dir='ltr'><strong><em>φίλον</em></strong></span> <span class='ocrx_word' id='word_1_250' title='bbox 476 4012 585 4089; x_wconf 81' lang='grc' dir='ltr'><strong><em>πατέρ’</em></strong></span> <span class='ocrx_word' id='word_1_251' title='bbox 618 4011 696 4075; x_wconf 84' lang='grc' dir='ltr'><strong><em>ἔνδον</em></strong></span> <span class='ocrx_word' id='word_1_252' title='bbox 730 4009 835 4093; x_wconf 84' lang='grc' dir='ltr'><strong><em>ἐύντοο]</em></strong></span> <span class='ocrx_word' id='word_1_253' title='bbox 861 4010 911 4075; x_wconf 71' lang='grc' dir='ltr'>διὰ</span> <span class='ocrx_word' id='word_1_254' title='bbox 934 4012 1048 4088; x_wconf 75' lang='grc' dir='ltr'><strong><em>βούύους</em></strong></span> <span class='ocrx_word' id='word_1_255' title='bbox 1074 4013 1127 4076; x_wconf 75' lang='grc' dir='ltr'>καὶ</span> <span class='ocrx_word' id='word_1_256' title='bbox 1151 4014 1186 4077; x_wconf 86' lang='grc' dir='ltr'>ἐκ</span> <span class='ocrx_word' id='word_1_257' title='bbox 1209 4018 1318 4096; x_wconf 75' lang='grc' dir='ltr'><strong><em>ψυχῆς</em></strong></span> 
     </span>
     <span class='ocr_line' id='line_1_32' title="bbox 126 4116 1317 4204; baseline 0.001 -19"><span class='ocrx_word' id='word_1_258' title='bbox 126 4120 202 4186; x_wconf 66' lang='lat' dir='ltr'>tura</span> <span class='ocrx_word' id='word_1_259' title='bbox 214 4116 307 4199; x_wconf 78' lang='grc' dir='ltr'><strong><em>Φύλον</em></strong></span> <span class='ocrx_word' id='word_1_260' title='bbox 320 4119 416 4202; x_wconf 81' lang='grc' dir='ltr'><strong><em>ὑμῶν,</em></strong></span> <span class='ocrx_word' id='word_1_261' title='bbox 431 4138 492 4201; x_wconf 88' lang='lat' dir='ltr'>qua</span> <span class='ocrx_word' id='word_1_262' title='bbox 504 4118 763 4203; x_wconf 86' lang='lat' dir='ltr'>interpretatione</span> <span class='ocrx_word' id='word_1_263' title='bbox 774 4117 858 4182; x_wconf 89' lang='lat' dir='ltr'>nihil</span> <span class='ocrx_word' id='word_1_264' title='bbox 870 4121 1000 4202; x_wconf 88' lang='lat' dir='ltr'>reperiri</span> <span class='ocrx_word' id='word_1_265' title='bbox 1013 4124 1117 4203; x_wconf 89' lang='lat' dir='ltr'>potest</span> <span class='ocrx_word' id='word_1_266' title='bbox 1128 4123 1317 4204; x_wconf 88' lang='lat' dir='ltr'>perversius.</span> 
     </span>
    </p>
   </div>
   <div class='ocr_carea' id='block_1_9' title="bbox 168 4324 1319 4505">
    <p class='ocr_par' dir='ltr' id='par_1_11' title="bbox 168 4324 1319 4505">
     <span class='ocr_line' id='line_1_33' title="bbox 168 4324 1319 4421; baseline 0.006 -24"><span class='ocrx_word' id='word_1_267' title='bbox 168 4357 213 4406; x_wconf 78' lang='grc' dir='ltr'>π,</span> <span class='ocrx_word' id='word_1_268' title='bbox 252 4333 328 4398; x_wconf 87' lang='grc'><strong>429.</strong></span> <span class='ocrx_word' id='word_1_269' title='bbox 376 4332 534 4418; x_wconf 91' lang='lat' dir='ltr'>Penelope</span> <span class='ocrx_word' id='word_1_270' title='bbox 571 4336 654 4398; x_wconf 89' lang='lat' dir='ltr'>irata</span> <span class='ocrx_word' id='word_1_271' title='bbox 691 4324 830 4399; x_wconf 85' lang='lat' dir='ltr'>Antinoo</span> <span class='ocrx_word' id='word_1_272' title='bbox 861 4336 1045 4420; x_wconf 85' lang='lat' dir='ltr'>exprobrat,</span> <span class='ocrx_word' id='word_1_273' title='bbox 1077 4343 1200 4421; x_wconf 90' lang='lat' dir='ltr'>patrem</span> <span class='ocrx_word' id='word_1_274' title='bbox 1225 4359 1319 4403; x_wconf 91' lang='lat' dir='ltr'>suum</span> 
     </span>
     <span class='ocr_line' id='line_1_34' title="bbox 1143 4456 1175 4505; baseline -0.031 0"><span class='ocrx_word' id='word_1_275' title='bbox 1143 4456 1175 4505; x_wconf 80' lang='lat' dir='ltr'>aa</span> 
     </span>
    </p>
   </div>
   <div class='ocr_carea' id='block_1_10' title="bbox 0 0 1494 4950">
    <p class='ocr_par' dir='ltr' id='par_1_12' title="bbox 0 0 1494 4950">
     <span class='ocr_line' id='line_1_35' title="bbox 0 0 1494 4950; baseline 0 2"><span class='ocrx_word' id='word_1_276' title='bbox 0 0 1494 4950; x_wconf 95' lang='lat' dir='ltr'> </span> 
     </span>
    </p>
   </div>
  </div>
 </body>
</html>
