2978 4950
780 39 848 100 284

216 226 303 289 mate
338 219 462 302 ἄγασθε
499 218 601 300 dedit,
640 229 725 288 recte
756 222 844 289 idern
874 219 1057 287 lacunulam
1097 214 1240 305 explevit
1279 234 1336 302 par
1364 210 1489 289 ιδ-

216 330 360 407 τιμᾶσθε.
408 329 575 393 Praeterea
604 327 689 394 idem
718 331 834 396 vitium
859 329 908 393 bie
931 314 1141 393 commissum
1166 320 1447 411 corrigendum

217 434 359 515 ἄγκσδετ
379 436 417 507 ὦς
438 434 601 519 δύνασθε,
621 441 674 500 τοῦ
696 434 833 516 δευτέρον
854 431 875 498 ἆ
896 430 1159 511 συστελλομένου,
1172 436 1204 498 ot
1222 429 1258 494 in
1275 428 1404 495 Homu

214 563 308 609 versu
333 540 427 628 (119)
450 540 563 607 allato:
589 546 673 615 ιεκϊς
698 541 864 620 ἀγάασθε.

262 779 295 833 ε,
327 753 401 819 130.
437 753 588 835 Queritur
611 752 767 841 Calypso:
792 754 843 818 τὸν
867 755 923 833 μὲν
947 755 1025 832 ἐγὼν
1049 751 1175 819 teriaca
1198 751 1267 832 περὶ
1291 749 1479 839 τρόπιος

215 860 380 939 βεβαῶτες.
415 858 580 926 Habemus
612 860 651 925 sd
683 861 760 925 haec
795 861 969 926 Aristonici
992 866 1116 924 notam:
1140 854 1187 923 ὅτι
1210 857 1280 923 aad
1304 871 1474 948 γενιιςῆ

215 967 283 1031 ἀντὶ
309 965 446 1042 δοτικῆς,
470 967 540 1030 ἀντὶ
564 971 617 1031 τοῦ
642 967 874 1047 προβεβηκότα
899 976 937 1048 τῇ
961 966 1090 1046 τροτιδι.
1107 963 1288 1052 (BEPQT).
1308 962 1468 1045 Verba

215 1069 261 1138 dm
297 1074 369 1156 xci,
400 1073 434 1137 in
464 1071 531 1138 solo
562 1072 590 1137 P
622 1078 764 1156 servata,
797 1076 830 1137 in
863 1071 1058 1158 adoptare
1082 1071 1211 1146 desunt,
1239 1090 1463 1156 eorumque

214 1179 284 1246 loco
326 1183 360 1244 in
403 1178 431 1243 T
478 1186 605 1244 tantum
649 1183 666 1253 η
709 1179 838 1266 legitur.
898 1178 936 1243 In
980 1180 1096 1263 quibus
1138 1177 1217 1262 quid
1260 1177 1313 1241 κιιδ
1345 1181 1457 1253 sibi

215 1285 313 1369 uelit,
345 1305 406 1351 non
440 1288 488 1351 ita
530 1286 622 1351 facile
653 1285 819 1351 intellectu
853 1292 910 1351 est.
958 1286 1159 1370 Quapropter
1181 1286 1327 1360 coniicio,
1352 1293 1453 1357 sod

216 1391 399 1458 dubitanter
422 1391 613 1470 admodum,
638 1392 837 1458 inserendam
860 1413 927 1458 esse
949 1391 1098 1459 voculam
1118 1396 1188 1475 νῦν,
1208 1397 1247 1456 ut
1264 1390 1408 1477 legatur·
1432 1414 1448 1459 2

214 1494 261 1563 ὅτι
287 1498 340 1563 cccl
367 1499 457 1585 (νῦν)
481 1499 587 1576 pertale
611 1499 679 1562 οὶντδ
705 1498 837 1571 δοτικῆς.
884 1498 1009 1585 Nempe
1031 1501 1059 1564 si
1082 1499 1162 1564 beno
1185 1495 1445 1563 1181)οέΜή-

214 1604 338 1671 ldnderi
372 1606 568 1689 observatio,
594 1613 638 1690 (p.
671 1604 732 1689 21,
766 1604 822 1690 22)
855 1607 945 1669 eemel
974 1611 1100 1670 tantum
1129 1605 1344 1669 Aristonicum
1362 1603 1444 1668 de

214 1712 391 1778 Aristarchi
426 1715 583 1777 sententia
618 1715 802 1799 genetivum
838 1733 895 1798 pro
931 1712 1039 1776 dativo
1073 1713 1107 1775 in
1125 1760 1129 1767 .
1144 1710 1282 1777 Homeri
1310 1708 1442 1774 liade

215 1821 357 1904 positum
382 1819 547 1885 adnotasse
571 1819 610 1884 ad
631 1828 644 1882 1
665 1818 750 1903 242,
770 1821 953 1903 saepissime
973 1812 1444 1899 eontrariumnonateud«

213 1923 267 1989 hic
290 1945 346 2010 per
367 1924 559 2009 particulam
586 1930 636 1989 νῦν
659 1927 787 1988 alterum
811 1924 995 2008 exemplum
1017 1926 1146 1988 rarioris
1165 1921 1446 2009 enallagesprv*

214 2039 364 2117 ponetur,
389 2033 480 2095 cuius
494 2069 534 2079 -
549 2033 576 2095 si
600 2040 685 2097 reete
708 2030 830 2095 vidi-
845 2032 976 2095 tertium
997 2028 1102 2094 solum
1123 2028 1239 2095 addere
1258 2014 1449 2093 habau-l

214 2161 223 2203 ι
251 2138 290 2202 l:
326 2136 450 2227 aelerna
477 2138 644 2215 ἀριδείκετε
668 2144 768 2202 arev:
795 2171 844 2187 --
864 2138 899 2200 τδ
921 2137 952 2201 δὲ
975 2136 1097 2200 clreicis
1121 2135 1191 2199 ἀντὶ
1217 2133 1450 2214 capariam

213 2249 268 2309 τοῦ
291 2242 619 2328 &praecurrendum
645 2240 980 2327 cipsdsmarcircral)
1002 2242 1069 2307 κιιδ
1094 2241 1199 2327 (].Ἣ)
1225 2244 1242 2317 η
1265 2226 1452 2320 precer-‘i

214 2358 352 2415 κεῖται
387 2350 479 2414 ἀντὶ
515 2349 690 2424 δοτικῆς.
727 2348 835 2434 (HQ),
871 2358 908 2413 ut
945 2349 1043 2415 semel
1079 2352 1112 2413 in
1149 2347 1269 2432 Iliade,
1298 2346 1455 2412 tiri-:³

213 2455 355 2544 Odyssea
381 2458 476 2521 huius
499 2457 544 2521 rei
569 2459 689 2520 mentio
712 2457 796 2521 facta
820 2459 873 2520 sit.
1357 2484 1360 2496 ·

258 2693 287 2742 ε,
316 2665 391 2731 132,
428 2666 533 2752 Magis
565 2665 705 2730 exercuit
736 2669 819 2730 viros
850 2666 958 2730 doctos
989 2687 1069 2750 quae
1101 2667 1141 2731 ad
1171 2668 1257 2732 hunc
1279 2668 1457 2731 venuczss

212 2780 337 2838 servata
369 2780 417 2837 est
449 2773 610 2836 adnotatio
643 2772 761 2835 critica.
810 2772 901 2835 Dixit
930 2771 1087 2857 Calypso:
1119 2773 1188 2836 ἐπεί
1211 2775 1236 2836 ci
1260 2766 1457 2846 νῆκδοῒὲ*

213 2880 327 2957 ἀργῆτι
364 2881 493 2957 κερκυνῷ
515 2878 533 2959 ll
554 2879 629 2947 Ζεὺς
663 2875 789 2948 ἔλσας
823 2878 953 2941 ἐκέασσε
986 2877 1071 2956 μέσῳ
1104 2878 1144 2940 ἕνδ
1178 2877 1271 2942 οἴνοπι
1293 2876 1457 2951 eder&-

212 2986 263 3052 Ad
294 2985 388 3057 ἕισκς
420 2989 454 3048 in
487 2983 578 3058 HPQ
603 2984 787 3047 adnotatum
815 2992 879 3047 est:
906 2983 1067 3056 Ζηνόδοτος
1094 2985 1254 3059 „dodras”
1275 2985 1360 3063 γράφε
1408 2986 1456 3026 -=,‚

212 3091 244 3158 ol
280 3093 310 3155 dl
348 3090 503 3168 ,,ἔλσοις”·
542 3092 768 3166 ποιητικώτερον
801 3091 888 3167 γάρ,
924 3089 1017 3161 iaaac
1050 3091 1120 3166 μὲν
1150 3092 1185 3155 τὸ
1210 3090 1456 3168 recremaffiv

212 3197 331 3269 ἒλσὶσιις
365 3197 394 3261 δὲ
427 3198 461 3259 τὸ
487 3197 520 3259 ἐκ
545 3197 646 3274 χειρὸς
669 3194 804 3270 πλήξας.
853 3196 1023 3274 Quaeritur
1048 3198 1125 3281 qnid
1151 3197 1250 3263 lateat
1272 3201 1303 3262 in
1322 3193 1455 3260 ilica

211 3306 237 3370 οἱ
269 3303 310 3368 δέ.
358 3303 442 3368 Nam
475 3323 536 3367 non
568 3305 612 3365 sic
646 3302 729 3365 nudo
758 3301 914 3367 Zenodoto
947 3307 1062 3387 opponi
1086 3325 1177 3388 posse
1201 3304 1281 3370 illud
1302 3304 1323 3368 ci
1342 3282 1454 3362 352

211 3411 398 3496 praesertim
434 3411 467 3471 in
503 3409 659 3491 scriptura
691 3429 708 3471 a
739 3407 884 3490 pluribus
916 3416 1040 3492 recepta
1064 3430 1210 3495 quaeque
1232 3411 1305 3475 adeo
1324 3386 1453 3472 run·

211 3520 306 3603 gatae
338 3515 488 3578 honorem
523 3520 554 3576 et
585 3515 808 3577 auctoritatem
840 3515 995 3590 obtinuit,
1024 3535 1135 3580 omnes
1159 3517 1242 3581 mihi
1265 3514 1449 3581 deins·

212 3624 267 3706 qui
296 3621 347 3684 bis
379 3619 664 3706 grammaticorum
693 3617 836 3703 reliquiis
861 3638 987 3703 operam
1011 3629 1221 3687 navaverunt.
1267 3602 1447 3687 Dirieeael

212 3725 327 3791 saltem
363 3728 418 3810 qui
454 3725 530 3789 haec
564 3724 714 3812 collegit,
750 3726 774 3789 οἱ
806 3725 837 3788 δὲ
869 3724 959 3789 ἄλλοι
992 3726 1044 3791 vel
1069 3729 1094 3792 oi
1119 3731 1150 3794 δὲ
1175 3729 1266 3794 ἄλλοι
1288 3725 1439 3793 renea

211 3830 265 3897 vel
288 3830 392 3896 simile
416 3830 509 3916 qnid,
534 3852 573 3894 ne
596 3852 679 3894 nuno
705 3830 743 3895 ds
770 3831 841 3895 aliis
867 3831 1111 3898 difficultatibus
1132 3857 1248 3923 agam,
1273 3834 1428 3920 (qipd

211 3935 269 4013 μέν
304 3958 334 4001 v.
359 3958 386 4001 c.
422 3940 455 3999 in
492 3936 518 4015 Q
552 3936 659 4000 locum
693 3939 888 4021 verterunt),
915 3940 1031 4021 quibus
1056 3942 1177 4026 reliqua
1202 3965 1264 4009 non
1287 3940 1418 4028 optime
1448 3932 1450 3937 ’

210 4042 407 4107 cohaerentia
428 4051 626 4125 premuntur.
654 4043 718 4114 At,
747 4080 787 4090 -
814 4044 871 4106 hoe
897 4047 1035 4127 primum
1061 4049 1286 4132 expediamuS,
1308 4067 1366 4108 -ο
1389 4030 1407 4096 ἶ

211 4146 242 4214 δέ
266 4149 299 4209 in
324 4167 385 4211 uno
410 4147 618 4212 Ambrosiano
644 4169 712 4212 osse
737 4149 879 4225 videtur;
908 4151 1074 4217 Palatinus
1099 4161 1115 4229 η
1141 4156 1181 4220 δὲ
1207 4157 1296 4230 ἐλέοις
1316 4155 1343 4244 ti.
1360 4170 1386 4214 e·
1480 4203 1487 4236 ς
