2978 4950
709 216 775 285 ees
829 190 836 200 ’

147 407 267 475 donum
297 409 331 473 οὐ
354 406 395 474 δι’
427 409 522 474 αὐτὸν
551 409 776 486 ἀνεπιτήδειον,
809 410 999 495 potiusnon
1023 407 1171 471 abnuisse
1192 406 1229 469 ut
1247 406 1308 467 οθι

144 520 238 599 iprum
258 516 399 583 alienum
421 517 621 601 putaverim:
641 516 676 580 τδ
696 515 727 580 δὲ
748 516 834 596 δῶρον
846 517 883 587 τίς
897 514 1106 587 άνειτιτήδειον
1119 511 1152 575 οὗ
1167 510 1205 575 δι’
1226 509 1308 574 αθτι

146 623 234 687 άλλά
259 621 311 687 διά
334 624 388 696 τήν
413 622 549 702 πατρίδα
574 623 762 701 άρνοιὶμενος.

193 834 226 913 δ,
250 834 327 903 612.
359 834 538 921 Respondet
573 834 755 902 Menelaus:
789 836 898 916 τοίγαρ
928 835 991 914 lyei
1021 856 1069 898 τοι
1100 836 1208 896 ταῦτα
1241 848 1308 908 perr

147 945 261 1018 στήσα.
308 941 452 1007 Verbum
483 944 530 1007 ite
562 942 754 1028 explicatur:
785 939 989 1017 μεταλλάξα.
1023 938 1087 1004 άτθ
1112 938 1145 1003 δὲ
1168 942 1226 1001 τῶν
1249 956 1308 999 στι

147 1050 162 1112 θ
171 1053 249 1126 μῶν
282 1048 341 1119 τάς
373 1046 514 1137 άμοιβάς
547 1047 728 1125 ποιουμένων
759 1050 776 1123 ή
810 1045 990 1126 μεταφορά,
1023 1043 1100 1111 ἱταν
1131 1042 1246 1126 χρυαθν
1267 1040 1308 1121 epi

145 1152 275 1233 άρρυρον
308 1156 324 1218 ιὶ
356 1152 446 1219 άλλα
471 1155 734 1219 άντικαθιστῶσιν.
761 1153 941 1238 (BEPQT.)
964 1153 1076 1238 Iteque
1098 1151 1216 1217 libram
1239 1150 1308 1235 ipsu

145 1263 415 1347 permutationem
447 1261 548 1327 faeere
579 1259 787 1347 putabimus?
817 1260 900 1327 Oum
927 1280 989 1326 non
1013 1264 1146 1345 putem,
1171 1254 1308 1322 reseribe

146 1366 225 1432 dum
260 1386 387 1433 oeuseo:
423 1366 486 1433 άτθ
518 1368 550 1433 δὲ
580 1366 639 1432 τοῖν
670 1368 837 1448 σταθμῷ
867 1367 926 1438 τάς
950 1364 1092 1444 άμοιβάι
1118 1359 1297 1442 τοιουμάννιι

147 1473 328 1589 μεταφοραί.

191 1701 228 1784 δ,
252 1699 329 1766 629.
361 1702 411 1767 Ad
443 1702 531 1780 άρχοὶ
557 1701 733 1777 μνηστήρων
756 1700 895 1785 legitur:
919 1698 1061 1778 ρενναῖίν
1086 1723 1117 1763 τι
1141 1694 1301 1774 λαμβάνει

146 1810 293 1883 ποιητής,
329 1808 382 1871 καὶ
417 1807 488 1879 τοὺς
525 1807 689 1877 κακίστους
721 1808 766 1882 μθ
798 1807 950 1885 οἱνάρχους
983 1805 1237 1883 λαμβάνειν.
1260 1800 1308 1887 (Ρθ

146 1914 321 1993 αἱρήσονται
354 1915 380 1978 οἱ
411 1914 468 1989 μὲν
499 1914 611 1992 άγαθοὶ
643 1913 695 1978 τὸν
719 1914 834 1988 άμείνιο
860 1914 885 1977 οἱ
909 1911 941 1977 δὲ
965 1918 1083 1994 Φαῦλοι
1110 1911 1163 1976 τθν
1186 1906 1308 1992 Φαυλθτ

145 2044 202 2100 ρον.
236 2020 288 2106 (P)
331 2018 473 2105 Apparet
511 2019 646 2085 aiterum
679 2019 858 2096 λαμβάνειν
890 2018 977 2083 omni
1010 2020 1133 2084 ratione
1157 2035 1308 2104 perversu

146 2148 231 2204 esse,
275 2147 376 2211 neque
420 2127 505 2191 enim
548 2123 726 2191 infinitivus
760 2126 839 2190 bene
873 2125 984 2199 hebet,
1024 2146 1128 2210 neque
1163 2122 1308 2191 verosimi

145 2239 194 2299 est
236 2233 485 2320 grammaticum
528 2233 560 2296 in
603 2238 692 2297 tanta
735 2252 984 2318 synonymorum
1021 2234 1113 2316 copia
1148 2230 1199 2295 bis
1231 2227 1308 2294 eodei

145 2338 243 2404 verbo
271 2340 305 2402 in
335 2339 524 2404 brevissimo
555 2336 724 2403 intervallo
752 2359 847 2402 usum
872 2359 949 2403 esse.
998 2335 1184 2402 Secundum
1207 2332 1308 2400 Dindoi

145 2442 221 2508 iium
258 2444 479 2520 „scribendum
510 2443 624 2509 collato
648 2443 817 2509 Eustathio
841 2464 871 2528 p.
899 2442 1003 2527 1512,
1029 2441 1092 2510 27:
1119 2442 1164 2514 μή
1189 2439 1308 2521 άνάρχου

146 2551 279 2615 θέλειν
303 2550 485 2626 διάγειν,
511 2551 686 2624 αἱρήσονται
710 2551 748 2614 δὲ
769 2552 794 2613 οἱ
827 2550 883 2625 μίν
911 2550 984 2613 -.”
1021 2549 1093 2614 Hoe
1127 2549 1308 2613 verissimum

147 2658 266 2742 (omnis
298 2660 398 2738 enim,
431 2677 511 2740 qnae
544 2655 709 2755 Palatinus
741 2657 792 2721 hie
817 2666 852 2720 nt
877 2678 1002 2740 semper
1025 2656 1238 2719 Ambrosieno
1260 2654 1308 2716 inte

145 2766 233 2851 grior
255 2763 402 2837 exhibet,
429 2766 545 2826 inserto
569 2761 600 2825 δέ
625 2763 838 2827 continuanda
860 2784 927 2826 esse
952 2761 1004 2826 vei
1033 2762 1153 2845 absque
1181 2756 1308 2825 Eustetbi

144 2870 262 2933 indioio
290 2890 383 2933 nemo
415 2889 476 2932 non
507 2869 631 2937 videat.
662 2890 745 2931 nune
776 2869 871 2932 huius
895 2890 953 2953 ope
978 2871 1043 2932 iam
1069 2867 1308 2952 explorstumes

145 2984 177 3039 et
208 2975 462 3057 comprobatum)
495 2973 575 3037 illud
607 2994 667 3037 non
708 2988 764 3037 est.
813 2973 924 3056 Neque
956 2975 1040 3037 enim
1078 2975 1203 3057 optime
1235 2970 1308 3034 decu

145 3088 219 3145 runt
249 3083 327 3144 ista:
361 3079 373 3141 θ
407 3081 531 3151 ποιητής
563 3081 702 3154 γενναὶθν
733 3104 762 3141 τι
788 3079 969 3155 λαμβάνει,
997 3104 1024 3141 ιι.
1051 3104 1081 3142 τ.
1108 3081 1267 3146 κακίστους
1284 3072 1308 3148 pi

144 3186 299 3264 άνάρχους
331 3185 427 3249 θέλειν
462 3185 599 3261 διάγειν,
632 3207 688 3249 neo
718 3185 835 3249 habent
868 3192 1052 3249 consuetam
1083 3187 1118 3248 in
1142 3184 1194 3248 his
1218 3174 1308 3247 dioenffi

143 3294 298 3366 formum,
328 3313 385 3355 neo
417 3291 479 3355 dno
504 3291 599 3355 verba
623 3311 679 3353 cur
703 3291 876 3354 exciderint
900 3291 1002 3354 video.
1052 3290 1160 3354 immo
1186 3292 1248 3354 iam
1268 3282 1308 3349 uu·

144 3397 254 3462 stethii
288 3397 384 3461 codex
416 3396 495 3459 mihi
528 3399 660 3460 vitiosus
691 3396 723 3458 in
754 3398 802 3458 his
827 3396 923 3460 fuisse
951 3397 1079 3461 videtur
1104 3417 1206 3481 eaque
1227 3391 1302 3459 vern

145 3511 180 3567 ut
205 3504 408 3587 saepissime,
436 3503 474 3566 ab
503 3502 571 3586 ipso
596 3502 750 3584 prosecta,
779 3504 824 3563 ita
848 3510 956 3565 temen
979 3510 1016 3564 ut
1037 3523 1098 3564 uon
1120 3501 1216 3588 longe
1235 3496 1308 3563 absin

144 3610 183 3673 ab
219 3629 272 3684 ee,
304 3609 386 3692 quod
420 3611 631 3693 antiquiorem
663 3610 912 3693 grammaticum
947 3628 1056 3672 revera
1092 3609 1251 3692 scripsisse
1278 3617 1308 3663 ⁸11¹

143 3718 253 3798 spicer.
301 3714 424 3796 Nempe
455 3714 532 3778 hoo:
566 3712 705 3790 γενναῖόν
737 3738 766 3775 τι
794 3712 955 3789 λαμβάνει
981 3714 993 3776 θ
1019 3713 1168 3789 ποιητής,
1195 3711 1243 3776 καὶ
1264 3704 1308 3770 τίνι

144 3823 307 3889 κακίστους
328 3824 371 3895 μή
393 3819 545 3899 άνάρχους
568 3820 722 3895 εἰσάγω
734 3845 759 3884 ν.
772 3820 948 3899 αἱρήσονται
970 3819 1009 3882 δὲ
1029 3822 1055 3882 οἱ
1069 3822 1127 3894 μὲν
1141 3816 1252 3895 syxto
1264 3822 1308 3874 κτλ

189 4028 225 4099 δ,
263 4026 339 4090 646.
376 4030 532 4092 Antinous
566 4027 729 4092 Noemona
763 4030 956 4113 interrogat:
991 4026 1009 4099 ή
1041 4052 1076 4091 σε
1109 4029 1166 4109 βίῃ
1200 4023 1308 4091 esem

144 4132 268 4208 άπήιίρα
293 4140 349 4205 νῆα
369 4135 532 4207 μέλαιναν,
543 4140 556 4206 ’ᾗ
570 4134 601 4204 nt
623 4133 693 4195 ἑκὼν
715 4133 739 4195 οἱ
753 4132 850 4201 δῶκας
862 4156 870 4205 ;
884 4136 928 4197 Ac
942 4153 1004 4196 nou
1017 4142 1140 4199 temere
1153 4136 1199 4199 sic
1212 4138 1308 4198 intem

144 4246 218 4321 get,
243 4235 312 4310 ἱνα,
340 4240 370 4300 εἱ
396 4239 452 4311 μὲν
476 4238 550 4301 ἑκὼν
574 4235 590 4317 ᾖ
616 4237 765 4309 δεδωκάς,
792 4238 1035 4314 Φυλάττήται
1061 4242 1101 4311 ὥς
1126 4241 1221 4315 Φίλον
1240 4244 1308 4309 Tiri!

143 4340 253 4420 μάχου
286 4343 336 4405 τὸν
370 4345 534 4420 Νοήμονα·
567 4343 600 4406 εἱ
630 4342 660 4405 δὲ
686 4340 877 4417 βιασάμενος
903 4342 1005 4423 ἔχοι,
1033 4347 1175 4410 κάκεΐνον
1202 4336 1308 4425 συνιρρί
