2978 4950
715 167 781 241 loo

150 363 297 445 nomina,
334 397 375 410 -
411 366 573 428 remaneat
604 361 813 429 difficultatis.
859 365 1134 451 Argumentorum
1166 363 1246 429 ratio
1265 362 1325 429 him

150 472 326 554 repetenda.
375 468 401 533 Ε
431 472 609 534 narratione
640 470 679 535 de
702 469 821 536 Iunone
845 491 863 536 a
886 471 962 538 Iove
985 474 1096 538 vincta
1120 477 1154 536 et
1175 491 1325 557 suspensa,

149 597 245 661 quam
280 596 364 640 nunc
398 579 611 661 persequitur,
648 575 831 643 Heraclitus
865 577 1030 656 extundit,
1067 578 1250 645 Homerum
1277 598 1326 644 non

149 689 274 750 tantum
305 687 456 767 quattuor
489 681 646 749 elementa
677 690 749 749 ante
781 683 984 770 philosophos
1016 685 1149 773 cognita
1176 685 1325 762 habuitne,

149 786 232 878 quod
255 795 287 856 et
310 811 349 854 ex
372 788 443 853 aliis
465 789 544 855 locis
566 789 673 868 elicit,
698 790 753 855 sed
776 794 963 875 praesertim
987 791 1032 856 sic
1053 790 1227 878 allegorice
1244 813 1326 856 οσσνιι

149 901 279 964 adam
301 916 472 983 proponere
495 895 644 964 voluisse.
679 896 769 963 Idem
793 899 856 962 lam
880 902 913 963 in
936 898 1201 964 antecedentibus
1223 900 1326 984 raptim

148 1005 352 1072 indicaverat.
400 1005 471 1084 Περί
505 1005 561 1082 μὲν
586 1006 643 1069 τῶν
665 1001 763 1084 Ἠροις
789 1003 924 1083 δεσμῶν,
950 1005 988 1069 ἐν
1011 999 1071 1077 οίς
1095 1006 1115 1079 ἡ
1139 1003 1259 1083 τάξις
1278 1007 1326 1079 lt·

148 1110 378 1193 λκρίρνρτοιι
411 1118 484 1176 τῶν
515 1111 724 1192 τεττοίρων
755 1113 990 1192 στοιχείων,
1022 1112 1232 1193 εὐκαιρότερον
1255 1105 1326 1181 adse

149 1221 282 1298 ἐροῦμεν.
309 1220 352 1303 (p.
378 1216 445 1293 48.)
472 1217 534 1283 His
552 1218 722 1305 Heyniana
743 1221 923 1285 coniectura
941 1221 1018 1284 satie
1037 1217 1123 1285 fulta
1139 1221 1211 1285 erit
1234 1217 1326 1283 Meam

148 1330 195 1392 sic
218 1326 403 1392 delendam:
430 1325 507 1397 Ζεὺς
530 1324 594 1405 γὰρ
618 1360 638 1375 -
651 1361 671 1376 -
696 1327 754 1391 ὑπὸ
778 1331 836 1390 τῶν
865 1324 970 1391 ἄλλων
994 1325 1237 1404 ίπιβονλείετοιι
1258 1347 1323 1389 στσι·

148 1434 259 1517 χείων,
289 1429 387 1512 Ἦρσις
419 1432 475 1509 μὲν
506 1437 560 1496 τοῦ
592 1432 695 1516 οίίρσς,
727 1433 908 1506 Ποσειδῶνος
940 1433 971 1497 δὲ
995 1439 1050 1505 τῆς
1076 1433 1176 1513 ὑγρᾶς
1200 1433 1325 1514 Φύσεως,

149 1541 313 1613 'Alanis
337 1538 376 1602 δὲ
403 1546 473 1611 τῆς
507 1544 600 1615 γῆς·
628 1539 717 1602 ἐπεί
744 1538 990 1617 δημιουργός
1015 1541 1121 1604 ἐστιν
1146 1537 1325 1604 daciscae

149 1646 201 1711 κοί
226 1646 288 1719 θεὸς
313 1643 444 1723 terdon,
469 1646 513 1730 (p.
539 1644 606 1729 53.)
631 1651 664 1710 et
691 1644 744 1712 vel
770 1647 921 1712 disertius
943 1668 971 1732 p.
999 1644 1062 1713 87:
1086 1646 1182 1712 κοινὸν
1207 1645 1239 1711 δὲ
1261 1646 1325 1710 τίν-

148 1775 206 1818 rna
237 1751 289 1817 κοί
320 1749 513 1829 έδριιιίποτον
543 1752 729 1832 ιίπεφιίνσιτο
753 1760 906 1834 στοιχεῖον
929 1749 1006 1818 είνσσι
1030 1754 1100 1829 τίρν
1125 1761 1220 1832 γῆν,
1242 1750 1325 1829 dora

148 1860 253 1924 ἓστίοιν
277 1858 364 1936 τινοί,
389 1860 459 1933 τίρν
483 1854 678 1923 reiciant
703 1858 966 1940 δημιουργόν.
1013 1857 1101 1926 Satis
1124 1865 1250 1945 aperte,
1270 1860 1325 1944 opi·

147 1987 221 2043 nor,
247 1975 331 2031 terra
353 1963 552 2050 praedicatur
574 1967 609 2030 τὸ
634 1964 758 2030 ποίνπων
781 1967 960 2047 δημιουργὸν
984 1973 1147 2049 στοιχεῖον.

192 2072 321 2161 Pergit:
343 2070 419 2145 Ζεὺς
440 2071 537 2136 τοίνυν
558 2071 572 2134 ί
592 2078 706 2150 πρῶτος
724 2072 776 2138 τὸν
791 2075 903 2139 ἑαυτοῦ
923 2072 1000 2153 σίέρσι
1019 2074 1207 2152 κστιίρτνρκε.
1226 2073 1325 2154 στερκί

147 2179 174 2245 δ’
203 2178 335 2257 ἄκμονες
365 2179 421 2243 ὑπὸ
454 2186 525 2249 τοῖς
559 2178 715 2260 ἐσχάτοις
748 2180 833 2261 οίίρσς
866 2180 1017 2259 βάσεσιν,
1049 2177 1124 2260 ὕδωρ
1147 2204 1185 2245 τε
1209 2181 1260 2247 κσί
1280 2187 1325 2258 ri.

146 2284 273 2351 Scholia
303 2284 357 2351 vel
387 2284 588 2350 mendosius:
623 2287 806 2360 aerternae.
853 2285 1064 2353 scribendum
1095 2293 1223 2353 mutata
1245 2289 1327 2352 inter·

147 2394 335 2476 punctione,
371 2391 468 2476 (apud
499 2390 680 2457 Mehlernm
706 2400 778 2478 post
801 2395 976 2472 κστιίρτνκε
999 2397 1157 2478 punctum
1182 2399 1247 2470 eet,
1266 2398 1327 2479 post

148 2507 191 2577 γῆ
225 2500 324 2563 miror
358 2500 499 2581 incisio,)
533 2500 608 2569 Ζεὺς
638 2499 735 2564 τοίνυν
773 2505 924 2578 πρῶτον
958 2501 1108 2566 ἑαυτοῦ
1142 2502 1210 2566 τίν
1240 2501 1325 2580 ιίίρκ

147 2610 337 2687 κοτήρτνρκε,
367 2606 478 2684 στερεοί
511 2607 536 2671 δ’
568 2606 699 2683 ἄκμονες
735 2609 790 2671 ὑπὸ
819 2616 889 2677 ταῖς
914 2609 1069 2690 ἐσχάτοις
1096 2609 1183 2686 σὶέρος
1208 2607 1326 2685 βάσεσίι

148 2715 276 2801 (εἰσιν)
303 2712 376 2792 ὕδωρ
402 2737 435 2775 τε
461 2713 515 2775 καί
540 2721 592 2790 γῆ.
640 2713 769 2778 Partem
795 2717 861 2779 veri
886 2723 917 2780 et
945 2717 1088 2801 Heynius
1115 2715 1201 2779 vidit
1219 2721 1249 2780 et
1268 2720 1326 2799 post

146 2843 220 2886 eum
245 2820 419 2886 Mehlerue.
465 2821 512 2884 At
531 2842 588 2884 our
607 2821 690 2904 quod
711 2822 925 2906 reponendum
947 2822 1101 2885 duximus
1120 2843 1234 2888 verum
1254 2840 1326 2906 pree

147 2925 291 2992 dicaturl
322 2927 392 2991 Non
424 2929 522 2991 nimis
554 2928 743 2992 immodeste
775 2950 824 2992 me
857 2929 914 2993 hoc
938 2927 1126 3004 affirmasse,
1154 2928 1207 2993 vel
1230 2950 1266 2994 ex
1286 2928 1326 2991 his

145 3035 251 3099 verbis
282 3041 430 3118 apparet,
463 3055 542 3119 quae
575 3037 683 3118 paucis
707 3037 880 3098 interiectis
904 3042 1097 3119 sequuntur:
1124 3036 1208 3100 πσίνυ
1233 3034 1265 3108 δὴ
1287 3057 1325 3096 πι-

145 3143 259 3225 devoir,
294 3144 361 3205 καθ’
393 3138 406 3205 ὃ
443 3141 531 3219 μέρος
568 3142 715 3212 οίλλνίλοις
753 3142 1009 3215 ἐπισυνίπτοιισι,
1042 3144 1180 3219 λοίγιον
1215 3142 1281 3219 μὲν
1310 3139 1321 3202 ί

146 3250 276 3325 azel„
310 3247 537 3327 ἀρχόμενος
569 3250 605 3312 δὲ
638 3248 726 3326 μετ’
760 3250 912 3313 ἐκεῖνον
945 3251 958 3313 ί
989 3250 1082 3328 arip,
1107 3255 1240 3332 χρυσοῦν
1261 3253 1322 3312 ire·

146 3357 283 3430 erclearo
308 3355 429 3432 δεσμίν.

192 3571 228 3639 Ο.
256 3574 329 3639 XLI
354 3577 397 3661 (p.
423 3573 496 3660 85):
532 3582 701 3654 Διενπορῶν
733 3575 772 3652 γέ
802 3599 846 3639 τοι
876 3575 928 3639 eal
959 3575 1008 3639 ἐπί
1040 3584 1169 3646 πολλοῖς
1201 3576 1325 3650 οὶλλνρο·

145 3686 230 3760 ρικῶς
264 3681 451 3761 παριστάναι
480 3681 664 3759 βουλόμενος
690 3682 780 3745 πουτί
807 3682 848 3745 τίς
874 3689 1034 3760 στοιχεῖν,
1061 3682 1114 3745 acl
1140 3683 1212 3758 μετ’
1235 3681 1324 3756 ὀλίγον

146 3789 175 3851 ἐν
199 3797 261 3861 τοῖς
287 3787 467 3859 Ποσειδῶνος
492 3788 563 3867 πρὸς
588 3786 663 3868 Ἶριν
687 3788 788 3865 λίνοις
813 3790 897 3853 αὐτοὶ
922 3790 1011 3853 τοῦθ’
1037 3788 1225 3868 ὑφίσταται.
1270 3786 1324 3851 Νει

146 3894 316 3979 διεοπορῶν,
349 3918 411 3960 non
442 3895 547 3960 hercle
578 3896 616 3959 de
648 3897 744 3960 trivio
776 3904 941 3980 sumptum
967 3894 1180 3972 vocabulum,
1205 3915 1262 3959 nec
1283 3890 1323 3955 ἐπί

145 4010 270 4074 πολλοῖς
302 4010 385 4067 recte
415 4003 521 4066 habet.
568 4002 652 4066 Nam
683 4002 759 4085 quid
791 4003 850 4066 sibi
881 4001 967 4067 vult:
995 4000 1161 4066 Homerus
1184 4001 1324 4064 σίνοάσιιι

147 4143 187 4154 -
213 4129 273 4191 qua
298 4109 425 4173 tandem
450 4106 504 4172 rel
530 4147 569 4156 —
597 4109 727 4173 eandem
753 4130 819 4173 rem
845 4110 969 4193 saepius
993 4105 1163 4192 proponit?
1188 4107 1248 4172 Vel
1266 4106 1323 4170 obe

147 4217 252 4279 curius
285 4224 331 4279 est
363 4217 412 4280 ἐπί
438 4224 583 4289 πολλοῖς,
609 4215 692 4300 quod
714 4237 814 4301 neque
837 4216 888 4279 aaa
913 4221 1033 4281 πολλῶν
1057 4236 1161 4300 neque
1185 4211 1322 4279 πολλάκις

147 4319 241 4388 valet.
294 4322 354 4386 Pro
378 4326 479 4406 priore
503 4326 534 4386 ln
558 4322 693 4387 Scholiie
717 4330 762 4388 eal
788 4323 952 4406 διαπορῶν,
977 4341 1033 4405 pro
1057 4319 1321 4406 posterioribnein
