2978 4950
723 237 767 305 64

145 435 252 495 tumen
284 430 458 495 secundum
489 429 656 517 analogiae
679 428 767 516 leges
790 427 963 493 formatum
986 438 1045 493 est.
1093 428 1214 509 Quidni
1237 428 1341 517 igitur

144 539 250 622 potuit
285 536 484 624 Porphyrius
520 536 655 602 dixisse:
688 538 704 610 ή
738 534 927 607 έκδιαίτητος
956 537 1041 609 μετὰ
1072 543 1132 600 τῶν
1159 535 1341 615 μνηστήρων

144 643 307 726 διατριβή,
330 663 368 708 eo
392 665 486 709 sensu
505 664 568 728 quo
585 645 711 729 saepius
732 640 976 721 ένδεδιητημένος
996 643 1065 718 βίος
1085 642 1216 726 dicitur,
1229 662 1342 728 quem·

145 748 317 814 admodum
349 749 388 814 de
418 749 528 814 eudem
560 770 594 814 rs
626 747 737 815 eodem
770 748 833 813 fere
865 748 959 813 modo
989 749 1132 834 exposite
1153 747 1343 814 Heraclitus

145 856 201 920 καί
231 881 279 925 τις
306 857 398 921 αύτόν
424 855 680 936 (Telemachum)
706 893 748 903 -
772 855 879 938 inquii
904 893 944 903 -
972 855 1129 934 ὑπέδραμε
1153 862 1213 920 τῶν
1235 877 1344 934 ymo·

146 964 243 1039 μένειν
273 961 443 1044 λογισμός,
474 964 513 1032 ὥς
544 963 598 1026 ούκ
628 960 673 1026 έπι
705 963 767 1042 χρή
798 961 1090 1040 διακαρτερεῖν
1119 961 1183 1025 έπί
1209 971 1258 1042 τῇ
1280 985 1342 1026 τε·

146 1076 317 1149 τραετιῑ
344 1075 420 1132 τῶν
444 1069 680 1147 μνηστήρων
702 1067 870 1149 α’σωτία.
895 1070 936 1151 (c.
960 1067 1054 1146 LXI,
1079 1090 1109 1153 p.
1134 1066 1198 1132 123
1221 1066 1341 1152 Mehl.)

147 1176 235 1256 Ques
271 1181 377 1241 temen
410 1177 438 1239 si
470 1177 523 1239 cui
552 1174 701 1240 audacior
723 1173 852 1238 videtur
874 1176 1072 1251 coniectura,
1095 1174 1255 1240 redimens
1278 1173 1342 1241 slis

147 1281 367 1348 emendatione
397 1303 436 1346 ex
466 1280 638 1346 eorundem
667 1280 833 1346 literarum
866 1285 1100 1366 permutatione
1130 1280 1342 1364 stabiliendo,

147 1409 210 1474 qus
230 1409 292 1453 non
313 1394 361 1452 est
378 1388 443 1453 alic
460 1389 585 1452 certior.
608 1386 792 1452 Deceucntis
812 1387 864 1452 his
883 1409 922 1452 ex
941 1387 1034 1453 Ilied.
1055 1387 1099 1464 Δ,
1117 1408 1165 1452 rs.
1180 1385 1223 1454 18
1246 1407 1339 1472 seqq:

285 1495 356 1570 ύμῖν
378 1494 435 1570 μέν
459 1495 516 1558 θεοί
541 1494 616 1560 δοῖεν
640 1494 809 1570 Ὀλύμπια
832 1495 952 1572 δώματ’
975 1492 1100 1576 ἔχοντες

286 1601 431 1678 ἐκπέρσαι
455 1599 604 1680 Πριάμοιο
627 1600 716 1664 πόλιν
740 1598 824 1666 εὗδ’
848 1600 944 1665 οἴκαδ’
968 1600 1103 1665 ἱκέσθαι·

286 1705 386 1771 παῖδα
410 1707 436 1771 δ’
460 1708 527 1781 έμοί
552 1707 649 1771 λῦσαί
671 1730 706 1771 τε
729 1708 826 1786 Φίλην
849 1707 891 1771 τιί
915 1709 944 1771 τ’
970 1704 1084 1773 όποινα
1107 1706 1275 1786 δέχεσθαι,

75 1812 80 1823 ’
148 1815 208 1882 hoc
239 1814 387 1879 Scholion
420 1814 616 1900 adscriptum
638 1821 687 1879 ssi
711 1816 745 1878 in
769 1812 847 1879 cod.
871 1813 916 1878 B:
943 1851 983 1862 --
1008 1810 1138 1880 ἅπασαν
1165 1809 1216 1878 οὖν
1240 1815 1343 1879 αύτῦν

150 1922 313 1997 ἐπιθυμίαν
337 1918 528 2000 πληρωθῆναι
553 1919 745 2000 ἐπεύχεται,
766 1923 821 1996 τήν
840 1920 942 1984 παίδιι
964 1921 1019 1998 πρό
1030 1922 1202 1998 ὀφθαλμῶν
1212 1919 1342 1998 βλέπειν

149 2027 368 2110 αίχμοίλοιτον.
403 2030 505 2099 καλῶς
541 2027 573 2092 δέ
608 2030 661 2092 ούκ
696 2027 759 2092 citi
787 2035 846 2092 τῶν
877 2035 1030 2105 λυγρῶν
1062 2025 1193 2104 ἤρξατο,
1222 2024 1273 2091 ι’να
1297 2029 1342 2102 μή

150 2140 274 2214 μᾶλλον
299 2136 411 2203 αύτούς
434 2133 655 2213 οίπηνεστέρους
680 2135 801 2215 ποιήσρ.
828 2135 844 2207 ή
869 2135 994 2212 ἀνάγκη
1019 2135 1049 2200 δέ
1074 2134 1168 2198 αὐτὸν
1187 2141 1272 2198 ποιεί
1288 2133 1341 2198 καί

149 2242 218 2311 τοὺς
243 2242 366 2313 οἰκείους
392 2242 488 2324 (τοῖο
514 2241 652 2312 οἰκείοις
673 2246 757 2306 recte
774 2239 968 2306 Villoisonus
987 2242 1136 2325 correxit)
1157 2240 1342 2317 ἐπαρᾶσθαι.

149 2347 203 2415 Sic
235 2347 318 2412 fideli
345 2347 510 2413 concordie
533 2368 607 2412 cum
632 2347 777 2412 Bekhero
800 2345 992 2414 Dindorfius.
1016 2350 1061 2413 At
1083 2348 1184 2413 honus
1204 2346 1343 2434 Chryses

149 2453 232 2518 nihil
263 2452 346 2517 dixis
377 2453 460 2538 quod
484 2451 614 2519 Graecis
637 2454 747 2530 λυγρόν
770 2453 871 2518 videri
896 2456 1011 2538 possit,
1037 2461 1069 2519 ei
1092 2475 1173 2539 quse
1194 2454 1258 2538 ipsi
1281 2454 1344 2519 for·

150 2569 232 2625 tasse
263 2561 366 2636 λυγρὰ
391 2581 457 2624 esse
480 2565 642 2645 poterent,
667 2581 704 2624 ee
726 2566 758 2624 ct
781 2558 972 2624 scholiastes
997 2561 1102 2625 verbis
1125 2559 1232 2626 elevet
1254 2560 1341 2625 etin

149 2670 218 2751 ipso
248 2669 340 2731 initio
373 2669 476 2751 posits
507 2674 591 2732 sunt.
624 2665 707 2746 Quid
732 2662 857 2730 mulis?
881 2665 1066 2753 [regendum
1093 2672 1158 2732 est:
1184 2666 1341 2736 καλῶοδέ

148 2775 201 2838 ούκ
225 2775 288 2837 οίπό
313 2776 371 2836 τῶν
395 2771 547 2852 λύτρων
567 2772 695 2849 ήρξατο,
717 2771 765 2835 ἵνα
786 2776 829 2846 μή
850 2777 973 2847 μοῖλλον
998 2773 1340 2852 αύτούςιίπηνεστέρους

148 2884 270 2960 ποιήση.
295 2880 367 2945 Νοιι
392 2880 431 2944 uh
454 2882 523 2964 ipse
549 2900 580 2943 re
604 2881 719 2963 incipit
742 2878 796 2943 sed
820 2882 981 2963 prooemio
1005 2883 1124 2956 utitur,
1151 2900 1214 2964 quo
1236 2880 1343 2945 hostes

150 2988 209 3052 sihi
233 2986 344 3051 reddet
365 2987 562 3070 propitiores.

195 3221 235 3280 α,
268 3195 343 3260 332.
377 3195 555 3282 Porphyrio
587 3203 713 3261 auctore
737 3197 880 3261 cirrium
905 3197 938 3261 ἐκ
962 3203 1020 3261 τῶν
1043 3200 1121 3262 ἐπῶν
1146 3200 1262 3265 τούτοιν
1288 3211 1342 3265 Δι·

150 3305 301 3381 καίαρχοτ
325 3304 379 3375 τήν
404 3305 477 3382 παρ’
501 3303 624 3383 Ὁμήρῳ
647 3303 839 3377 Πηνελόπην.
865 3339 881 3352 ·
902 3339 918 3352 ·
939 3341 954 3352 -
978 3304 1118 3382 οὐδαμῶς
1141 3307 1206 3386 γὰρ
1229 3307 1343 3373 εύτακ·

149 3435 200 3475 τον
235 3405 314 3474 είναί
348 3415 426 3487 Φησι
462 3409 517 3482 τήν
550 3410 746 3491 Πηνελόπην,
777 3413 884 3488 πρῶτα
915 3413 972 3487 μὲν
1003 3408 1048 3475 ότι
1074 3412 1146 3492 πρὸς
1170 3413 1342 3490 μεθύοντας

151 3516 249 3590 αὕτη
283 3518 340 3599 (sic
371 3514 421 3590 D,
454 3517 488 3579 in
518 3513 552 3578 Η
575 3553 617 3564 -
642 3536 716 3580 nem
746 3518 779 3579 in
810 3517 861 3580 his
884 3517 1007 3582 duobus
1031 3524 1158 3583 tentum
1181 3520 1343 3588 codicibus

150 3624 209 3689 hoc
229 3621 379 3687 Scholion
398 3628 560 3687 servotum
580 3629 680 3686 est-
695 3623 841 3708 expedire
860 3623 937 3688 heec
957 3645 1018 3689 non
1038 3628 1145 3712 potuit
1161 3623 1341 3706 (humerus,

150 3729 204 3795 sed
224 3730 326 3802 αύτή
349 3727 475 3805 malim)
501 3729 711 3807 παραγίνεται
730 3731 918 3805 νεανίσκους,
941 3731 1050 3795 ἔπειτα
1072 3733 1114 3811 τῷ
1134 3732 1290 3815 κρηδέμνῳ
1300 3735 1343 3800 τόι

151 3835 309 3899 κόλλιστα
342 3833 418 3912 μέρη
448 3839 501 3899 τοῦ
537 3836 694 3913 προσώπου
725 3836 902 3912 καλύψασα
933 3838 1003 3908 τοὺς
1028 3840 1210 3918 όφθαλμούς
1233 3841 1341 3917 μόνους

152 3943 341 4006 ἀπολέλοιπε
365 3941 545 4020 θεωρεῖσθαι.
572 3943 727 4020 περίεργος
754 3945 816 4019 yda
843 3945 859 4012 ή
884 3944 1012 4017 τοιαύτη
1033 3948 1271 4022 σχηματοποιία
1290 3948 1342 4012 καί

153 4048 366 4127 προσποίητος,
401 4048 420 4122 ή
451 4071 484 4110 τε
512 4050 712 4127 παράστασις
737 4055 796 4112 τῶν
820 4052 1035 4128 θεραπαινιδων
1060 4051 1219 4131 ἑκάτερθεν
1244 4055 1288 4126 είς
1308 4056 1343 4118 τὸ

153 4157 224 4219 κατ’
256 4153 366 4233 έξοχήν
399 4154 565 4232 Φαίνεσθαι
597 4158 696 4228 καλήν
719 4157 773 4218 ούκ
797 4157 1032 4229 ἀνεπιτήδευτον
1055 4159 1196 4223 δείκνυσι.
1222 4159 1344 4226 Grues

152 4259 257 4327 hercle
278 4262 532 4333 criminationes,
556 4283 634 4346 quas
658 4262 824 4327 videamus
842 4265 999 4347 quomodo
1020 4265 1123 4332 diluet
1134 4266 1343 4356 Porphyrius

154 4368 261 4447 Φαμὲν
284 4363 333 4432 ούν
357 4404 399 4415 -
423 4367 528 4452 inquit
553 4405 594 4416 -
618 4364 665 4432 ότι
688 4369 730 4431 τό
755 4368 927 4433 καθόλου
952 4367 1038 4442 έθος
1062 4372 1186 4449 α’γνοεῑν
1210 4372 1304 4439 ἔοικεν
1328 4375 1342 4439 ί
