2978 4950
709 232 774 299 1³2

146 414 195 487 οὖν
225 424 268 492 είς
297 422 464 502 οῖποφιιγίην
489 427 542 487 τοῦ
566 424 616 487 ἐπί
641 429 694 490 τοῦ
718 423 843 500 ἀνέμου.
868 423 920 488 καί
945 421 1086 501 γὰρκαὶ
1111 422 1151 486 ἐπ
1174 417 1308 486 ἄλλοιν1

145 534 261 593 τοιοῦτο
279 538 361 592 ποιεῖ
378 528 392 592 θ
412 529 497 607 ανηρ.
519 528 640 595 Iterum
653 540 677 595 Z
691 529 767 595 422.
785 532 852 611 Ὶῷι
874 533 912 594 ὡς
934 531 1018 609 σοφῷ
1041 527 1308 608 Ἀρίσταρχος.··

144 635 236 700 ἐκεῖνο
261 634 363 710 μέντοι
388 636 559 713 αναγκαῖον
583 639 775 714 προσθεῖναι,
799 633 845 701 θ’τι
869 638 904 701 σθ
933 635 966 701 ία
990 635 1164 715 βαρντθνιος
1187 633 1306 713 οὶνέγνοι

144 745 261 821 οῖνιίρ,
294 762 329 806 ac
363 744 408 806 sic
440 753 468 808 ll
500 743 584 819 415,
615 753 641 808 Σ
676 742 738 808 191
771 747 817 828 (in
841 741 916 810 Ood.
944 743 983 829 B)
1010 750 1104 808 ceett.
1140 744 1236 807 semel
1259 743 1308 807 mi‘

144 848 182 913 de
210 848 273 913 ulio
301 850 513 934 grammatico
535 848 656 914 lectum
679 856 744 933 est,
770 862 798 915 A
825 850 908 914 454:
936 851 1083 928 ε’ριίονσινε
1112 846 1308 928 προπαροξθν

145 975 216 1017 ται·
240 955 332 1018 --θ
363 954 394 1018 δὲ
426 954 572 1032 ’Λλεξίων
605 963 750 1038 περισπᾷ.
776 992 860 1006 -··
886 955 976 1021 ἔλαθε
1009 957 1040 1021 δὲ
1071 957 1138 1018 τὸν
1171 951 1298 1034 ἄνδρα

144 1059 273 1134 τοιαύτη
298 1058 408 1140 ὕφεσις
431 1066 485 1126 τοῦ
507 1067 527 1124 ῖσ
551 1064 680 1137 Ἀττικίρ
705 1058 781 1127 οὖσα
808 1098 886 1113 ·--
910 1063 961 1127 διαί
984 1085 1014 1125 τι
1035 1060 1151 1138 αἴτιον,
1174 1061 1232 1127 sed
1252 1081 1308 1146 pru

146 1173 195 1232 ter
225 1167 309 1232 hunc
338 1166 445 1233 locum
477 1189 602 1253 semper
633 1189 669 1235 uc
692 1192 776 1235 nunc
798 1190 941 1255 qnoque,
967 1177 1004 1233 ut
1027 1175 1176 1254 opertum
1200 1170 1308 1252 est‚i

147 1272 313 1360 tellegitur
334 1273 549 1339 Aristarchus.
599 1276 682 1355 Quid
706 1284 814 1341 eutem
837 1275 933 1340 hebet
957 1272 1191 1362 Etymclogusl
1216 1275 1232 1339 θ
1261 1274 1308 1352 γθ

148 1381 317 1454 ποιητίςς
362 1382 404 1460 τῷ
448 1387 623 1459 χαρακτῆρι
665 1387 789 1456 μᾶλλον
832 1383 900 1451 τοὺς
940 1383 1040 1451 τίνους
1077 1378 1255 1461 προσνέμειί
1291 1379 1308 1445 l

147 1485 324 1561 Homerus,
346 1488 374 1551 si
392 1486 586 1573 Etymologo
605 1487 697 1557 fides.
711 1492 779 1574 ipse
797 1492 939 1553 carmina
951 1510 1008 1553 suu
1021 1489 1203 1554 accentibus
1215 1492 1308 1554 notun

147 1588 207 1655 Sed
232 1593 332 1656 setius
355 1595 416 1657 erit
439 1592 634 1680 Etymologo
657 1616 741 1659 nunc
765 1595 894 1680 quidem
919 1616 981 1660 non
1004 1594 1148 1669 credere,
1173 1602 1271 1681 utque
1293 1615 1308 1660 s

147 1718 164 1762 e
187 1696 365 1786 longingus
387 1702 638 1787 peregrinatione
662 1700 701 1766 sd
725 1701 812 1765 tertii
835 1701 911 1765 libri
934 1699 1061 1766 Scholia
1085 1701 1198 1766 redire.

192 1934 226 1988 γ,
240 1909 293 1976 81.
309 1908 342 1986 ἐξ
369 1911 484 1986 Ἰθοίιιης
509 1913 666 1987 θπονηῖονε
687 1913 802 1992 ὤφειλε
822 1915 885 1990 γθιρ
907 1915 1003 1977 εἰπεῖν
1024 1917 1041 1988 ἢ
1062 1914 1308 1990 inonstantia

150 2019 262 2093 Νιίιόν,
293 2017 328 2081 πθ
364 2017 396 2083 δέ
427 2019 493 2082 ἐστι
523 2028 579 2094 τῆς
612 2021 819 2098 μεγαλονοίας
850 2027 903 2085 τοῦ
933 2027 1076 2098 ποιητοῦ,
1102 2056 1189 2071 ---
1213 2021 1263 2087 ίνα
1285 2046 1308 2086 ιο

148 2125 316 2202 θμφθτερα
342 2131 540 2190 νοοῦνται.
564 2127 626 2191 οίπθ
650 2133 707 2204 μὲν
729 2134 785 2200 τῆς
810 2127 869 2190 ὑπό
894 2127 1056 2205 προθέσεως
1080 2127 1115 2191 τὸ
1139 2133 1255 2208 Nilos,
1275 2131 1308 2193 σίι

147 2231 179 2295 δὲ
212 2240 266 2304 τῆς
298 2240 420 2309 γενικῆς
447 2236 462 2307 η
493 2234 565 2297 οῖπῖ.
597 2233 649 2317 (Β)
677 2231 833 2312 Quemvis
856 2233 949 2299 futile
971 2233 1120 2300 Scholion
1144 2237 1204 2311 sit,
1230 2242 1308 2300 nme

148 2344 308 2403 auctorem
341 2359 416 2403 oum
447 2341 596 2403 omnibus
626 2335 756 2405 Graecis
787 2341 948 2424 scripsisse
978 2340 1116 2405 arbitror
1145 2337 1195 2404 ἵνα
1221 2366 1249 2404 κ.
1275 2343 1308 2419 οῖς

147 2443 265 2524 φθτερα
290 2452 478 2522 νοῶνσαι,
504 2451 535 2510 et
559 2450 712 2523 νοοῦνσαι,
732 2448 792 2511 etsi
809 2444 1000 2511 Buttmanni
1020 2467 1145 2532 quoque
1164 2448 1308 2514 editions

148 2551 287 2621 obsidet.
311 2571 447 2616 errorem
473 2553 741 2639 typographicum
766 2573 832 2617 esse
855 2553 1047 2618 habendum,

192 2787 227 2838 γ,
253 2762 305 2828 94.
331 2764 381 2827 Ad
406 2763 435 2827 εί
453 2786 510 2827 που
529 2761 656 2827 ὄπωπας
670 2766 882 2847 Ηθφθαλμοῖσι
901 2771 1011 2827 τεοῖσιν
1032 2765 1091 2830 hoc
1114 2767 1244 2831 exhibet
1263 2766 1308 2832 Po

147 2870 255 2954 phyrii
275 2876 457 2954 excerptum
481 2869 643 2934 Parisinus
662 2869 704 2936 D.
727 2873 830 2936 nescio
850 2890 913 2955 qus
933 2870 971 2934 de
984 2890 1079 2936 ceusu
1091 2874 1125 2936 in
1138 2871 1308 2938 Praefatior

149 2976 192 3060 (p.
208 2979 299 3047 λιιι)
322 2978 552 3042 absconditum.
575 2977 754 3057 Πορφυρίου.
776 2978 983 3053 ὀφθαλμοῖσιν
1004 2977 1093 3040 ἑοῖσιῑ
1116 2978 1188 3054 πρθς
1206 2980 1308 3043 οίντιδιι

148 3086 258 3155 στολίην
283 3084 335 3149 διὰ
358 3084 540 3164 φαντασίας
565 3083 735 3160 βλέποντος
761 3081 860 3159 ὥσπερ
885 3085 968 3146 κοντοὶ
994 3084 1063 3153 τοὺς
1085 3082 1194 3155 ὕπνους
1219 3087 1289 3161 ὁρᾶν

149 3187 292 3265 δοκοῦμεν
328 3191 395 3253 καί
428 3189 632 3265 διηγουμένων
665 3187 770 3253 ἄλλων
794 3189 1138 3261 σίναπλοίσσοντες
1163 3191 1207 3254 τθι
1232 3193 1308 3270 διηγι

146 3319 249 3372 ματα.
283 3295 317 3359 τὸ
347 3296 377 3360 δὲ
402 3298 526 3360 θεᾶσθαι
551 3296 588 3358 δι’
611 3297 781 3374 θφθαλμῶν
805 3296 947 3370 σημαίνει
972 3299 1025 3371 τίρν
1054 3297 1168 3376 ἐναργῆ
1192 3298 1264 3363 θέαν
1288 3323 1308 3362 ιι

147 3405 202 3476 τὴν
233 3402 271 3465 δι’
305 3405 425 3466 αὑτοῦ
458 3401 639 3480 κατάληψιν
670 3403 720 3466 διαὶ
745 3408 799 3471 τοῖς
824 3402 937 3473 οίιιείας
962 3402 1034 3479 πρὸς
1059 3404 1094 3465 τὸ
1120 3405 1308 3482 θρώμενονα

148 3509 288 3580 σθίσεως.
324 3508 440 3573 Melius
471 3509 548 3574 haec
578 3506 807 3595 intellegentur
835 3511 882 3571 sic
913 3508 1047 3593 scripta:
1081 3512 1308 3589 ὀφθαλμοῖο

147 3624 293 3679 τεοῖσιε
330 3614 402 3692 πρὸς
440 3615 674 3687 οθντιδιαστολην
712 3615 805 3695 (τοῦ)
843 3614 893 3676 δια
930 3618 1111 3693 φαντασίας
1145 3616 1308 3693 βλέποντα

147 3719 245 3798 ὥσπερ
278 3726 363 3784 κατὰ
397 3723 465 3788 τοὺς
489 3719 599 3790 ὕπνους
624 3721 694 3797 θραν
718 3745 747 3783 τι
773 3719 934 3801 δοκοῦμεν,
960 3717 1032 3803 (Ἢ)
1058 3727 1109 3784 καί
1135 3723 1308 3800 διηγουμίνι

148 3828 253 3892 ἄλλων
276 3830 600 3902 οὶναπλοίσσομεν
624 3829 666 3889 τα
690 3829 884 3902 διηγήματα.
910 3827 995 3890 τὸδὲ
1017 3830 1308 3910 occuluissent

146 3941 210 4006 μιῖιν
234 3934 377 4009 σημαίνει
403 3937 457 4008 την
481 3935 592 4013 ἐναργῆ
613 3934 684 3997 θέαν
709 3934 759 3996 καί
779 3935 834 4003 την
859 3933 896 3997 δι’
921 3935 1045 3996 αὑτοῦ
1071 3935 1308 4015 ναποίληψινιιπ.

145 4039 239 4104 Retio
262 4042 477 4104 mutationum
503 4047 613 4124 sponte
638 4039 836 4122 perspicitur.
884 4039 1114 4104 Discernuntur
1137 4043 1308 4132 dungensi

144 4152 202 4210 τοῖν
226 4145 360 4218 ίδθνταν,
392 4146 405 4209 θ
437 4146 488 4209 δια
519 4145 701 4225 φαντασίας
730 4144 857 4221 βλέπων
888 4148 955 4210 sive
989 4149 1020 4209 in
1051 4150 1174 4214 somnio
1207 4154 1308 4217 sive<

146 4251 281 4316 aliorum
317 4253 446 4326 auditu,
484 4255 535 4316 cui
570 4254 741 4338 opponitur
774 4253 818 4327 is,
854 4255 910 4337 qui
941 4254 1007 4317 suis
1036 4255 1105 4338 ipse
1136 4254 1239 4322 oculis
1268 4278 1308 4323 rel

146 4361 355 4444 usurpaverit.
