2978 4950
710 194 776 266 ato

148 399 195 472 uqi
222 387 333 454 Ἰλιάδι
357 422 400 438 --
422 389 594 470 χρῆσθαι,
620 389 704 454 unda
727 388 899 466 articulus,
924 391 952 456 si
970 392 1055 456 tanti
1073 394 1138 473 ast,
1157 390 1192 454 in
1210 392 1289 456 textu

147 498 336 582 recipiatur,
372 498 405 561 in
441 497 573 562 caeteris
602 497 802 584 gravioribus
832 498 923 562 vitiis
946 518 1056 564 omnes
1079 518 1158 583 quos
1180 496 1289 563 habam

147 603 270 670 codices
301 605 475 668 consentire
506 603 662 668 videntur.
710 611 892 680 Πιλεμικαῑς
916 603 1106 669 Buttmanni
1130 609 1180 669 est
1201 622 1289 689 pros

147 708 270 786 λέμριρ,
306 710 494 794 probarique
529 715 649 794 potest,
684 712 712 774 si
743 710 857 775 ἐοικυῖα
889 710 942 775 hic
973 700 1145 788 ’ὁμηρικῶς
1177 708 1289 789 τρέπου

147 815 252 881 valere
275 821 464 881 statuamus.
511 814 573 881 Sed
597 818 741 881 omnium
762 819 1000 902 corruptissima
1020 817 1164 882 exhiberi
1185 822 1289 902 putant

147 929 307 1007 extrema,
343 921 420 987 adeo
455 928 493 986 ut
526 921 707 988 Dindorfius
741 925 788 989 ita
818 924 1047 1009 disputaverit:
1079 922 1201 1000 „schol
1235 923 1289 989 diu

146 1029 281 1095 debebat
312 1028 457 1108 ἐπέμφθη
489 1029 561 1107 πρὸς
594 1031 644 1094 τὸν
677 1031 832 1108 Πρίαμον,
861 1026 941 1102 ὅπως
967 1030 1086 1109 λύτροις
1112 1030 1289 1095 tranum

146 1138 244 1213 νεκρὸν
268 1139 321 1200 τοῦ
342 1135 497 1212 Ἕκτορος.
524 1135 597 1201 Vid.
624 1134 664 1199 ΙΙ,
688 1160 709 1199 ω
738 1135 835 1199 144.”
860 1138 904 1201 At
926 1141 1053 1201 tantum
1077 1136 1169 1202 abest
1193 1141 1231 1200 ut
1250 1134 1289 1200 sol

144 1242 240 1308 liasta
262 1245 307 1307 sio
330 1242 433 1308 ffloere
456 1243 598 1323 debuerit,
622 1247 659 1306 nt
681 1248 804 1307 certum
829 1244 872 1307 sit
895 1249 928 1307 et
950 1264 1024 1307 eum
1049 1245 1096 1308 sio
1119 1263 1183 1308 nou
1201 1241 1289 1307 dixis

139 1355 180 1416 'et
209 1353 237 1415 si
268 1350 419 1422 dixisset,
451 1350 687 1433 perversissime
718 1349 815 1414 fuisse
845 1348 1001 1414 locutum.
1045 1349 1230 1415 Mercurius
1252 1368 1289 1415 au

146 1456 304 1534 mittitur,
331 1476 393 1521 non
417 1461 454 1519 ut
474 1454 640 1519 Priamum
662 1453 809 1520 Hectoris
828 1476 940 1541 corpus
962 1457 1117 1522 redimere
1136 1457 1265 1529 iubeat,
1284 1477 1289 1519 ι

147 1568 185 1627 ut
208 1583 314 1628 senem
338 1561 434 1627 Iridis
453 1563 542 1626 iussu
560 1562 619 1626 hoc
639 1582 733 1647 agere
751 1562 929 1628 studentem
949 1562 1077 1628 salvum
1096 1561 1289 1629 etincolum

146 1672 180 1733 in
200 1668 335 1734 Achillis
355 1666 594 1733 tabernaculum
615 1668 795 1732 introducat
814 1668 978 1752 ferumque
998 1668 1124 1733 hostem
1145 1667 1289 1733 demulce

149 1775 211 1857 Qui
234 1778 319 1840 enim
341 1795 421 1860 quae
440 1773 622 1858 requirebat
644 1772 825 1839 Diodorfius
848 1797 887 1838 ex
912 1775 1058 1839 codicum
1088 1775 1212 1850 verbis,
1232 1793 1289 1859 qua

147 1903 232 1948 nunc
251 1901 380 1947 summa
400 1881 575 1945 constantia
596 1899 703 1943 omnes
723 1880 872 1963 praebent
891 1881 967 1963 (nisi
986 1880 1070 1964 quod
1090 1879 1123 1944 Η
1144 1881 1176 1943 ἐν
1196 1899 1289 1965 prou

147 1988 214 2054 ullo
244 1988 340 2054 modo
371 1994 427 2051 aut
458 1983 601 2069 exsculpi
633 1992 763 2068 possunt
793 1992 849 2049 aut
880 1988 915 2049 in
938 1986 1015 2051 baec
1039 1983 1230 2071 depravari?
1254 1983 1289 2066 Q}

148 2098 177 2160 ai
207 2094 413 2182 grammatici
436 2093 550 2173 verba,
579 2128 621 2139 -
646 2091 719 2155 inde
742 2092 781 2156 ab
806 2091 1035 2171 παρατηρητέον
1059 2091 1085 2156 δ’
1110 2089 1157 2156 ὅτι
1182 2092 1289 2158 Ariste

149 2222 223 2267 oum
257 2199 404 2285 equidem
432 2198 540 2264 audire
560 2196 642 2261 mibi
666 2196 793 2273 videor,
819 2200 930 2263 -sic
954 2201 1173 2286 corrigamus:
1197 2222 1289 2275 παρα·

149 2309 252 2389 partos
275 2307 301 2371 δ’
325 2304 370 2370 ὅτι
395 2304 447 2368 καὶ
472 2305 501 2367 ἐν
526 2303 633 2368 Ἰλιάδι
660 2300 750 2378 ἅπαξ
774 2303 919 2386 ἐπέμφθη
953 2305 1045 2392 (ἐπὶ)
1076 2309 1127 2381 τῷ
1164 2307 1232 2390 (ἐν)
1254 2328 1289 2369 τι

147 2416 321 2493 Adrasta
347 2413 537 2476 διασῶσαι
563 2410 628 2473 τὸν
653 2409 854 2494 Πρίαμον,
881 2416 913 2476 et
936 2415 1114 2477 sententiae
1136 2412 1289 2478 satisfacti

149 2525 226 2596 erit,
263 2519 431 2603 (ultimum
466 2515 575 2581 iliadis
609 2515 728 2579 librum
761 2517 806 2580 sic
837 2537 855 2580 a
886 2521 1111 2602 grammaticis
1141 2519 1236 2583 citari
1269 2538 1288 2602 q

147 2624 281 2710 sumiti)
321 2632 354 2689 et
388 2621 584 2707 corruptelae
618 2624 771 2686 rationem
807 2622 904 2686 simul
937 2645 1012 2687 cum
1047 2625 1183 2688 remedii
1217 2626 1289 2689 rati<

146 2733 383 2820 perspiciemus.
432 2729 481 2793 Ad
508 2727 618 2792 Iliadis
643 2727 748 2793 locum
773 2749 835 2812 quo
858 2728 1040 2794 Diodorfius
1064 2729 1234 2816 relegabat
1257 2751 1289 2815 qt

145 2843 278 2921 attinet,
305 2846 340 2901 Ω
370 2836 434 2900 144
459 2835 576 2899 frustra
599 2833 662 2898 tale
686 2834 760 2917 quid
786 2855 916 2918 quaeras
944 2874 983 2883 -
1007 2836 1053 2899 ibi
1077 2838 1163 2900 enim
1191 2838 1231 2902 de
1254 2858 1289 2902 nu

146 2948 208 3012 iris
242 2948 386 3010 mittitur
420 2944 553 3016 nuncia,
580 2978 620 2987 -
647 2941 701 3004 sed
735 2943 850 3005 nostris
880 2941 1000 3006 similia
1030 2940 1188 3029 leguntur
1220 2943 1260 3008 ad

149 3053 214 3118 334
248 3054 281 3116 iu
317 3048 425 3124 BMV,
461 3067 540 3132 quae
575 3053 739 3129 propterea
774 3067 897 3130 quoque
933 3048 1139 3113 describenda
1176 3049 1271 3130 duxi,

146 3162 248 3227 obiter
290 3177 391 3221 unum
434 3160 465 3217 et
509 3152 645 3217 alterum
682 3152 832 3216 mendum
868 3151 979 3217 tollam
1015 3155 1289 3221 manifestissimo}

146 3263 332 3342 αἱπήλλαξεν
366 3262 379 3324 d
416 3261 539 3333 notarie
579 3258 730 3337 ζητήσεως
766 3261 848 3334 ἡμᾶς
883 3259 1019 3338 προσθεὶς
1055 3264 1110 3333 τὴν
1147 3262 1252 3326 αἰτίαν
1285 3260 1289 3322 ι’

144 3375 177 3440 rt
211 3376 262 3436 νῦν
295 3371 337 3448 τῷ
369 3370 466 3446 Ἑρμῇ
502 3370 618 3445 χρῆται
655 3363 780 3443 διακόνῳ
815 3365 867 3428 καὶ
903 3369 935 3430 οὐ
968 3377 1006 3446 τῇ
1035 3369 1145 3444 Ἴριδι,
1177 3372 1210 3434 od
1245 3367 1289 3453 (γι

145 3480 231 3565 add.)
264 3472 490 3553 παραγγελίας
522 3468 614 3546 μόνης
648 3467 706 3534 ἔδει
731 3475 841 3548 ψιλῆς,
869 3468 942 3536 ὅπου
967 3497 1005 3549 γε
1029 3474 1093 3538 οὐδ’
1124 3476 1160 3539 ἐκ
1188 3480 1239 3539 τοῦ
1266 3496 1289 3546 τι

144 3590 262 3665 Obruit
287 3581 395 3646 ἑαυτὸν
419 3578 567 3653 ὁμολογεῖ
607 3575 751 3657 Πριάμῳ.
777 3579 851 3640 ἀλλ’
877 3578 926 3641 ἐπὶ
951 3580 993 3655 τῷ
1017 3586 1223 3656 Φιλιπιιῆσαι
1244 3580 1289 3645 adt

146 3692 298 3771 ’Δχιλλεῑ
328 3685 380 3751 καὶ
413 3683 528 3761 κλέψαι
561 3685 615 3754 τὴν
644 3683 772 3757 aeneiae.
822 3684 925 3747 Addit
956 3684 1180 3777 Victorianus:
1212 3686 1289 3752 διὸι

145 3802 200 3872 τὴν
228 3794 341 3878 iiidice
374 3789 460 3870 ἔχει,
493 3785 569 3850 ὥστε
594 3789 732 3864 κοιμίσαι
755 3789 824 3859 τοὺς
849 3789 1000 3868 Φύλακας
1026 3793 1079 3856 καὶ
1105 3794 1289 3874 ἐπερεΐριιιι

148 3903 304 3983 Πρίαμον,
338 3900 368 3962 ἐι
393 3898 424 3961 δὲ
447 3894 637 3963 Ὀδυσσεὺς
661 3897 814 3971 uisset.
864 3896 1028 3961 Ultimum
1054 3907 1236 3965 monstrum
1256 3917 1288 3963 nu

147 4008 229 4074 alius
260 4007 331 4091 quis
362 4005 425 4068 iam
461 4002 676 4086 procuraverit
705 4003 834 4086 ignoro,
858 4002 941 4066 mihi
965 4006 1010 4069 sio
1036 4016 1124 4070 certa
1148 4006 1289 4072 correctio

146 4112 379 4201 procurandum
403 4108 546 4173 videtur:
572 4141 591 4155 ·
606 4140 625 4155 ·
639 4140 658 4154 -
682 4107 839 4186 ἐπεγεῖραι
863 4110 915 4173 τὸν
938 4110 1093 4189 Πρίαμον,
1121 4113 1153 4176 ἐν
1179 4113 1210 4177 δὲ
1229 4109 1289 4176 'ou

146 4220 237 4303 σειρ
261 4218 403 4297 cippus.
428 4212 513 4279 Nam
536 4217 678 4297 spectant
700 4213 777 4278 haec
801 4218 1019 4299 quaestionem
1043 4220 1078 4282 in
1102 4221 1220 4285 nostris
1240 4212 1289 4304 pau

147 4327 227 4397 infra
260 4323 312 4410 (ad
335 4347 349 4387 ε
375 4319 431 4405 47)
462 4325 582 4385 motam
613 4318 652 4383 de
680 4317 837 4385 Mercurio
866 4325 964 4388 etiam
994 4345 1070 4388 cum
1096 4325 1135 4391 ad
1160 4324 1289 4412 ualypu
