2978 4950
713 152 776 219 511

144 336 213 403 fieri
239 343 343 424 potest
367 344 404 404 ut
427 341 466 405 ad
490 347 598 407 uotam
623 347 783 427 sequentis
802 362 913 408 uersus
932 342 1095 409 referenda
1114 345 1189 420 sint,
1210 365 1292 429 quae
1305 346 1338 409 in

143 445 257 511 eodem
277 444 451 513 Harleiano
474 450 584 514 statim
610 449 824 534 subsequitur.
861 447 912 513 Ad
936 447 1146 515 Homericum
1170 451 1282 531 σιέρκες
1306 449 1338 515 δέ

144 554 374 633 περιτρομέοντο
406 554 553 631 μέλεσσιν
583 554 635 640 Η,
665 554 755 621 nullo
783 560 891 620 tamen
916 555 1023 620 addito
1045 554 1214 632 lemmate,
1240 552 1339 634 θμοισν

144 662 190 740 τῷ
216 660 360 739 ,,Ἔκτορί
382 663 412 726 τ’
437 663 521 742 αὐτῷ
546 661 637 739 θυμθς
664 662 704 725 avi
730 663 874 737 στήθεσσι
898 661 1064 727 πάτασσε”
1087 663 1128 746 (H
1153 661 1245 747 216).
1277 663 1340 728 His

143 770 256 854 itaquo
278 767 472 855 subiungam
498 770 576 833 ista:
603 760 617 831 θ
640 769 706 832 καί
732 765 917 850 ἀμεινον,
941 789 1021 853 quaa
1040 774 1072 833 et
1091 789 1164 834 mea
1183 771 1340 834 sententia

146 880 207 941 est.
253 874 337 940 Nam
369 874 456 939 idem
489 874 618 940 affectus
642 874 750 940 Iliadis
774 874 842 941 loco
866 876 974 939 minus
998 881 1148 956 φορτικῶς
1172 874 1340 961 multoque

145 984 314 1048 venustius
326 978 525 1067 significatus
537 986 595 1047 est.
615 979 783 1047 Caeterum
796 987 828 1047 et
839 981 921 1047 hono
934 983 1185 1048 observationem
1201 984 1260 1068 (vs.
1272 979 1339 1065 77),

145 1091 209 1154 atsi
233 1087 449 1161 dubitantius,
476 1085 656 1153 Aristonico
680 1088 937 1155 adiudioaverim.

195 1322 232 1371 σ.
261 1297 333 1363 160.
380 1297 535 1378 Πρόσεισιν
561 1301 577 1373 ἡ
605 1299 768 1374 Πηνελθπη
795 1337 835 1347 --
861 1298 1096 1364 έλπιδοποιοῦσοι
1115 1301 1150 1365 τὸ
1170 1299 1265 1364 δοκεῖν
1282 1300 1340 1366 τινὶ

145 1413 334 1480 συνοικῆσαι.
361 1405 442 1492 <QV)
468 1405 678 1471 Scribonium
703 1405 820 1471 oollato
844 1405 1011 1471 simillimo
1031 1405 1151 1471 scholio
1171 1426 1210 1471 ex
1221 1404 1269 1471 H:
1289 1408 1339 1487 τῷ

145 1516 213 1599 <ita
232 1520 263 1578 et
282 1512 322 1597 V)
349 1513 444 1577 δοκεῖν
467 1536 524 1576 τινι
548 1517 813 1586 συνοικήσειν.
838 1511 1035 1578 Observatur
1047 1513 1134 1578 idam
1148 1513 1188 1578 ad
1200 1533 1247 1579 vu.
1261 1512 1339 1591 261,

144 1623 229 1685 item
254 1641 292 1685 ex
315 1618 389 1694 QV:
415 1619 603 1684 ε’λπιδοποιεῖ
624 1624 784 1698 προφανῶς
809 1618 879 1691 τοὺς
904 1625 1101 1697 μνηστῆρας,
1127 1614 1173 1683 θτι
1199 1621 1253 1684 σὺν
1277 1627 1340 1692 τοῖς

145 1725 259 1797 ἀλλοις
294 1727 372 1796 εἰκὸς
404 1726 567 1806 ἀνηρῆσθαι
599 1726 702 1791 αῦτθν.
732 1724 887 1809 (Ulixem)
920 1730 952 1789 ot
983 1726 1024 1790 ad
1047 1746 1095 1791 vs.
1119 1723 1201 1792 272:
1224 1725 1341 1812 ιἐλπίδα

146 1836 257 1897 πάσαν
290 1833 393 1904 αὐτοῖς
427 1831 603 1909 ὑποβάλλει
634 1838 687 1897 τοῦ
717 1830 841 1910 γάμον,
867 1830 1016 1896 δεδοικυῖα
1041 1828 1120 1916 [ἵνα]
1145 1832 1189 1908 μη
1212 1833 1341 1913 βιασθῇ.

147 1938 207 2028 (Q)
242 1940 297 2004 ubi
333 1945 365 2004 ot
400 1943 522 2004 πῖοσιν
558 1941 662 2011 αὐτοῖς
698 1937 905 2025 praetulerim
944 1937 1016 2021 (afr.
1048 1937 1269 2025 Porphyriana
1302 1940 1342 2005 ad

147 2070 172 2109 α
198 2044 276 2132 332)
309 2050 341 2110 ot
363 2045 546 2111 secluserim
570 2045 730 2112 soloeoum
755 2041 821 2122 ίνα,
845 2065 884 2109 ex
911 2043 1130 2131 dittographia
1155 2051 1191 2109 ut
1215 2045 1342 2111 ridetur

146 2159 268 2221 ortum.
759 2163 763 2170 '

97 2410 100 2414 -
198 2390 228 2440 σς
256 2362 329 2430 178.
378 2363 557 2448 Εῦριινθμη,
581 2365 626 2442 μέν
649 2368 755 2429 ταῦτα
779 2363 944 2448 παραύδα,
968 2364 1115 2442 κηδομένη
1140 2385 1207 2441 περ,

379 2474 474 2551 χρῶτ’
498 2471 720 2536 ἀπονίπτεσθαι
744 2471 796 2537 καί
821 2469 1013 2550 ἐπιχρίεσθαι
1038 2471 1165 2551 ἀλοιφῇ.

147 2579 201 2644 Ad
232 2577 378 2657 παραύδα
401 2577 445 2653 Q:
479 2575 533 2653 ἔξω
558 2584 611 2642 τοῦ
636 2578 749 2650 δέοντος
774 2578 861 2654 λέγει
886 2577 902 2652 ἢ
928 2577 1066 2655 κρύπτει.
1114 2574 1251 2662 Opinon:
1283 2575 1340 2655 ἕξοι

147 2690 204 2749 τοῦ
225 2683 339 2756 δέοντος
360 2684 458 2762 λέγε
478 2685 494 2759 ἢ
516 2685 660 2763 κρθτει.
709 2684 860 2769 Sequitur
879 2682 918 2748 ad
938 2683 1085 2759 κηδομένη
1105 2685 1172 2747 sina
1190 2682 1344 2749 lemmate

148 2790 262 2857 notula
286 2794 396 2857 oritioa
419 2794 452 2855 in
480 2791 523 2856 H:
548 2794 631 2868 μετά
657 2798 710 2856 τοῦ
737 2816 765 2868 ι,
791 2790 859 2855 ἀντὶ
887 2794 940 2854 τοῦ
966 2786 1129 2870 κηδενοάση
1153 2789 1224 2870 πρὸς
1247 2789 1282 2854 τθ
1305 2814 1343 2872 χ.

147 2899 248 2964 Dino.
270 2898 362 2981 „fort
383 2898 455 2975 πρὸς
474 2898 509 2962 τὸ
529 2899 625 2977 χρῶτ’
646 2899 868 2964 ἀπονίπτεσθαι
889 2896 967 2961 eto.”
991 2895 1108 2961 Lenius
1121 2896 1252 2961 fortasse
1265 2898 1343 2962 erit:
1410 2906 1414 2917 '

149 3005 317 3087 κηδεοούση
339 3004 428 3085 περὶ
453 3006 520 3071 τὸν
543 3012 694 3086 χρῶτα.

198 3239 217 3279 σ
227 3264 235 3293 ,
260 3214 336 3280 246,
381 3220 485 3281 Ἴασον
505 3221 622 3297 Ἄργος
642 3219 825 3302 exponitur:
840 3217 894 3289 την
906 3213 1150 3292 Πελοπόννησον,
1164 3217 1226 3280 ἀπθ
1241 3216 1344 3280 Ἰάσοιι

148 3328 205 3387 τοῦ
231 3330 285 3395 τῆς
312 3325 397 3393 Ἰοῦς.
419 3325 489 3402 πρὸς
511 3326 565 3398 την
586 3326 683 3400 αὐτην
705 3324 808 3388 δὲκαὶ
833 3324 986 3405 Ἀχαϊκὸν
1006 3323 1122 3402 Ἄργος
1147 3323 1237 3402 Φησί.
1260 3323 1342 3408 (BQ)

149 3434 217 3494 Τοῦ
241 3451 280 3494 ex
304 3429 473 3497 Eustathio
497 3432 654 3497 additum.
683 3432 780 3518 (App.
800 3419 836 3515 'p.
861 3428 953 3511 793).
978 3428 1040 3496 Sed
1059 3426 1223 3495 ouibono?
1246 3427 1345 3494 Mina·

151 3537 241 3601 bitur
253 3539 338 3600 enim
351 3536 481 3602 fortasse
494 3536 603 3614 lector,
617 3537 700 3602 unde
712 3537 903 3622 praepositio
915 3538 1048 3602 venerit.
1073 3535 1204 3601 Desinat
1216 3535 1345 3619 mirari,

150 3645 210 3707 ubi
244 3663 355 3706 variam
387 3644 636 3728 reposuerimus:
670 3645 732 3708 ἀπὸ
766 3643 867 3709 Ἰοίσον
900 3647 953 3707 τοῦ
986 3649 1040 3714 τῆς
1075 3643 1149 3712 Ἰοῦς
1181 3639 1344 3720 πατρθς.

151 3751 208 3824 την
238 3749 334 3822 αὐτην
364 3747 396 3813 δὲ
428 3750 481 3812 καὶ
513 3751 665 3830 Ἀχαϊκὸν
693 3749 809 3829 ’Ἄργος
841 3751 931 3829 φησί.
979 3751 1062 3815 Satis
1085 3751 1146 3814 orit
1169 3747 1221 3815 vel
1244 3768 1345 3813 unum

153 3853 383 3940 Apollodorum
410 3855 462 3942 (11,
487 3855 502 3919 Ι
525 3858 542 3942 5
569 3856 600 3940 3)
627 3856 813 3922 contulisse:
847 3859 965 3936 Ἄργον
989 3855 1019 3920 δέ
1044 3855 1096 3919 καί
1122 3855 1265 3930 Ἰσμήνης
1289 3861 1344 3929 τῆς

152 3963 299 4025 Ἀσωποῦ
324 3969 398 4033 παῖς
430 3965 550 4040 Ἴασος,
584 3959 616 4027 οῦ
641 3971 739 4042 φασιν
763 3965 809 4027 Ἰὼ
835 3965 987 4041 γενέσθαι.
1035 3959 1096 4026 Sed
1121 3963 1247 4026 etiarnsi
1270 3981 1346 4026 auc·

154 4067 301 4132 toritatas
335 4068 493 4145 deessent,
525 4071 595 4152 quis
624 4087 744 4133 novum
768 4068 890 4153 ellipsis
913 4088 1014 4156 genus
1036 4072 1228 4151 oonooquat‚
1252 4070 1266 4130 ο·
1290 4074 1346 4142 τῆς

155 4175 232 4244 Ἰοῦς
259 4180 296 4237 ut
319 4176 360 4238 sit
383 4175 396 4238 θ
423 4182 476 4248 τῆς
502 4177 576 4247 Ἰοῦς
602 4172 728 4254 πατάρί
