2978 4950
603 181 667 255 251

129 376 206 443 erint
240 396 276 443 ao
307 374 347 442 de
377 376 516 443 discessu
547 375 606 442 filii
646 379 811 444 certiorem
846 375 987 442 feceriut
1034 371 1097 440 Oui
1131 374 1231 439 iratae

129 505 145 563 ρ
168 481 345 570 Euryclea,
369 503 450 568 quae
472 482 539 549 sola
561 485 606 548 rei
629 484 732 550 fuerat
755 484 891 561 conscia,

128 589 240 670 νύμφα
263 591 358 669 φίλη,
384 590 422 654 σὺ
446 590 503 666 μέν
527 588 565 664 άρ
589 615 630 665 με
655 589 837 655 κατάκτανε
861 589 949 664 νηλέϊ
969 588 1105 671 χαλινῷ,

129 696 209 773 alia
233 695 263 760 έν
286 693 426 774 μεγάρῳ·
451 697 544 773 μῦθον
568 696 599 761 δέ
623 720 669 761 τοι
693 700 746 763 οὐκ
771 697 932 762 ἐπικεύσω.

130 805 191 885 ᾔδε’
216 803 278 881 iro
300 801 377 866 τάδε
402 800 519 867 πάντα.
547 802 576 884 (δ
601 801 793 886 743-745)

129 909 251 976 lemma
285 908 397 990 νύμφα
428 911 507 989 φέλη
538 908 646 989 HPQ:
678 907 779 984 δεξιῶς
812 911 844 975 οὐ
874 907 1026 987 περιμένει
1057 908 1109 973 τδν
1139 902 1232 983 ἔλεγ-

137 1015 224 1081 οάδὲ
255 1015 377 1095 φθάνει.
405 1021 480 1097 μιᾷ
513 1015 545 1078 δὲ
580 1025 618 1098 πῆ
654 1017 781 1093 μηνύσει
817 1015 868 1080 acl
906 1017 1016 1088 αὐσῆν
1051 1011 1144 1089 ἀξέαν
1178 1016 1232 1077 τοῦ

128 1121 240 1187 ,ωλέναι
271 1120 350 1201 φησδ
382 1121 433 1185 διά
464 1121 499 1184 τδ
527 1123 685 1196 πεισθῆναι
709 1124 751 1202 τῷ
775 1122 970 1202 Τηλεμάχῳ.
995 1121 1099 1184 ciclos
1125 1119 1155 1185 δὲ
1178 1124 1234 1192 τῆς

128 1236 161 1304 ῆς
189 1227 272 1306 ὅρκον
302 1228 528 1307 προβάλλεται.
578 1226 662 1307 Quot
691 1249 825 1299 errores.
851 1233 993 1293 correcto
1015 1225 1172 1302 facillimi,
1203 1231 1237 1290 at
1328 1228 1333 1237 '

127 1337 175 1401 sti
196 1341 322 1411 tarnem
344 1336 377 1398 in
400 1337 556 1399 sententia
580 1335 667 1398 brevi
692 1341 725 1399 et
748 1331 931 1420 perspicual
957 1333 1047 1414 Quod
1072 1335 1118 1398 rei
1142 1338 1238 1418 caput

143 1443 170 1507 si
198 1438 358 1527 Euryclea
388 1443 508 1505 crimen
531 1461 589 1505 nec
612 1442 763 1519 περιμένει
787 1462 844 1506 nec
868 1439 998 1518 φθάνει,
1022 1440 1099 1524 quid
1123 1457 1238 1525 quaeso

134 1545 146 1614 l
168 1549 227 1613 Sed
252 1549 352 1612 missa
374 1550 669 1634 argumentatione,
690 1546 880 1632 simpliciter
899 1548 1078 1613 indicemus
1097 1546 1175 1632 quid
1195 1547 1239 1610 ait

127 1654 264 1720 sudum:
289 1652 391 1728 δεξιῶς
415 1655 448 1718 οὐ
469 1652 619 1732 περιμένει
638 1654 689 1718 τὸν
708 1652 842 1734 ἔλεγχον
867 1654 979 1717 ἀλλά
1003 1654 1124 1735 φθάνει.
1151 1648 1238 1729 άμα

127 1769 155 1841 τῆ
187 1758 317 1836 μηνύσει
353 1758 405 1823 καὶ
441 1760 551 1833 αὑτῆν
587 1757 680 1833 ἀξίαν
711 1763 765 1822 τοῦ
796 1760 991 1824 ἀπολωλέναι
1023 1758 1101 1838 φησὶ
1128 1758 1179 1822 διά
1203 1756 1239 1821 τὸ

127 1868 205 1942 ἀῆναι
236 1867 279 1946 τῷ
310 1865 508 1944 Τηλεμάχῳ,
538 1865 642 1929 alalos
667 1865 697 1928 δέ
723 1872 778 1939 τῆς
803 1873 919 1940 σιωπῆς
944 1867 1039 1951 (τὸν)
1063 1860 1145 1942 ὅρκον
1170 1886 1241 1943 προ·

127 1985 224 2049 λεται,
268 1974 303 2036 in
346 1970 461 2055 quibus
504 1968 576 2047 ἀμα
619 1991 676 2055 pro
718 1978 778 2054 μιᾷ
822 1980 905 2036 recte
940 1974 1081 2058 porrexit
1116 1969 1153 2050 Q.
1199 2005 1240 2018 -

126 2077 224 2144 simile
274 2079 393 2142 vitium
442 2077 565 2142 obsidet
610 2076 717 2142 locum
763 2103 778 2143 ε
820 2076 905 2154 418,
951 2077 1008 2142 ubi
1053 2077 1093 2142 ad
1140 2074 1242 2152 ῆιάνας

126 2192 339 2265 παραπλῆγας
375 2186 408 2248 in
439 2182 550 2263 EPQT
583 2183 768 2249 adnotatur:
805 2182 949 2259 ὀξυτόνως
986 2185 1021 2250 τδ
1057 2181 1242 2263 παραπλῆξ.

126 2300 271 2370 ιπλῆγας
307 2290 339 2355 ai
373 2293 431 2361 τάς
466 2291 522 2366 μῆ
558 2289 701 2371 ριρδέως
736 2290 752 2365 »l
789 2292 829 2355 οὗ
864 2291 1000 2371 σφοδρῶς
1024 2289 1243 2367 πλησσομένας

145 2405 200 2463 τῶν
229 2397 387 2474 κυμάτων,
419 2396 469 2461 διά
499 2397 533 2460 τὸ
558 2399 602 2472 μῆ
626 2397 765 2474 ἀντικρὺς
791 2397 913 2477 διαιρεῖν
937 2396 970 2478 (l
993 2397 1115 2479 διαίρειν
1138 2397 1178 2480 Τ)
1202 2398 1244 2479 τῷ

126 2527 184 2569 ττι.
230 2503 356 2569 Ultima
390 2524 452 2568 non
481 2502 632 2587 expedio,
665 2505 770 2588 priora
801 2506 846 2569 sic
870 2504 1020 2570 videntur
1043 2505 1245 2593 corrigenda:

126 2618 273 2689 τπλῆγας
317 2609 348 2674 δέ
387 2611 446 2680 τάς
491 2611 664 2688 μετρίως
709 2609 726 2684 ῆ
771 2612 804 2674 οὐ
847 2611 983 2690 σφοδρῶς
1027 2611 1246 2688 πλησσομένας

150 2725 205 2783 τῶν
235 2715 393 2794 κυμάτων.
431 2717 509 2780 ‘Tol
545 2739 572 2777 τ.
599 2739 628 2779 ιι.
665 2717 790 2781 omittit
824 2716 869 2793 Τ,
904 2720 984 2782 item
1017 2718 1189 2793 omittit-sl
1215 2717 1247 2781 οὐ

125 2821 208 2901 loric,
245 2825 402 2888 incertum
437 2842 511 2886 casu
543 2841 583 2886 an
614 2823 688 2905 quia
720 2824 753 2885 in
783 2842 841 2887 suo
872 2824 1046 2908 exemplari
1078 2825 1182 2889 scriba
1213 2843 1251 2889 ea

125 2949 232 2994 emere
273 2949 335 2994 non
371 2930 487 3012 potuit.
524 2965 564 2975 -
602 2925 622 3006 ζ
646 2924 720 2991 163.
767 2926 878 2993 Ulixes
914 2928 1099 3014 suppliciter
1133 2929 1249 2994 Nausi-

125 3055 149 3099 n
178 3034 312 3101 laudans
336 3036 370 3097 in
393 3031 497 3098 insula
521 3031 600 3098 Delu
625 3033 703 3097 dicit
727 3055 759 3098 se
782 3035 899 3099 vidisse
923 3037 1057 3112 φοίνικος
1084 3034 1147 3098 νέον
1170 3035 1248 3114 ἔρνος

127 3141 270 3221 χάμενον.
307 3139 485 3206 Scholiasta
515 3141 549 3204 in
583 3138 682 3213 BPQ:
718 3141 807 3206 --τδ
837 3141 869 3205 δὲ
899 3141 1102 3221 ἀνερχόμενον
1136 3145 1192 3218 τῆν
1215 3167 1250 3207 τε

151 3246 354 3329 ὑπάρχουσαν
389 3247 492 3322 ἀκμῆν
523 3244 576 3309 καὶ
608 3247 664 3319 την
694 3245 808 3309 έλπιδιι
838 3255 893 3320 τῆς
926 3247 1069 3325 ἐσομένης
1095 3249 1252 3326 αὖξῆσευς

125 3352 249 3419 Βάλλει.
291 3354 360 3435 [οὐ]
397 3354 448 3416 τδν
480 3351 529 3414 ε’πδ
559 3360 598 3432 τῆ
630 3359 730 3424 Λητοῖ
765 3353 950 3417 ἀναδοθέντα
986 3354 1110 3432 φοίνικά
1147 3362 1250 3436 φησιν.

124 3478 165 3524 uo
186 3459 269 3525 hanc
291 3462 393 3544 ipsam
425 3478 499 3523 eum
528 3461 659 3523 innuere
690 3461 804 3522 caeteri
837 3465 980 3526 auctores
1012 3468 1102 3537 sunt,
1137 3463 1252 3546 quibus

124 3562 268 3631 lentibus
292 3571 324 3630 et
346 3566 378 3628 οὐ
403 3564 618 3629 inducendum
642 3571 674 3628 et
696 3571 767 3649 poet
785 3568 837 3628 τὸν
854 3567 1056 3632 inserendum
1078 3568 1206 3634 videtur
1217 3568 1253 3633 δ’.

124 3691 149 3736 n
171 3675 219 3738 itu
243 3670 314 3736 lli:
340 3671 427 3747 λέγει
452 3670 481 3734 δὲ
506 3670 557 3733 τδν
580 3671 765 3734 ἀναδοθέντα
788 3669 914 3750 φοίνικα
938 3684 976 3754 τῆ
1001 3681 1114 3752 Λητοῖ,
1143 3671 1176 3739 οὗ
1200 3675 1253 3740 καὶ

124 3778 257 3859 φαμένη
278 3776 447 3852 ἀπεκύησε.
474 3814 517 3826 -
542 3776 678 3841 Tiresias
701 3775 793 3841 Ulixi
816 3777 924 3843 futura
948 3780 1154 3865 portendens:

541 3883 621 3957 δῆεις
642 3882 668 3947 δ’
692 3883 722 3946 ἐν
746 3885 882 3958 πήματα
907 3887 975 3967 οἴκῳ

124 3985 219 4071 ἰνδρας
244 3989 472 4071 ὑπερφιάλους,
498 3986 528 4053 οἵ
546 4013 590 4053 τοι
615 3988 718 4065 βίοτον
742 3990 929 4056 κατέδουσιν.
953 3993 987 4077 (λ
1015 3993 1090 4070 115,
1119 3993 1210 4082 116.)

151 4099 208 4164 hos
241 4118 353 4163 versus
383 4102 508 4162 servata
538 4103 586 4160 est
617 4095 787 4161 Aristonici
818 4102 908 4174 nota,
943 4119 981 4163 ex
1014 4098 1188 4169 Harleiano
1211 4107 1257 4170 sio

124 4208 166 4271 la:
191 4200 236 4270 ὅτι
262 4207 329 4269 οὐκ
353 4203 544 4277 ένῆλλαιιται
570 4202 583 4266 ὃ
608 4200 713 4284 χράνος
736 4203 774 4274 ἀς
795 4200 828 4265 τὸ
852 4201 927 4279 ,σάν
948 4229 984 4271 τε
1005 4204 1138 4288 μεγάλῳ
1151 4210 1258 4276 cio-lfa

123 4311 158 4374 ν.”
191 4322 233 4388 (Δ
276 4309 364 4395 llil).
401 4310 440 4372 οὐ
472 4309 536 4388 γάρ
566 4305 643 4381 ἦσαν
674 4309 698 4370 ol
730 4316 898 4386 μνηστῆρες
931 4310 1114 4390 συνηγμένοι
1139 4316 1182 4392 εἷς
1207 4316 1258 4385 τὸν
