2978 4950
655 138 716 215 tot

116 338 179 403 bus
215 332 255 404 ad
290 340 393 403 varios
423 359 533 402 versus
556 339 721 402 observata
746 339 923 402 traduntur.
973 337 1024 402 Sia
1050 357 1144 422 supra
1167 334 1206 403 ad
1233 357 1277 403 vs.

116 443 156 510 l3
180 451 231 511 est
253 448 286 508 in
309 443 416 520 HQ'I':
442 445 476 508 τὸ
501 443 620 520 {tatto
645 449 677 507 οὐ
698 447 732 507 τὸ
752 451 998 523 μεταμορφῶσαι
1022 445 1178 522 σημαίνει,
1192 446 1280 507 α’λλθι

116 584 118 607 ·
155 552 333 629 νωθέστερον
364 559 488 625 ποιῆσαι
522 553 593 627 πρὸς
626 551 685 620 τοὶς
709 552 882 634 ἐνεργείαις,
907 551 946 622 ὥς
970 552 1000 613 έν
1024 549 1134 615 Ἰλθαθι
1158 550 1281 628 »αὐτὰρ

116 665 233 738 ,χαιῶν
255 660 349 734 θέλγε
373 657 452 723 νθον”
479 666 524 737 (Μ
551 658 651 740 255),
675 652 732 720 οἷον
757 658 930 737 ναθέστερον
953 656 1056 722 έτοθει.
1095 654 1146 721 Sic
1170 657 1209 722 ad
1233 677 1280 721 vs.

116 767 176 841 tu,
212 786 295 829 nuno
318 767 350 828 in
374 763 441 828 solo
464 762 490 827 'l'
514 764 610 828 verbo
630 764 785 837 ἀκήλητος
813 764 987 848 adscripta:
1012 761 1176 846 θθελκτος,
1201 764 1282 838 θμε-

116 871 240 949 έβολος.
278 870 312 932 τὸ
344 869 375 932 δὲ
408 870 572 948 θελχθῆναι
598 869 611 932 θ
636 872 762 940 ποιητὴς
786 871 840 933 οὐκ
864 870 913 933 ext
941 869 1036 956 (τῆς)
1061 874 1115 934 τοῦ
1140 861 1291 945 σώματος

116 981 210 1050 θκσιν
233 977 441 1058 ἀλλοιώσεως,
462 977 536 1039 ἀλλ’
558 975 607 1038 ἐστὶ
629 982 682 1046 τῆς
705 976 890 1052 οὶφροσθννςΙ
914 972 953 1057 „fi
972 978 1002 1039 τ’
1021 975 1130 1054 ἀνδρῶν
1149 973 1282 1052 θμματα

116 1082 229 1161 λγει.”
266 1083 443 1161 θελχθεθσνο
478 1081 540 1158 γθιρ
570 1087 625 1151 τῆς
656 1086 763 1160 ψυχῆς
795 1081 845 1145 διαὶ
878 1083 929 1147 τὸν
953 1081 1170 1163 ἐπιφερόμενον
1194 1080 1284 1146 ὕπνον

116 1191 143 1256 τὶ
180 1192 198 1264 ἦ
228 1187 329 1266 θρασις
353 1195 412 1252 τῶν
435 1189 605 1263 ὀφθαλμῶν
631 1189 791 1274 (θέλγεται
816 1188 995 1253 addendum
1021 1197 1126 1254 censet
1148 1187 1285 1253 Dindor·

116 1283 290 1381 issApp.
327 1318 358 1381 p.
391 1292 480 1378 781).
516 1296 623 1358 τούτου
654 1293 684 1358 δὲ
717 1293 808 1364 οὕτως
840 1293 963 1376 ἔχοντος
997 1296 1176 1374 μαχόμενον
1208 1290 1284 1358 εἶναι

116 1413 179 1469 ιιιεῑ
213 1404 248 1466 τὸ
288 1402 350 1484 „ool
389 1399 420 1465 δέ
451 1424 496 1471 τις
529 1402 560 1463 έν
592 1402 751 1473 στήθεσσιν
782 1403 936 1473 τέκν’λντος
961 1403 1022 1470 νέος
1048 1400 1161 1465 έστίν.”
1196 1400 1285 1465 Haeo

116 1519 147 1577 ir
181 1530 216 1574 se
245 1515 385 1592 spectata
414 1526 477 1572 non
500 1506 671 1573 admodum
697 1510 862 1592 perspicua
885 1517 967 1572 sunt.
1015 1508 1088 1574 Nou
1103 1510 1217 1592 enim,
1243 1544 1286 1555 —-

116 1639 129 1685 ν
158 1622 284 1681 caetera
306 1613 424 1678 indicia
448 1621 578 1700 tangam
612 1613 824 1679 adnotationis
851 1636 947 1699 prave
970 1622 1166 1692 contractae,
1200 1653 1231 1663 -
1259 1617 1287 1679 si

116 1721 145 1790 sl
180 1723 324 1786 maxime
357 1739 467 1784 somno
492 1726 523 1783 et
548 1741 637 1784 mens
660 1719 821 1785 mulcetur
844 1727 876 1786 et
898 1720 1060 1786 oculorum
1087 1724 1170 1787 aoies
1193 1721 1286 1786 hebe-

116 1836 203 1911 ttur,
240 1826 321 1891 illud
357 1823 462 1892 Circes
497 1826 537 1889 ad
571 1824 715 1890 Ulixem:
747 1827 791 1891 ool
825 1826 856 1891 δὲ
890 1863 909 1876 -
938 1829 1092 1902 ἀκήλητος
1119 1828 1180 1900 νέος
1205 1829 1287 1893 ἐστίν

116 1936 196 2002 abet
228 1954 290 2017 quo
319 1935 389 2016 quis
421 1935 490 1996 iura
523 1932 706 1997 offendatur.
756 1932 803 1997 At
825 1936 990 2018 perspicua
1012 1932 1110 2007 liunt,
1136 1937 1190 2000 ubi
1214 1957 1287 2000 enm

116 2063 165 2108 »aa
197 2039 370 2125 Porphyrii
401 2039 630 2123 disputatione,
663 2040 755 2103 cuins
785 2038 863 2104 olim
888 2049 920 2104 et
942 2041 1019 2106 haee
1042 2049 1165 2127 partem
1190 2042 1287 2107 fuisse

116 2149 265 2218 tistimo‚
300 2147 416 2210 iterum
443 2154 549 2209 mente
572 2147 818 2230 coniunguntur.
867 2145 932 2211 Ubi
956 2148 1063 2212 doouit
1083 2152 1215 2213 comites
1239 2169 1287 2213 re·

116 2257 235 2322 nuisse
265 2252 392 2336 quidem
425 2255 566 2316 mentem
597 2251 790 2328 humanam,
824 2258 857 2317 at
880 2275 950 2319 eam
975 2277 1036 2321 non
1061 2265 1198 2320 erectam
1223 2277 1287 2321 am·

116 2365 182 2428 lius
222 2359 276 2425 sed
310 2360 521 2442 consopitam,
557 2364 800 2422 consentaneum
838 2368 905 2424 orat
942 2370 976 2451 ut
1007 2373 1176 2447 exponeret
1204 2362 1288 2427 unde

116 2467 310 2534 [americum
348 2465 447 2542 αὐτὰρ
480 2469 545 2535 νοῦς
578 2460 610 2537 ἦν
641 2463 772 2538 ἔμπεδος
804 2468 850 2530 ita
873 2466 994 2532 scilicet
1015 2468 1287 2553 interpretandum

116 2575 237 2643 txerit.
285 2571 355 2636 Hou
387 2577 494 2635 autem
524 2570 596 2634 inde
628 2571 762 2654 repetit,
787 2572 871 2655 quod
894 2577 1026 2638 comites
1052 2577 1219 2656 θελχθῆναι
1243 2575 1290 2638 di·

116 2690 228 2752 tntur.
243 2678 324 2762 quod
345 2677 495 2752 verbum,
512 2678 580 2760 ipso
598 2675 725 2759 quidein
741 2697 825 2741 nunc
838 2685 976 2755 madore,
991 2701 1053 2745 non
1066 2681 1104 2746 de
1117 2702 1245 2766 corpore
1256 2684 1290 2746 in

116 2806 215 2855 >vam
238 2784 374 2848 sormam
398 2788 539 2854 mut-ato,
563 2781 617 2846 sed
642 2782 680 2846 da
704 2785 810 2846 animo
835 2788 995 2869 consopito
1016 2787 1201 2871 tardatoqne
1223 2787 1291 2852 eius

116 2898 224 2978 npetu
254 2897 434 2974 usurpatur.
482 2886 601 2952 Verum
630 2890 820 2952 omittamus
849 2889 943 2965 haee,
970 2912 1049 2975 quae
1074 2892 1201 2957 aliunde
1227 2914 1293 2958 uor-

116 3021 166 3066 sa
191 2998 323 3062 fortasse
346 2998 489 3081 integrao
512 2994 737 3078 disputationis
761 2994 839 3059 olim
860 2996 962 3060 veluti
983 2999 1125 3063 membra
1145 2999 1289 3076 fuerunt,

116 3125 194 3195 tque
229 3103 268 3168 ad
302 3104 383 3167 hano
417 3108 626 3177 revertamur,
661 3107 755 3186 prout
786 3123 870 3167 nuno
902 3124 940 3168 ex
965 3125 1028 3169 uno
1051 3104 1292 3193 Hambnrgonsi

116 3214 263 3303 agnitam
294 3210 465 3285 habemus,
498 3216 653 3292 quantum
680 3206 840 3272 valeamus
865 3209 1101 3275 enucleandam.
1151 3211 1292 3289 Inbue,

116 3329 127 3389 t
153 3320 290 3392 monui,
311 3315 393 3381 nihil
417 3316 454 3380 de
479 3315 574 3380 verbo
599 3314 719 3390 θέλγειν
743 3314 927 3380 adnotatum
952 3320 1119 3401 reperitur,
1146 3318 1200 3382 sed
1221 3325 1293 3403 post

116 3429 173 3496 la:
215 3426 275 3506 (ozi)
309 3425 410 3499 μέντοι
444 3424 494 3485 καὶ
529 3423 580 3484 τὸν
612 3425 676 3483 νοῦν
708 3421 897 3499 ε’γρνγορθτα
921 3427 1030 3487 statim
1057 3424 1294 3512 subiunguntur

116 3554 179 3603 nae
200 3551 286 3595 nuno
307 3529 496 3594 describam:
513 3524 583 3596 ἴσως
604 3528 655 3591 τὸν
677 3526 733 3601 μέν
755 3533 819 3590 νοῦν
841 3530 903 3591 alab
923 3530 1031 3606 μέρους
1052 3525 1119 3593 θλον
1138 3533 1256 3609 λέγει..
1269 3579 1292 3593 ..

116 3643 196 3708 εται
233 3638 284 3699 καὶ
316 3635 462 3698 τὸν-νοῦν
492 3632 668 3712 τρέπεσθαι,
700 3634 713 3697 θ
746 3635 777 3698 δὲ
809 3634 976 3707 Ὀδυσσεὺς
1004 3637 1125 3716 ,αὐτὰρ
1149 3643 1214 3709 νοῦς
1238 3637 1293 3712 tu·

116 3747 189 3815 εδος
216 3746 254 3811 ὡς
280 3740 314 3805 τὸ
339 3739 432 3819 σοὶρις
460 3739 555 3818 τερ·”
579 3742 714 3811 οἰκούσας
741 3743 825 3821 σαρθι
850 3749 908 3806 τῶν
932 3743 1057 3822 ἑταίρων
1080 3745 1174 3821 φησί,
1188 3743 1293 3821 μαθὼν

115 3880 137 3919 n
179 3853 196 3926 ἡ
230 3847 341 3929 ῥάβδος
375 3848 392 3920 ἡ
421 3851 681 3923 μεταμορφοῡσα.
730 3845 812 3911 Sunt
835 3848 915 3913 haec
938 3849 1034 3914 verba
1059 3852 1158 3915 totius
1184 3851 1293 3935 dispu-

116 3957 233 4027 ttionis
251 3954 346 4040 longe
363 3954 627 4037 impeditissima,
650 3951 733 4016 unde
752 3953 807 4017 diu
821 3954 1025 4041 multumque
1040 3956 1211 4020 meditatus
1224 3976 1292 4040 pro·

116 4063 244 4133 abilam
267 4062 455 4125 sententiam
478 4058 589 4123 elicere
608 4062 697 4142 potui
708 4108 716 4141 ,
728 4079 829 4143 neque
843 4071 947 4125 tamen
962 4082 1040 4139 eam,
1055 4082 1135 4146 quae
1147 4066 1295 4129 omnibns

116 4173 247 4240 umeris
272 4165 416 4231 absoluta
439 4166 519 4228 miti
541 4166 696 4229 videatur.
742 4164 781 4228 In
805 4169 921 4240 codice.
947 4176 984 4232 ut
1008 4169 1152 4250 videtur,
1180 4190 1295 4254 parum

116 4294 138 4345 tt
177 4272 306 4341 auxilii.
341 4271 447 4349 „luter
477 4273 565 4348 λέγει
599 4283 629 4334 et
661 4275 754 4335 οἴεται
779 4273 994 4338 nullaestin
1019 4274 1207 4350 solatum,
1241 4275 1296 4342 sed
