2978 4950
669 148 735 235 989

116 347 308 434 refluxisse,
338 356 540 440 scribamque
569 354 708 420 Palatini
732 355 957 421 dormitantem
981 347 1067 420 maie
1088 347 1204 442 legisse
1227 347 1293 418 ere

115 462 213 540 υμίας
246 483 302 548 pro
335 463 579 542 ἐλευθερίας.
627 460 689 526 Sed
722 462 773 527 vel
804 465 848 527 sic
877 462 970 548 plura
994 469 1113 527 restant
1135 461 1291 533 scribendi

116 570 198 646 itia,
233 569 381 634 omnibns
411 572 525 634 nostris
549 569 742 633 communia.
789 568 876 648 Quae
900 575 938 634 ut
960 577 1045 634 certo
1068 568 1208 633 remedio
1234 566 1292 632 tol-

116 694 222 760 umus,
252 675 311 740 hoc
343 675 516 740 tenendum
543 681 599 739 est.
649 678 798 760 Proponit
821 678 1051 762 grammaticus
1074 677 1179 740 nescio
1202 677 1292 759 quis,

116 780 154 847 sd
189 787 276 847 certe
310 803 348 846 ex
381 781 631 866 antiquioribus,
664 780 825 866 duplicem
858 785 945 848 vocis
975 780 1080 861 εἴρερον
1113 783 1291 868 originem,

116 885 264 952 rutulam
300 901 469 972 utramque
500 907 536 952 ac
559 889 587 950 si
611 907 673 952 non
697 908 826 970 veram,
850 887 954 973 lepide
978 895 1152 952 tamen-
1177 894 1214 950 ut
1237 887 1292 950 isti

116 992 258 1059 olent—
271 994 496 1081 excogitatam.
532 992 623 1058 Prior
644 1014 710 1058 esse
733 993 877 1058 videtur:
898 996 1034 1059 servitus
1054 992 1182 1070 περὶτὰ
1202 992 1291 1070 ἔργα.

116 1104 142 1164 rt
164 1105 197 1164 et
220 1099 310 1165 nulla
333 1108 381 1165 est
404 1103 560 1173 servitus,
582 1102 634 1164 cui
658 1098 740 1163 illud
766 1102 931 1184 proprium
952 1099 1076 1165 nonsit
1096 1107 1132 1163 ut
1151 1099 1292 1163 laborare

116 1214 250 1294 agatur,
274 1204 479 1290 neque-irps
505 1213 537 1270 et
560 1205 667 1285 εἴρερον
691 1204 830 1290 aliquam
857 1205 974 1270 habent
994 1206 1061 1269 soni
1082 1203 1290 1278 adfinitatem,

116 1312 136 1376 b
161 1312 357 1400 etymologis
382 1315 415 1377 in
440 1312 611 1378 derivando
634 1312 867 1376 studiosissime
888 1312 1076 1396 quaesitam.
1107 1311 1156 1376 Ne
1175 1310 1290 1387 multa,

116 1419 227 1502 cripsit
247 1419 358 1484 homo:
373 1418 511 1483 δουλείαν
533 1421 586 1494 τὴν
607 1419 733 1498 περὶτὰ
754 1418 857 1498 ἔρια,
871 1418 1075 1502 qnodstatim
1090 1417 1290 1503 probabitur,

116 1523 382 1613 ervulgstissimo
413 1546 516 1590 errore
540 1547 578 1590 ex
603 1524 721 1590 unciali
744 1528 902 1610 scriptura
925 1525 1112 1610 repetendo,
1134 1545 1230 1609 quam
1255 1523 1294 1587 de

116 1629 228 1696 choliis
255 1651 380 1716 quoque
414 1629 520 1697 valere
551 1635 667 1696 nostris
697 1634 823 1716 saepius
847 1630 1006 1707 diximus,
1032 1638 1064 1695 et
1086 1637 1212 1715 praeter
1234 1630 1292 1693 hoc

116 1734 162 1803 lio
197 1737 343 1822 exemplo
378 1737 438 1802 erit
475 1738 605 1823 probare
641 1758 703 1802 non
739 1737 846 1801 minus
875 1736 1048 1802 luculento.
1097 1735 1220 1821 Quippe
1251 1735 1291 1798 ad

142 1841 211 1906 290
236 1844 282 1929 (p.
307 1842 382 1920 500,
411 1844 466 1926 lt)
490 1843 576 1908 idem
600 1850 706 1908 noster
736 1843 762 1922 Q
786 1844 912 1908 scribit:
937 1844 1022 1919 μετα
1047 1842 1177 1907 θάνατον
1202 1853 1291 1906 Σαλ-

116 1948 222 2021 rarior
253 1951 340 2029 Τυρὼ
371 1950 552 2031 κομιζομένη
581 1951 667 2030 παραὶ
700 1950 836 2025 Ληΐοινι
868 1952 909 2028 τῷ
934 1951 1028 2029 terp
1053 1950 1209 2029 κορούεται
1234 1947 1290 2010 ὑπὸ

116 2055 302 2127 Ιοσειδῖινος.
326 2055 500 2122 bellissime
522 2078 579 2142 pro
604 2056 691 2135 rapis
716 2060 841 2132 Δηΐονι
866 2059 908 2136 τῷ
937 2060 1034 2137 θείῳ.
1058 2054 1170 2139 Neque
1193 2054 1293 2119 altera

116 2164 256 2228 erivatio
280 2163 403 2228 mendis
423 2162 524 2229 libera
548 2164 587 2228 ad
610 2184 667 2228 nos
688 2167 851 2248 pervenit:
878 2163 930 2227 καὶ
952 2163 1198 2229 ἀναπέπλασται
1219 2160 1292 2224 κατ’

116 2271 199 2351 extis
230 2271 317 2348 παρὰ
342 2270 377 2333 τὸ
402 2287 473 2334 κτλ.
521 2270 583 2335 Pro
608 2270 660 2333 καὶ
686 2270 898 2355 reponendum
923 2291 989 2335 esse
1012 2270 1029 2345 i
1055 2291 1110 2354 per
1131 2290 1164 2333 se
1189 2273 1275 2352 patet
1283 2287 1290 2344 ;

116 2379 186 2463 ptio
221 2380 308 2442 enim
344 2376 438 2442 datur
468 2379 551 2441 inter
582 2377 662 2442 duas
693 2376 921 2464 etymologias,
948 2377 1002 2441 sed
1025 2379 1155 2460 insuper
1178 2375 1290 2438 haereo

116 2504 132 2549 a
167 2482 305 2547 ultimis.
370 2482 546 2547 Possumus
580 2482 710 2567 quidem
749 2484 966 2546 ἀναπλάττειν
1001 2483 1138 2564 εἰκόνας,
1172 2478 1289 2558 ψεύδη,

116 2588 229 2666 ὄνους,
254 2591 352 2654 etiam
377 2589 454 2673 quid
479 2592 521 2654 sit
545 2590 761 2654 ἀναπλάττειν
785 2590 955 2655 verborum
980 2592 1119 2677 origines
1143 2589 1291 2673 quamvis

116 2695 250 2760 bsurdas
285 2694 378 2760 facile
413 2695 651 2782 intellegimus,
689 2717 790 2780 neque
822 2699 924 2783 igitur
962 2696 1125 2761 offensioni
1161 2694 1222 2759 erit
1256 2693 1290 2756 ri

116 2801 205 2884 birros
236 2801 483 2866 ἀναπέπλασται
516 2804 601 2882 παραὶ
631 2803 665 2866 τὸ
691 2817 774 2879 κτλ,
798 2803 852 2868 sed
875 2803 953 2888 quid
976 2803 1038 2867 sibi
1061 2801 1147 2869 volet
1172 2800 1290 2865 οὶναπέ·

116 2923 243 2974 λασπαι
271 2910 358 2972 κατ’
383 2909 426 2988 cip
438 2906 535 2987 xiv?
566 2909 650 2988 Quid
674 2910 888 2993 reponendum
910 2912 952 2973 sit
973 2906 1212 2973 confirmabitur
1232 2908 1291 2972 hoc

116 3036 223 3100 uoque
258 3039 297 3080 er
330 3014 630 3102 Etymologicorum
661 3016 731 3081 loco
762 3036 837 3081 mox
865 3015 1065 3102 apponendo:
1097 3016 1148 3079 καὶ
1175 3013 1291 3078 οὶναπέ-

116 3139 242 3190 ’λασται
273 3120 346 3186 κατ’
381 3121 475 3185 cirri
484 3131 636 3200 Φρασιν
670 3123 755 3200 παρὰ
781 3122 815 3186 τὸ
841 3137 912 3188 κτλ,
961 3124 1080 3186 Amant
1103 3128 1136 3185 et
1159 3122 1293 3204 cupiunt

116 3231 210 3297 riseri
234 3248 314 3313 quae
334 3230 473 3308 sentiant
492 3227 591 3293 libere
611 3228 774 3314 proloqui,
796 3229 848 3293 sed
871 3229 903 3293 id
923 3229 1025 3294 facere
1045 3227 1224 3292 conditione
1236 3247 1293 3290 sua

116 3335 316 3404 rohibentur.
344 3333 520 3419 Utramque
540 3334 698 3421 originem
719 3336 846 3419 praebet
866 3339 964 3400 etiem
983 3335 1028 3399 E:
1042 3337 1097 3407 σὺν
1116 3331 1149 3408 ἐξ
1168 3335 1294 3412 αἰχμα-

116 3443 217 3514 oriar
238 3441 376 3507 δουλείαν
398 3447 449 3504 νῦν
469 3441 618 3505 ἐκάλεσεν
640 3441 730 3529 (haec
751 3442 849 3506 etiam
874 3442 907 3506 in
932 3440 991 3527 Τ),
1016 3443 1078 3506 απὸ
1103 3445 1156 3505 τοῦ
1180 3441 1293 3520 ἔριον.

148 3548 240 3630 παρὰ
275 3547 309 3611 τὸ
341 3548 411 3628 ἔρῖιν
442 3549 514 3624 μετ’
546 3548 716 3626 ἐλευθερίας
748 3547 834 3626 εἴρειν
859 3548 912 3612 καὶ
937 3548 1042 3626 λέγειν
1067 3546 1137 3619 τοὺς
1162 3547 1292 3616 δούλους.

116 3653 191 3741 [orel
216 3654 247 3718 u
271 3654 386 3732 εἴρηται
412 3655 428 3727 ἦ
454 3651 547 3729 λέξις.
596 3653 692 3719 Vides
716 3660 800 3720 recte
827 3657 943 3740 scripta
967 3652 1038 3733 ἔριον
1064 3660 1096 3719 et
1118 3657 1154 3738 ἢ,
1179 3656 1296 3719 omissa

116 3761 348 3829 ναπὲπλασπαι
373 3762 444 3824 κατ’
470 3761 591 3840 ἀρχήν,
616 3780 696 3845 quae
719 3761 822 3825 scriba
841 3782 942 3845 neque
961 3780 1153 3845 concoquere
1172 3764 1295 3843 poterat

117 3888 203 3956 eque
238 3866 393 3952 expedire.
442 3865 475 3932 si
507 3887 603 3951 quem
637 3869 728 3931 iuvat
751 3865 830 3931 alias
853 3872 1014 3951 praeterea
1038 3866 1179 3930 eiusdem
1204 3884 1294 3929 voca·

118 3973 168 4042 uli
202 3975 412 4040 derivationes
436 3994 623 4060 cognoscere
647 3975 763 4037 nostris
787 3973 872 4037 haud
896 3971 1076 4046 inferiores,
1103 3971 1295 4036 satisfacient

116 4068 175 4150 uic
212 4077 432 4166 lltymologici
466 4077 581 4166 Magni
614 4086 646 4144 et
676 4077 818 4144 Gudiani
850 4080 1131 4152 consarcinatores‚
1158 4095 1295 4161 quorum

116 4187 289 4256 indiacum
321 4187 376 4269 qui
400 4184 518 4249 dicitur
541 4185 737 4261 exscribam,
762 4189 799 4248 ut
823 4190 855 4248 et
878 4186 984 4268 ipsum
1010 4185 1205 4268 turpissimis
1228 4185 1294 4268 qni-

116 4295 239 4364 usdam
274 4292 431 4358 scribendi
467 4294 557 4357 vitiis
593 4290 727 4356 liberem
764 4296 796 4355 et
830 4293 900 4355 eius
931 4310 1024 4374 opera
1054 4289 1298 4380 Etymologicus
