2978 4950
718 156 784 226 390

156 350 296 440 Magnus
318 353 474 437 purgetur
496 368 515 413 a
537 347 699 412 nonnullis
722 348 846 413 mendis
869 332 931 414 non
949 350 1059 416 minus
1078 347 1242 435 turpibus.
1259 365 1325 432 quae

156 467 263 524 temen
283 455 347 535 sel
379 453 566 522 Gaisiordus
601 458 720 519 intaeta
750 475 877 520 manere
908 458 996 522 sivit.
1044 454 1214 523 Gudianus
1241 454 1325 541 igitur

155 563 215 628 sio:
241 561 378 642 Είριρος·
404 563 421 635 ί
445 560 568 636 δούλη,
592 562 678 640 παρὰ
704 561 774 646 [τὸ]
798 563 853 636 τὴν
877 560 957 640 ἔραν,
983 557 998 627 ὃ
1022 562 1169 640 σημαίνει
1195 561 1248 633 σίιν
1263 567 1324 642 γῆν,

157 672 174 744 ἡ
205 669 271 748 περί
308 672 363 742 την
389 678 449 745 γῆν
480 668 594 741 δούλη.
628 669 644 742 ἢ
677 667 763 746 παροδ
795 669 830 732 πδ
863 665 935 747 ἔριον
960 667 1040 753 ἔρος,
1063 669 1118 732 καί
1142 669 1181 732 ἔν
1205 667 1325 731 διπλε·

156 779 316 856 σιασμῷ
351 780 418 839 τοῦ
453 799 468 853 ρ
500 775 565 837 καὶ
599 775 842 854 πλεονασμῷ
872 781 941 840 τοῦ
972 800 988 840 ε
1022 774 1129 855 ἔρερος.
1159 772 1325 853 terebri

154 886 239 962 τείρω
274 885 416 965 πείρερος,
451 881 503 946 ael
533 880 678 962 ἀποβολῇ
708 886 761 946 τοῦ
793 906 813 944 π
845 881 963 961 είρερος.
999 882 1016 956 ἢ
1049 884 1139 961 παρὰ
1162 881 1197 946 πὸ
1220 879 1325 959 είριοσί

152 992 237 1066 λέγω
259 989 380 1070 είρερος,
405 987 479 1052 κατ’
505 987 799 1065 οίναδιπλασιασμδν
822 987 875 1052 καί
899 992 972 1053 κατ’
994 989 1205 1071 ὦνπίφρασιν,
1228 988 1242 1050 δ
1265 1009 1326 1064 παρ

153 1098 332 1174 αισούμενος
363 1096 398 1161 σύ
424 1095 530 1173 λέγειν
553 1096 638 1171 μετὰ
662 1095 841 1174 παρρησίας.
864 1130 884 1144 ·
897 1129 918 1144 -
941 1096 959 1170 ἣ
983 1096 1071 1176 παροδ
1095 1096 1132 1160 πί
1157 1093 1265 1174 είρρειν
1284 1091 1325 1157 καί

153 1203 187 1267 τὸ
217 1202 319 1280 είρειν.
351 1202 481 1281 είρρερος
512 1201 525 1266 ί
557 1201 663 1280 είργιιν
681 1207 746 1266 ποῦ
778 1200 875 1281 είρειν.
908 1202 1021 1267 δούλιον
1052 1202 1117 1291 γὰρ
1143 1202 1198 1266 ούιι
1220 1198 1326 1265 ἔστιτί

153 1309 424 1389 παρρησιάζεσθαι.
449 1313 467 1382 ἢ
491 1312 578 1386 παρὰ
598 1310 633 1371 τὸ
653 1305 743 1387 ἔρρειν
763 1307 855 1387 ἔρεβος
874 1309 928 1381 καί
949 1308 1067 1387 είρερις.
1098 1305 1327 1373 llmsndmdun

152 1415 259 1479 in-hio
281 1416 299 1489 ἡ
324 1414 531 1495 δουλείαιθί
557 1417 574 1488 η
599 1414 664 1494 περί
688 1416 744 1486 την
764 1423 824 1492 γῆν
844 1414 1015 1498 δουλεία,
1033 1413 1328 1502 expungendumqlt

152 1522 206 1598 τύ,
242 1541 324 1605 quse
353 1528 441 1586 reete
468 1528 543 1585 sunt
573 1525 605 1584 in
636 1520 773 1606 Magum
799 1541 835 1586 ao
858 1527 1021 1606 praetores
1044 1541 1120 1586 eum
1145 1520 1257 1585 eodem
1276 1536 1328 1583 ns·

154 1627 232 1691 lim:
265 1628 317 1691 καὶ
348 1628 383 1690 ἔν
414 1625 712 1706 διπλασιασμῷ
743 1627 811 1690 καὶ
841 1630 1091 1707 πλεονασμῷ
1114 1631 1186 1691 τοῦ
1213 1626 1328 1702 ιείρι·

150 1756 222 1811 ρος.
268 1731 386 1801 contra
419 1735 453 1797 in
487 1733 604 1819 Magno
643 1733 834 1822 lltymologo
864 1736 970 1799 neseio
1000 1754 1059 1799 eur
1082 1731 1137 1798 vel
1160 1729 1329 1799 Gaisiordu

153 1838 336 1923 reliquerit:
361 1839 377 1913 ἦ
404 1840 490 1916 παρα
514 1845 549 1902 τὸ
574 1838 701 1919 ἔρειον
726 1837 787 1916 ἔρος
811 1854 892 1914 κτλ.
918 1859 1031 1904 uocum
1055 1836 1175 1921 nihili,
1199 1856 1272 1903 mm
1289 1831 1329 1899 vul

152 1946 220 2009 sine
243 1944 384 2009 Gudiani
408 1957 649 2029 nostrorumque
672 1946 818 2010 codicum
849 1947 1039 2010 auctoritate
1061 1943 1173 2022 ἔριον
1194 1948 1275 2009 esset
1292 1961 1329 2007 rs·

152 2051 343 2135 ponendum.
399 2048 462 2115 Sed
496 2059 638 2136 superest
672 2054 790 2116 vitium
824 2053 955 2116 maioris
988 2052 1161 2115 momenti.
1208 2047 1329 2135 Magrus

152 2154 367 2243 Etymolog'us
397 2157 546 2241 praebere
574 2157 718 2223 videtur:
751 2159 768 2232 ἢ
798 2152 884 2238 παρὰ
916 2157 952 2221 τὸ
984 2157 1051 2235 είρω
1075 2159 1110 2221 τὸ
1134 2155 1239 2233 λίγα,
1260 2153 1330 2220 md

155 2262 190 2349 (l.
222 2263 322 2346 κατ’)
351 2265 643 2339 ύναδιπλασιασμύν
666 2265 718 2327 καί
744 2265 830 2329 κατὰ
855 2264 967 2350 (κατ’)
993 2264 1201 2345 ιίνπίφρασιν,
1225 2262 1241 2325 ὃ
1262 2283 1330 2339 προ·

155 2369 394 2448 αιρούμενος
418 2375 485 2434 τοῦ
509 2369 650 2447 λέγειν
671 2372 756 2445 μετα
776 2369 959 2447 παρρησίας.
991 2368 1036 2433 ut
1053 2370 1251 2435 constructio
1268 2365 1331 2433 fale

151 2485 198 2540 est
230 2482 262 2540 et
289 2478 445 2540 sententie
468 2474 612 2540 ridicula.
660 2476 847 2540 Liberorum
872 2477 931 2540 hoc
955 2481 1058 2558 esset,
1083 2496 1147 2539 non
1171 2494 1330 2541 servorum

149 2582 272 2645 Melius
299 2581 503 2663 Gudianum,
538 2591 573 2645 ut
606 2582 765 2657 vidimus,
799 2582 812 2643 l
845 2583 1188 2658 παραιτούμενος
1221 2583 1262 2645 τὸ
1287 2579 1331 2644 λε’·

71 2727 74 2734 -
150 2712 238 2764 perv
263 2688 348 2763 μετὰ
374 2711 476 2764 παρρ,
500 2690 561 2750 nisi
586 2688 669 2771 quod
693 2688 752 2751 hoo
776 2694 808 2751 et
833 2687 972 2751 debilius
993 2700 1042 2752 est
1065 2696 1098 2751 et
1119 2709 1137 2752 e
1159 2691 1345 2754 comestione·

151 2798 326 2878 proiectum
352 2795 489 2857 videtur.
536 2793 604 2857 Viri
628 2794 713 2857 docti
737 2793 832 2879 longe
857 2796 957 2877 petits
981 2793 1118 2858 efferunt
1145 2815 1182 2859 ac
1206 2794 1258 2859 rel
1277 2793 1332 2858 ideo

147 2899 364 2984 improbanda.
402 2898 581 2982 Stephanus
606 2921 637 2962 v.
663 2921 690 2964 o.
717 2900 923 2963 eoniioiebat:
948 2900 961 2962 ί
987 2900 1050 2978 yos
1076 2901 1107 2963 ἐν
1133 2901 1259 2984 δουλεία
1278 2925 1333 2964 στι·

147 3007 287 3084 ρούμεοίς
314 3007 378 3067 ἐστι
403 3011 456 3068 τοῦ
482 3021 563 3087 κτλ,
588 3005 670 3088 quod
694 3026 754 3068 non
779 3017 827 3069 est
851 3006 1031 3070 emendare.
1081 3006 1173 3072 Vera
1199 3007 1333 3073 leotioin

149 3121 298 3196 promptu
331 3126 378 3173 est
409 3110 540 3193 ideoque
569 3112 770 3193 praeteriise.
820 3108 952 3175 Codices
977 3113 1151 3195 praebent,
1178 3114 1334 3180 Vossianus

147 3202 381 3295 προαιίούμενος
415 3216 465 3289 τὸ,
501 3215 689 3280 Serbonious
721 3219 960 3296 παραιρούμενος
985 3218 1031 3281 τί.
1081 3218 1176 3285 Haeo
1204 3231 1334 3286 estsere

147 3323 261 3386 leutio:
296 3323 309 3384 δ
340 3325 666 3397 παραιρούμενος
700 3329 765 3386 τοῦ
792 3323 897 3399 λέγειν
921 3327 1008 3400 μετὰ
1034 3328 1225 3403 παρρησίας.
1271 3326 1334 3392 Ubi·

145 3450 269 3512 cunque
301 3429 442 3493 locorum
467 3428 586 3515 legitur
611 3439 770 3508 παραιρεῖν
795 3441 826 3494 et
850 3434 1049 3515 frequentius
1073 3437 1108 3497 in
1135 3435 1246 3500 medio
1269 3456 1334 3510 παρ

144 3536 296 3611 asperata!
328 3536 397 3597 τινοί
423 3559 520 3611 τινος,
545 3554 645 3619 neque
670 3540 851 3620 passivum,
878 3541 938 3601 etsi
962 3542 1086 3614 rarius,
1113 3541 1264 3626 exemplo
1290 3558 1335 3604 suo

144 3650 243 3705 ooret.
281 3641 403 3705 Ultimo
427 3640 495 3705 loeo
519 3642 685 3724 prodeant,
704 3664 783 3726 quoe
806 3647 838 3706 in
858 3644 1098 3708 Anecdotorum
1113 3645 1334 3712 Oxonisusinm

145 3745 321 3809 Volumine
346 3747 394 3822 ll,
421 3769 449 3830 p.
478 3746 542 3809 435
568 3749 605 3811 de
631 3769 706 3812 voee
731 3749 835 3827 είρερος
861 3749 1028 3835 leguntur,
1056 3773 1140 3835 quse
1166 3752 1335 3818 Gnisfordos

145 3873 269 3934 quoque
294 3853 468 3934 indicavit,
494 3853 546 3915 sed
572 3856 727 3939 corrigere
755 3855 950 3938 supersedit:
977 3856 1155 3936 είρερος·
1183 3861 1201 3931 ἦ
1227 3860 1334 3924 δουλεία

147 3960 164 4029 η
199 3961 362 4034 εἴργουσα,
393 3960 409 4030 η
445 3959 525 4033 ἦέρια
558 3965 687 4021 ποιοῦσα
712 3958 906 4037 ίρμοίζεσύαι.
955 3963 1027 4026 Non
1053 3972 1103 4028 est
1131 3966 1267 4030 arduum
1288 3984 1333 4027 ne·

146 4066 288 4145 gotium,
326 4064 401 4127 haec
437 4066 482 4126 sio
514 4064 680 4129 emendare
707 4075 738 4129 et
767 4065 932 4150 supplere:
959 4071 976 4142 ἡ
1003 4069 1132 4135 δουλεία
1158 4073 1175 4142 η
1202 4071 1332 4151 είρροοια

147 4167 296 4254 (είρεινγ
324 4172 340 4241 ἦ
367 4174 382 4242 η
408 4170 496 4245 ἔρια
520 4176 649 4233 ποιοῦσα
673 4172 867 4252 ἐργάζεσθαι.
