2978 4950
754 188 820 260 308

193 376 245 446 τόν
275 383 467 459 Ἑλληνικόν,
500 379 546 447 tN
579 384 795 463 ἀφηγούμενος
829 386 871 458 εἷς
904 392 1007 483 Διῑλον
1037 382 1109 460 ἦλθε
1142 384 1300 460 Μενέλαος
1319 406 1481 474 ειη),

194 490 342 556 Ὀδυσσεῖ
361 493 411 556 ἐτι
437 492 496 562 τοὶς
520 492 621 555 Ἀνίου
646 491 831 572 θυγατέρας.

238 703 258 784 ζ
264 753 272 775 .
299 702 374 770 178.
421 705 534 792 Pergit
557 705 668 770 Ulixes
691 726 778 771 orare
801 705 1003 773 Nausicaam.

354 812 461 886 οὶλλιό,
486 810 610 887 ιἰνκσσ’,
638 811 772 888 ἐλέαιρε·
789 848 808 863 -
822 847 841 862 -
855 848 874 862 -

350 915 431 982 ἄστυ
455 918 486 982 δέ
510 942 560 994 μοι
587 918 700 1002 δεῖξον,
725 919 772 990 δότ
798 919 829 983 δὲ
851 918 941 999 idco:
965 922 1222 1001 ἀμφιβαλέσθαι.

196 1025 245 1091 Ad
278 1025 432 1089 ultimum
465 1045 592 1089 versum
623 1025 819 1110 adscriptum
850 1029 883 1090 in
915 1026 987 1107 PQ:
1024 1024 1091 1093 όλον
1123 1029 1174 1093 τόν
1205 1029 1297 1108 λόγον
1340 1044 1424 1104 τοῦ

88 1196 93 1201 ,
194 1131 362 1201 Ὀδυσσέος
396 1132 556 1194 ακόλουθον
583 1141 621 1211 τῇ
648 1133 814 1210 ὑποσχέσει
839 1133 1003 1208 τετοόηκεν
1025 1133 1180 1214 Ὅμηρος.
1206 1136 1414 1220 μειλίχιον,

192 1232 238 1301 ότι
269 1237 458 1317 θεραπεύσας
490 1239 532 1309 εἷς
564 1232 660 1301 οἶκτον
693 1238 832 1316 ε’κθνησε,
864 1239 1023 1320 κερδαλέον
1055 1241 1106 1325 δέ,
1136 1240 1183 1308 ότι
1206 1243 1301 1324 μικρὰ
1327 1250 1410 1322 μὲν

192 1344 276 1425 ᾔτει,
307 1342 441 1421 μεγάλα
471 1344 503 1409 δὲ
533 1342 648 1417 ἐδήλου.
684 1350 786 1416 καλῶς
819 1346 849 1408 δὲ
875 1346 927 1409 καὶ
952 1348 1019 1426 περὶ
1044 1355 1102 1413 τῶν
1126 1355 1246 1429 τροφῶν
1270 1351 1401 1416 exerr-

191 1453 321 1523 ώτησιν.
369 1448 604 1514 Subobscurum
624 1450 707 1514 mihi
727 1457 793 1534 est,
811 1472 873 1536 quo
886 1453 1013 1517 tandem
1027 1475 1120 1520 sensu
1135 1454 1246 1521 Ulixes
1257 1455 1397 1520 dicatur

191 1556 365 1622 Nausicaae
396 1557 529 1633 μεγάλα
561 1557 678 1628 δηλοῦν.
728 1556 799 1621 Non
822 1561 926 1630 anim.
951 1561 1034 1644 quod
1059 1564 1167 1627 omnia
1192 1563 1272 1628 bona
1295 1561 1395 1627 bus-

192 1672 286 1749 taque
310 1667 338 1728 ei
363 1669 562 1748 apprecatur,
588 1683 624 1727 ea
648 1665 788 1728 maxime
812 1685 891 1748 quae
915 1668 1064 1751 inprimis
1087 1668 1117 1733 ei
1141 1648 1227 1734 cordi
1251 1689 1311 1734 esse
1327 1680 1391 1733 ex

192 1773 328 1858 virginis
358 1776 461 1834 aetate
492 1767 671 1854 intellegit,
704 1767 799 1847 ἄνδρα
829 1792 865 1832 σε
898 1774 949 1834 καὶ
982 1768 1074 1847 οἶκον,
1108 1773 1141 1838 1(1
1175 1794 1250 1839 sane
1271 1775 1394 1839 mato

192 1876 353 1961 praeditus
394 1877 551 1959 quispiam
595 1876 728 1951 μεγάλα
772 1875 879 1948 δηλοῦν
914 1877 1133 1962 appellaverit.
1182 1878 1252 1945 Una
1283 1877 1397 1943 liora

191 1980 362 2048 immutata
391 1981 523 2046 meliora
553 1981 786 2066 suppeditabit:
820 2017 837 2029 ·
853 1983 1088 2059 --κερδαλέον
1120 1984 1169 2063 δέ,
1203 1981 1248 2050 ότι
1278 1976 1394 2061 μικρὰ

192 2093 248 2168 μιν
272 2091 352 2171 ᾔτει,
377 2086 510 2165 μεγάλα
535 2088 566 2151 δὲ
590 2089 724 2162 iliaco,
750 2089 832 2172 quod
856 2111 929 2153 cum
956 2092 1175 2175 praecedentia
1199 2091 1255 2157 illa
1275 2089 1394 2175 raspi‘

191 2217 261 2262 cere
292 2201 412 2280 potest,
446 2194 561 2277 quibus
584 2199 617 2258 et
641 2202 783 2278 parentes
808 2197 876 2259 eius
900 2202 932 2260 et
956 2197 1068 2262 fratrae
1092 2205 1125 2262 et
1148 2219 1223 2282 praa
1246 2195 1409 2262 caeteris

191 2306 246 2388 qui
269 2305 299 2367 ei
322 2321 453 2385 sponsus
476 2301 603 2364 futurus
627 2309 674 2364 est
698 2301 874 2365 beatissimi
898 2303 1138 2386 praedicantur,
1166 2311 1202 2368 ut
1226 2303 1303 2369 idem
1319 2294 1411 2365 siff·

190 2430 227 2475 ao
251 2408 432 2487 ἐμακάριζε,
457 2414 525 2470 tum
549 2406 582 2469 iu
608 2408 792 2471 universum
815 2415 912 2472 totam
936 2407 1040 2473 Ulixis
1061 2412 1235 2475 orationem
1255 2396 1423 2494 spsotbt·

190 2516 399 2581 laudatoriam
431 2534 521 2594 sano,
553 2516 643 2576 cuius
667 2511 908 2599 significationis
933 2517 1033 2579 facere
1057 2537 1119 2580 non
1144 2537 1272 2602 possum
1291 2514 1413 2599 quin

190 2644 289 2687 unum
322 2619 503 2704 exemplum
533 2619 708 2682 adscribam
734 2640 750 2683 e
775 2620 972 2685 nobilissimo
996 2621 1196 2708 Thucydidis
1220 2623 1284 2688 loco
1305 2616 1349 2706 (ι’
1400 2648 1429 2682 φ

192 2728 296 2793 1051
310 2729 344 2809 f)
350 2724 569 2809 ‚ecolloquio
592 2724 768 2810 legatorum
797 2727 1096 2793 Atheniensiumet
1119 2729 1300 2803 Meliorum,
1311 2725 1447 2790 iifl

188 2836 412 2901 Athenienses:
432 2834 659 2909 μακαρίσαντες
682 2834 801 2909 ὑμῶντ
784 2833 1091 2901 τὸιὶτειιόκακονοθ
1116 2827 1451 2915 ζηλοῦμειΓθ

188 2939 299 3021 αφρον,
334 2941 416 3023 quod
448 2941 479 3000 in
505 2936 641 3001 Scholiis
664 2939 710 3002 sic
734 2938 892 3002 redditur:
918 2939 951 3002 τό
976 2941 1031 3013 μὲν
1058 2941 1140 3017 ὑμῶν
1163 2934 1459 3035 μακαρίζιμέἵ

190 3046 406 3125 αἱτιιρθκκκον,
431 3045 465 3107 τό
491 3044 521 3106 δὲ
541 3042 637 3121 ἄφρον
656 3045 708 3106 οὐκ
734 3045 993 3118 ἐπαινοῦμεν.
1019 3047 1119 3112 Totus
1140 3057 1248 3114 autem
1261 3038 1461 3114 ethelfi-¹

186 3156 268 3243 quod
300 3152 539 3218 emendavimus
571 3157 659 3213 tenor
691 3171 752 3233 quo
785 3153 893 3216 tendat
924 3155 970 3216 ita
1001 3154 1117 3219 melius
1149 3155 1368 3243 intellegetur
1434 3168 1467 3201 9

188 3263 243 3327 ubi
273 3261 310 3325 ad
343 3280 415 3322 cum
442 3277 568 3321 versum
597 3258 654 3335 (vs.
683 3256 760 3338 148)
786 3261 917 3343 regressi
943 3262 1080 3343 erimus,
1105 3282 1168 3345 quo
1191 3267 1281 3346 poete
1302 3263 1470 3325 orp‘

185 3371 302 3433 tionem
341 3367 380 3429 ab
409 3362 503 3427 Ulixe
528 3362 566 3426 ad
592 3361 781 3427 Nausicaam
807 3364 983 3427 habendam
1008 3365 1059 3429 his
1081 3368 1188 3432 verbis
1212 3367 1470 3454 designat‘ae‘

186 3475 301 3539 αὐτίκα
333 3470 487 3551 μειλθχιον
519 3493 570 3532 και
605 3469 765 3546 κερδαλέον
798 3470 883 3548 <botro
919 3473 980 3544 μῡθ
982 3496 1021 3534 ον.
1070 3474 1120 3538 Ad
1154 3474 1239 3540 huno
1272 3460 1471 3571 igin-1

185 3601 311 3646 versum
345 3586 520 3641 enarratotr
556 3575 616 3639 ’πΕ
618 3583 765 3655 ισφαλεις
800 3601 831 3638 αι
867 3600 1008 3640 τοιαυται
1034 3579 1205 3657 τρορρησειτ
1232 3577 1273 3666 ¹),
1293 3580 1441 3642 dt?-

186 3684 265 3761 ὅμως
298 3685 419 3761 Ομόρῳ
452 3681 655 3758 τετόλμηται.
686 3682 860 3760 προστίθησι
893 3682 924 3746 δὲ
952 3685 994 3762 τῷ
1018 3686 1153 3766 οὶκροατῇ
1178 3687 1287 3752 κανόνα
1307 3676 1466 3748 :152’

187 3790 379 3871 εἶρησομὲιιον
410 3789 520 3865 λόγων.
555 3790 751 3864 εἰσόμεθα
776 3789 813 3852 δὲ
838 3791 870 3852 εἰ
896 3789 1129 3866 κεκράτηκε
1153 3802 1224 3867 τῆς
1248 3796 1462 3866 ἔην’

186 3900 351 3976 γελιας,
376 3917 411 3960 ac
435 3901 504 3959 tum
529 3896 643 3979 incipit
666 3896 704 3959 ad
728 3894 872 3981 singulos
896 3916 1006 3959 versus
1024 3899 1099 3981 (ves.
1117 3878 1422 3977 149‚152,15‘7
1438 3918 1453 3946 τ

189 4002 264 4078 159,
300 4001 374 4087 160,
409 4001 482 4078 164,
518 3999 592 4079 170,
621 3999 694 4074 173,
721 3999 797 4084 178)
823 4021 859 4065 ea
882 4001 1065 4076 observare,
1092 4007 1207 4088 quibus
1230 3986 1446 4071 mandat

190 4174 389 4186 -ι-ι--ι

218 4272 244 4334 1)
264 4270 302 4317 lta
319 4270 397 4317 codex.
416 4268 575 4316 Buttmauuus
599 4266 659 4315 malo
683 4272 818 4316 correxerat
841 4269 967 4329 apoc-pais„
990 4285 1060 4333 quem
1083 4289 1207 4340 perperam
1222 4274 1304 4324 “cutm
1329 4256 1404 4313 esf

185 4353 326 4402 Diudorflus.
346 4352 406 4415 (tir.
425 4349 540 4400 Cobstum
560 4350 584 4399 in
603 4351 694 4399 hincm,
715 4352 746 4399 N.
766 4352 788 4399 S.
810 4350 851 4400 111
872 4368 894 4417 p.
915 4353 982 4416 lib).
