2978 4950
713 95 778 161 503
839 130 842 134 >

145 286 233 372 apud
264 307 338 351 eum
370 286 481 353 Ulixes
505 285 640 352 mendici
666 285 780 350 habitu
803 285 943 350 latitans.
968 284 1185 372 Egrediuntur
1208 273 1359 367 omnesp

144 395 181 457 in
218 398 288 458 acta
324 394 432 459 cibum
468 394 616 479 capiunt,
651 390 861 458 Telemachus
893 392 972 457 dicit
1003 413 1036 457 se
1068 413 1161 480 agros
1190 394 1334 458 visurum

145 519 290 584 quaeque
324 499 393 564 illic
427 504 595 587 gerantur,
627 504 766 564 caeteros
796 521 872 563 κσοι
900 500 942 562 ad
962 500 1061 563 ιιοόοικ
1083 519 1214 587 pergere
1236 497 1335 562 iubet.

146 604 200 670 Ad
234 607 311 671 haec
341 605 597 693 Theoclymenus
620 611 762 671 maestus
785 610 877 692 rogat
903 605 942 670 ad
963 626 1131 690 quemnam
1153 626 1186 670 se
1205 605 1338 671 conferri

146 709 243 776 velit:
279 721 322 794 πή
355 712 417 792 γόιρ
451 713 531 790 ἐγώ,
564 713 640 792 Φόλε
671 710 790 789 τέκνον,
825 711 877 787 ἴση
903 717 957 777 τεῦ
979 711 1095 788 δώμαθ’
1120 709 1252 789 ῐ’κωμαι;
1277 707 1336 774 Re-

146 819 254 882 mittit
277 839 351 883 eum
376 817 586 884 Telemachus
610 817 650 883 ad
672 837 804 903 procos,
827 820 861 883 in
886 838 1021 902 quorum
1046 839 1144 884 manu
1167 837 1251 883 nunc
1275 818 1339 881 sint

146 925 268 989 omnia.
297 922 368 991 Hoc
392 928 461 1011 ipso
482 927 636 1010 temporis
659 930 823 990 momento
846 925 1008 989 ἐπέπτατο
1031 922 1127 998 δεξιός
1150 922 1237 1003 δρνις.
1269 920 1338 1002 Quo

145 1032 285 1118 augurio
317 1036 354 1096 ut
379 1031 493 1125 ‘Ulixis
522 1031 687 1096 conatibus
709 1029 815 1096 fausto
839 1034 981 1116 exposito
1004 1029 1214 1096 Telemachus
1236 1029 1339 1093 laetus

145 1134 260 1202 Piraeo
291 1136 450 1223 hospitem
483 1137 700 1221 commendat,
733 1135 886 1202 fidissimo
911 1137 1029 1214 sodali,
1055 1139 1195 1209 ἐνδυκέως
1219 1139 1338 1218 φιλέειν

145 1243 201 1308 καὶ
222 1242 345 1322 πιέμεν,
371 1243 487 1309 εόσόκεν
511 1242 598 1308 ἔλόοι.
623 1248 685 1328 (vs.
711 1241 915 1338 4955543.)
940 1241 1001 1312 Oui
1023 1244 1156 1310 Piraeus

196 1349 273 1415 546.
308 1348 393 1415 τόνδε
416 1351 447 1416 π’
472 1351 532 1428 lya
557 1356 669 1434 κομιῶ,
693 1349 795 1428 ξενίων
820 1349 851 1414 δέ
876 1351 901 1414 oi
925 1351 958 1415 οὐ
983 1352 1058 1424 codd
1082 1351 1180 1416 ἔσται.

349 1455 416 1530 Ὣς
442 1458 534 1522 εἰπὼν
559 1457 609 1521 ε’πδ
634 1458 701 1530 vnde
725 1453 802 1533 ἔβη,
830 1456 972 1521 ἐκέλευσε
996 1459 1022 1522 δ’
1047 1458 1182 1536 ἑταίρους

308 1566 419 1636 αὐτούς
444 1567 471 1628 π’
498 1562 665 1640 ἀμβαίνειν
689 1562 749 1628 ἀνα
771 1587 806 1626 πε
831 1563 1006 1642 πρυμνήσια
1028 1569 1133 1630 λῦσαι.

308 1673 332 1736 ci
357 1670 383 1735 δ’
408 1666 480 1750 αἶψ’
505 1671 659 1746 εἴσβαινον
683 1669 735 1734 καὶ
761 1669 811 1734 ἐπὶ
837 1677 939 1742 κλιιῖσι
963 1671 1094 1750 καθῖζον.

195 1775 272 1842 550.
308 1776 503 1856 Τηλέμαχος
529 1777 554 1842 δ’
579 1777 637 1842 ὑπό
662 1776 769 1840 ποσσὶν
795 1775 927 1849 όδήσαπο
950 1778 1035 1841 καλόν
1061 1779 1191 1855 πόδιλα,

309 1880 407 1950 εἵλετο
431 1885 457 1948 δ’
482 1882 614 1960 ἄλκιμον
638 1883 735 1965 ἔγχος
760 1882 942 1965 ἀκαχμένον
966 1884 1024 1961 azir
1048 1887 1161 1964 χαλκῷ

308 1992 374 2065 νκδς
398 1993 455 2056 ἀπ’
479 1991 626 2071 ἰκριόφιν·
651 1990 711 2056 ccl
736 1990 773 2054 δὲ
799 1990 1012 2070 πρυμνήσι’
1037 1990 1199 2055 ἔλυσαν.

308 2099 341 2162 οἱ
361 2098 429 2175 μὲν
450 2098 682 2169 οδνόσαντες
705 2095 828 2161 πλέον
849 2098 885 2168 ἐς
905 2097 1031 2174 πόλιν,
1051 2100 1089 2168 ὡς
1110 2096 1267 2162 ἐκέλευσεν

307 2205 520 2285 Τηλέμαχος,
544 2205 637 2285 Φόλος
662 2204 722 2276 υἱός
749 2203 916 2278 Ὀδυσσῆος
940 2205 1041 2269 deloco·

194 2309 270 2374 555.
307 2311 358 2375 τόν
383 2311 409 2374 δ’
434 2307 497 2375 ὦκα
522 2309 723 2391 προβιβῶνπα
747 2309 837 2383 πόδες
863 2311 964 2391 Φόρου.
992 2312 1016 2395 ¹)

143 2416 261 2483 Nonne
292 2417 396 2505 igitur
425 2421 546 2505 optime
580 2418 661 2482 dixit
684 2426 777 2484 vetus
801 2419 1049 2504 grammaticus:
1076 2417 1141 2482 ἐπεὶ
1166 2419 1217 2482 καὶ
1243 2419 1334 2499 πρὶν

145 2524 355 2589 εόσελόεῖν
387 2526 425 2588 ἐν
458 2533 503 2607 πή
535 2524 599 2599 νηῒ
627 2524 679 2588 πδν
702 2523 799 2589 οἰωνόν
824 2520 908 2589 eide?
931 2523 1060 2588 Poterat
1083 2522 1136 2589 vol
1158 2527 1336 2591 accuratius

146 2630 217 2711 πρὶν
241 2629 324 2703 αὖθις
348 2632 495 2696 εἰσελθεῖν
519 2630 653 2707 dixisse,
679 2630 733 2695 sed
755 2629 833 2695 talia
854 2629 894 2696 ad
912 2628 1209 2696 iurisconsultorum
1230 2635 1336 2698 anxie-

145 2742 249 2803 tatem
280 2739 407 2826 exigere
440 2737 474 2801 hi
498 2757 560 2802 non
584 2736 697 2802 solent.
745 2735 786 2800 Et
811 2736 932 2822 optime
955 2739 1001 2801 sic
1023 2736 1147 2803 reddita
1170 2758 1265 2804 causa
1288 2746 1335 2804 est

146 2865 206 2909 our
236 2843 312 2909 illa:
343 2852 421 2908 ποῖον
453 2846 531 2922 ἐγὼν
563 2842 660 2907 οἰωνόν
684 2842 914 2917 ἐϋσσέλμου
940 2843 1005 2906 ἐπὶ
1032 2841 1120 2916 νήός
1145 2845 1163 2928 ΙΙ
1188 2843 1335 2922 ήμενος

147 2949 336 3032 ἐφρασάμην
362 2953 469 3035 spuria
492 2949 636 3015 habenda
659 2952 741 3025 sint,
768 2951 884 3034 quippe
908 2969 987 3034 quae
1010 2952 1051 3014 iis
1073 2970 1152 3034 quae
1174 2971 1213 3016 ox
1240 2950 1334 3019 0546

147 3078 234 3142 seqq.
259 3059 485 3143 exscripsimus
508 3063 615 3141 aperta
639 3055 864 3121 contradicant.
912 3055 1062 3141 Superest
1084 3066 1121 3121 ut
1149 3078 1337 3142 quaeramus

147 3170 183 3229 et
214 3184 384 3248 quemnam
415 3165 491 3229 haec
519 3163 669 3228 athetasis
691 3168 850 3227 auctorem
870 3162 985 3228 habeat
1005 3168 1037 3227 et
1056 3165 1107 3228 cui
1126 3169 1337 3253 grammatico

147 3273 219 3335 eius
249 3271 397 3335 notitiam
431 3276 591 3354 acceptam
618 3269 798 3334 referamus.
836 3268 1054 3333 Aristarchum
1080 3278 1241 3336 auctorem
1265 3293 1336 3359 gra-

147 3379 320 3442 vissimum
352 3396 414 3441 uon
445 3375 551 3441 dubiis
584 3376 686 3461 signis
709 3377 773 3438 iam
799 3376 931 3461 agnovit
953 3375 1163 3460 patefacitque
1187 3375 1337 3444 Lehrsius

146 3480 209 3566 l.l.‚
244 3482 368 3548 collatis
401 3487 525 3548 nostrae
559 3488 651 3545 notae
685 3481 804 3546 verbis:
840 3477 898 3567 (ότι
927 3480 976 3566 τό)
1011 3481 1180 3559 ἐγεγώνευν
1212 3481 1335 3562 ἄκαιρόν

147 3591 233 3655 ἐστιν
264 3611 337 3655 cum
362 3589 571 3655 Aristoniceis
596 3598 622 3652 Θ
648 3586 730 3654 223:
755 3588 825 3665 πρὸς
850 3587 884 3650 πό
909 3587 1086 3665 γεγωνέμεν
1110 3586 1157 3653 ότι
1181 3591 1213 3654 οὐ
1237 3595 1333 3668 ψιλῶς

153 3781 279 3790 ——---·-
294 3782 299 3787 .

184 3909 213 3972 1)
231 3904 347 3980 Similiter
363 3920 391 3954 ax
408 3902 578 3953 recentioribus
595 3902 689 3951 Tuccius
707 3916 758 3950 rom
775 3900 898 3965 proposuit
915 3898 953 3967 (in
970 3904 1027 3950 nola
1044 3904 1074 3950 cd
1089 3903 1184 3970 pluop
1204 3894 1336 3971 ‚libripens

147 4000 244 4049 stimmt
260 4013 344 4046 uasere
361 3995 434 4045 Stella
450 3995 517 4044 nicht
532 4009 608 4056 ganan
625 3992 671 4041 mit
687 3993 729 4041 dar
747 3991 885 4041 wirkliehcn
905 3992 1039 4056 lircilrlung
1056 3993 1129 4041 dieses
1148 3993 1251 4045 Vorialls
1266 3998 1335 4046 0⁵25

147 4081 234 4129 -533
259 4079 367 4137 ihereim
393 4079 455 4127 deun
481 4077 537 4125 cort
561 4074 699 4124 beobachtet
725 4074 912 4139 Theoklymcnos
934 4074 1008 4123 diceas
1023 4075 1123 4124 Zcichea
1141 4077 1207 4126 nicht
1224 4079 1267 4127 aul
1282 4080 1334 4128 darn

146 4172 236 4222 Schiffe
260 4170 349 4220 sitaeud
375 4163 428 4226 (tari
446 4165 497 4223 υνδε
517 4161 625 4223 ήμενος),
649 4166 750 4214 sondcrn
774 4164 834 4213 uach
851 4164 893 4212 der
910 4168 989 4214 ersten
1007 4165 1122 4229 Iaudang
1138 4167 1162 4215 in
1182 4169 1269 4220 lthaka
1285 4175 1338 4224 rand

148 4257 193 4306 οδε
209 4254 244 4302 sie
260 4253 344 4302 wieder
359 4246 512 4313 dracmas?
