2978 4950
713 152 779 222 439

139 346 287 432 Apparet
319 345 532 434 etymologias
560 345 613 410 hio
644 348 765 431 captari
797 345 958 433 simulque
970 346 1162 441 {allegorias
1209 350 1337 420 Invenit

139 472 263 519 nomen
285 474 380 518 suurn
405 455 419 516 θ
444 450 585 525 Κυνυπθς
610 453 649 517 ab
674 451 797 517 eiulatu
821 456 1009 520 miserorum
1031 459 1236 538 mortalium,
1260 479 1337 544 quo·

139 581 219 625 rum
240 561 404 625 canseima
427 561 533 643 capita
552 558 780 624 descenderunt
798 560 884 644 apud
901 561 1034 648 inferos,
1056 571 1165 652 estque
1185 567 1262 632 adeo
1279 566 1337 630 hu·

140 687 314 738 manorum
339 666 484 731 dolorum
509 665 665 744 ἐπιίνυμον
690 667 794 730 ιιιικθν.
843 667 892 730 Ab
917 670 992 755 igue
1017 673 1100 756 quod
1126 674 1280 760 quidquid
1303 677 1337 738 in

140 773 275 838 homine
295 772 429 837 mortale
447 779 496 837 est
516 775 691 856 consumit,
705 773 718 836 ὑ
733 772 969 851 Πυριφλεγέθων
982 797 1097 843 nomen
1110 788 1217 864 aperte
1230 783 1337 847 traxit.

143 880 234 957 Στὺξ
257 882 296 944 ab
313 875 439 944 horrore
458 889 491 943 et
509 880 641 943 tristitia
659 880 745 943 diota
765 881 841 963 (ἀπὸ
855 885 909 943 τοὺ
922 883 1130 963 σσυγνάζειν).
1169 886 1338 952 Difficilior

142 1007 193 1051 res
218 992 287 1051 erat
305 990 339 1050 iu
360 985 551 1050 Acherontis
571 988 692 1072 origiue
713 985 903 1072 indaganda.
940 986 1122 1055 Commeuti
1142 999 1217 1057 sunt
1236 996 1338 1080 igitur

143 1092 381 1179 etymologiam
410 1113 481 1156 vere
504 1091 673 1156 Graecam:
699 1089 744 1155 ίπι
770 1090 838 1172 ἀχη
862 1093 983 1169 γίνετοιι
1009 1098 1094 1171 μεπά
1118 1101 1153 1162 τὸ
1178 1099 1254 1177 ήρίον
1273 1103 1337 1183 (aix

145 1199 305 1283 --ηρίον,
326 1199 491 1278 Ἀχέρων).
515 1197 644 1281 Restat,
657 1203 694 1260 ut
706 1200 939 1284 investigemus
952 1203 1080 1266 cuinam
1092 1203 1173 1268 hanc
1185 1205 1336 1269 eximiam

143 1306 326 1378 doctrinam
357 1313 519 1390 acceptam
543 1304 726 1369 referamus.
775 1304 900 1389 Nempe
922 1313 1031 1372 nostra
1053 1309 1092 1373 ad
1116 1311 1250 1375 verbum
1274 1311 1338 1375 fore

143 1419 294 1498 excerpta
318 1420 392 1479 sunt
416 1434 454 1477 ex
474 1410 658 1487 Heraclito,
675 1410 913 1498 allegoriarum
934 1412 1177 1481 Homericanrm
1199 1423 1336 1493 auctore,

143 1541 227 1604 qnae
261 1541 310 1585 res
341 1518 542 1584 Dindorfium
575 1521 695 1605 tugisse
726 1518 870 1601 videtur,
895 1525 989 1604 atque
1013 1522 1058 1586 ita
1083 1524 1336 1590 emendationem

143 1633 288 1691 nostram
312 1625 398 1690 facili
423 1628 552 1713 negoti0
576 1623 719 1689 stabilire
744 1622 864 1688 licebit.
900 1625 950 1690 Ita
980 1631 1066 1692 enim
1091 1629 1143 1695 hio
1169 1669 1209 1678 —
1235 1632 1337 1697 etsie

143 1732 278 1797 demum
300 1744 484 1817 excerptum
505 1738 648 1796 nostrum
668 1729 760 1815 plene
780 1730 926 1817 intellegi
945 1734 1061 1816 poterit
1079 1773 1116 1784 -
1129 1736 1168 1819 (c.
1184 1735 1334 1817 LXXHI,

143 1860 175 1925 p.
203 1839 269 1903 144
291 1838 422 1923 Μθὺί.)τ
458 1839 617 1916 Μετοιβάς
643 1835 668 1900 δ’
701 1837 734 1900 ἐκ
766 1843 824 1900 τῶν
857 1837 929 1916 ὑπὲρ
962 1849 1020 1916 γής
1047 1841 1246 1920 θεωρημάτων
1270 1844 1337 1908 οὑδὲ

142 1947 200 2020 τήν
224 1947 333 2026 ἀφιουή
359 1948 411 2010 rai
437 1946 544 2024 νεκράυ
565 1945 658 2024 Φύσιν
679 1941 782 2007 είοισεν
801 1945 1071 2024 ἀνοιλληγὺρηπον,
1102 1949 1189 2013 ἀλλά
1217 1953 1267 2014 κοιί
1294 1952 1336 2015 τοὶ

143 2055 176 2119 ἐν
209 2051 306 2118 Αἴδου
338 2053 534 2130 συμβολικῶς
567 2048 788 2130 ἐφιλοσόφησε.
815 2053 956 2122 Κωκυτὸς
981 2047 1029 2115 οὑν
1054 2051 1067 2115 ὑ
1092 2061 1205 2135 πρῶτος
1229 2056 1337 2131 θυομά·

143 2160 234 2242 ζετυι
260 2158 424 2237 ποποομὺς,
448 2160 603 2235 ἐπώνυμον
623 2158 805 2237 ἀνθρωπίνου
826 2157 939 2229 πάθους
962 2158 1066 2225 κοικθν.
1090 2163 1183 2239 θρῆνοι
1203 2164 1266 2243 γάρ
1284 2164 1335 2227 ἐπὶ

142 2278 209 2341 τοῖς
233 2269 389 2332 τεθνεῶσιν
412 2269 438 2331 οἱ
463 2267 550 2346 ποιρά
574 2272 632 2329 πῶν
657 2265 782 2345 ζώντων.
807 2264 1079 2345 Πυριφλεγέθοντος
1100 2267 1125 2332 δ’
1144 2267 1257 2349 ἐφεξῆς
1278 2270 1335 2335 duo·

142 2374 252 2456 μάζει.
272 2375 357 2451 μεπά
378 2375 441 2453 γάρ
461 2374 504 2437 πά
525 2372 642 2450 δάιιρυοι
662 2372 767 2453 ποιφοά
789 2371 840 2435 act
860 2376 919 2450 πὺρ
941 2373 1093 2454 ἀφανίζοι
1111 2370 1210 2439 ὑίστι
1227 2379 1335 2451 θνηπής

141 2479 257 2561 σοιρκθς
278 2483 308 2545 ἐν
329 2483 411 2557 ήμίυ.
433 2479 627 2562 ἀμφοτέρους
647 2479 678 2543 δὲ
697 2479 766 2550 τοὺς
788 2480 948 2556 ποποιμοὺς
969 2482 1011 2553 είς
1029 2477 1084 2544 ἕνα
1096 2481 1147 2546 σὺυ
1162 2481 1334 2563 Ἀχέροντος
1390 2567 1392 2570 .

141 2590 323 2668 συρρέοντος
346 2584 445 2665 οἶδεν,
470 2588 641 2666 ἐπείπερ
666 2585 887 2667 ἐκδέχεται
913 2588 1019 2663 μετὺ
1042 2588 1134 2660 ποὺς
1160 2591 1333 2670 πρώτους

141 2695 348 2765 κωκυποὺς
382 2694 447 2757 eal
479 2695 550 2768 τήν
581 2691 854 2774 ὀφειλομένην
878 2695 1016 2772 τοοφήν
1039 2692 1122 2775 ἀχη
1147 2697 1237 2760 τιυά
1263 2699 1332 2761 xci

141 2805 272 2866 λὺποοι
303 2799 477 2883 χρόνιοι,
509 2799 580 2878 πρὸς
613 2800 725 2876 ὀλίγοις
758 2798 940 2873 ὑπομνήσεις
966 2800 1146 2880 ἔρεθίζουσοοι
1172 2804 1214 2867 τά
1238 2804 1332 2879 πάθη.

142 2908 269 2986 Στυγὸς
294 2908 319 2973 δ’
346 2909 520 2986 ἀπορρῶγες
544 2907 570 2970 οἱ
594 2906 727 2982 ποποομοί
752 2904 802 2969 ὑιά
826 2908 880 2980 τήν
903 2906 1102 2985 στυγυθτηποι
1127 2909 1178 2973 καί
1204 2912 1257 2983 τήν
1282 2912 1333 2977 ἐπὶ

139 3018 186 3096 τῷ
209 3013 329 3092 lestap
352 3014 538 3088 κοιπήφειοιν.
575 3012 644 3077 Iam
665 3012 748 3096 quod
769 3011 931 3089 dicebam,
951 3013 1027 3077 satis
1049 3051 1089 3062 -
1111 3024 1148 3079 ut
1166 3019 1278 3101 opinor
1291 3055 1332 3066 -

139 3124 219 3188 hino
251 3120 504 3185 demonstratum
537 3121 607 3183 erit.
654 3118 765 3203 Neque
797 3125 905 3183 tamen
929 3117 1086 3184 Heracliti
1110 3122 1228 3206 ipsius,
1253 3144 1334 3208 quae

141 3227 341 3304 adferebam,
362 3226 459 3291 verba
479 3225 518 3290 ab
538 3227 626 3290 omni
646 3230 734 3309 parte
754 3227 879 3311 integra
898 3224 980 3288 mihi
993 3225 1158 3304 videntur,
1173 3230 1205 3291 in
1218 3230 1334 3313 quibus

140 3356 202 3401 neo
233 3336 326 3411 θρήνυι
359 3371 398 3380 -
433 3333 464 3396 οί
498 3333 583 3408 πιιρθι
614 3338 673 3395 τῶν
704 3329 821 3411 ζώντων
854 3331 1019 3397 commode
1051 3331 1152 3398 habeo
1176 3335 1334 3420 explicare

138 3463 201 3507 neo
224 3444 322 3504 λὺποιι
347 3437 477 3521 χρόνιοι,
499 3441 570 3518 πρὸς
594 3439 745 3514 θλίγοις
768 3438 950 3513 ὑπομνήσεις
973 3436 1154 3518 ἕρεθίζουσοιι
1174 3441 1217 3505 rol
1238 3442 1331 3516 πάθη.

139 3545 302 3634 liquidem
326 3545 419 3631 plane
443 3545 635 3609 contrarium
660 3545 895 3629 exspectabam,
924 3544 996 3621 πρὸς
1020 3546 1144 3625 μοικρθις
1168 3550 1236 3614 sivo
1260 3550 1332 3613 οιίω-

139 3656 221 3726 νίους
246 3653 439 3729 ὑπομνήσεις.
488 3651 549 3716 Sed
573 3651 657 3736 quod
681 3656 765 3716 certo
788 3671 956 3735 reponam,
981 3666 1093 3716 neutro
1112 3652 1181 3719 loco
1200 3657 1331 3739 reperio.

138 3765 193 3830 An
223 3780 280 3846 pro
312 3760 422 3836 ὀλίγοις
454 3758 671 3824 scribendum:
704 3762 802 3821 λὺποιι
836 3757 967 3838 χρόνιοι,
993 3759 1064 3837 πρὸς
1089 3757 1260 3838 διωλυγί
1268 3785 1331 3835 ους

143 3945 321 3959 ἢ

136 4067 173 4118 ibi
202 4068 342 4130 comparet?
369 4066 432 4113 Num
450 4047 515 4129 quod
539 4063 701 4128 suspicantur,
720 4063 744 4110 id
762 4061 821 4111 olim
838 4061 926 4111 lectum
944 4062 1015 4111 tuisse
1033 4063 1089 4113 ibid.
1108 4081 1126 4113 o.
1148 4065 1183 4114 lv
1202 4069 1213 4129 θ
1230 4067 1273 4127 35,
1293 4067 1333 4119 ubi

135 4173 204 4209 nnnc
227 4151 336 4215 ήμηδὲν
354 4149 441 4217 ’ὑφολος
460 4151 540 4201 οιὺπθίν
560 4149 633 4208 εἶναι,
650 4153 703 4216 quis
725 4152 770 4200 hoo
792 4151 893 4216 probet?
915 4154 960 4201 Sed
979 4154 1023 4202 hoc
1040 4152 1125 4203 obiter.
1151 4157 1331 4208 Adnotarcrunt

135 4246 258 4299 Tbesuuri
281 4244 436 4310 stephanioni
457 4244 558 4291 editores
576 4246 600 4290 ot
618 4242 679 4314 apud
698 4241 757 4289 ulios
774 4241 893 4305 aequiores
911 4258 990 4292 vocem
1008 4240 1095 4304 ὑφειλή
1110 4243 1236 4308 aliquoties
1253 4265 1333 4298 occur·

134 4347 207 4390 rara,
227 4332 255 4379 nt
272 4328 298 4377 in
317 4328 347 4376 N.
366 4327 393 4375 Τ.
412 4342 448 4392 ap.
469 4325 558 4375 Matth.
577 4325 678 4383 XVIII,
697 4325 729 4373 82
746 4327 771 4373 at
788 4325 817 4373 ad
835 4326 904 4375 Rom.
923 4327 996 4384 xlll,
1016 4325 1039 4385 7,
1055 4327 1331 4393 itemap.Eustathium.
