2978 4950
711 196 776 272 140

147 389 280 470 ματιιιδν
313 390 457 473 νομίζειν
495 384 510 455 δ
544 392 597 456 καί
633 392 839 474 χαριέστερον.
873 396 898 458 oi
930 393 962 459 δὲ
995 393 1212 460 ἐνέκλιναν
1241 391 1281 464 ric
1309 399 1324 459 ε

148 498 274 583 ἔλεγεν,
306 500 368 564 είτε
399 501 463 571 tric
494 498 556 564 εἴτε
593 496 754 579 άνίρατος.
803 501 855 566 Διί
890 522 970 586 quae
1002 501 1238 566 Buttmannus:
1265 499 1324 578 „oh

148 606 320 670 servandus
349 604 403 670 hic
434 627 511 671 usus
539 606 578 671 da
608 606 723 671 vocula
749 607 897 690 σονεορίιο
920 607 1035 684 μαινίδ’,
1060 607 1160 674 simul
1182 607 1225 673 ad
1247 606 1324 673 hsxi

147 709 259 798 logum
284 733 379 775 suum
405 711 452 794 (I,
480 710 521 777 17
543 718 608 777 not.
634 711 676 776 21
701 719 733 778 et
758 712 800 786 58
824 715 843 797 ξ
867 710 901 797 7)
926 717 1078 779 reiicians
1128 713 1240 780 Iamne
1262 714 1324 779 sati

148 824 268 884 certum
296 824 362 901 ast,
383 817 416 881 in
436 816 677 883 Monadicorum
698 819 766 883 ioco
785 820 937 895 ε’ρκλίνειν
957 819 1129 908 legendum
1152 817 1238 887 essai
1250 818 1324 900 Quo

147 927 174 990 si
209 930 293 990 recte
327 925 506 1009 disputavi,
539 931 784 990 consentaneum
820 932 939 1018 estex
972 925 1148 993 Herodiani
1183 929 1324 992 sententi

147 1031 246 1099 verba
275 1052 349 1095 cum
381 1027 472 1107 άπαξ
502 1033 678 1116 composita
708 1052 771 1096 nou
801 1053 840 1096 ex
876 1033 999 1098 hehrsii
1034 1040 1202 1119 praecepto
1236 1031 1324 1111 άπαξ

147 1135 287 1210 άπαντες
312 1145 345 1202 et
369 1135 566 1212 άπαξάπλῶτ
587 1137 751 1203 scribenda
774 1158 858 1217 esse,
882 1141 955 1223 ssd,
980 1147 1017 1204 ut
1040 1161 1136 1224 supra
1155 1143 1224 1204 iam
1242 1140 1324 1227 signi

147 1241 300 1320 flcabam,
325 1227 555 1319 άτάξάπιιντει
577 1251 610 1309 et
628 1241 842 1318 άπάξάπλῶρ.
868 1244 1070 1311 Herodianus
1088 1250 1174 1312 enim
1187 1245 1324 1316 hmmih

147 1349 231 1418 velle
267 1350 413 1416 videtur:
445 1351 566 1414 debehat
595 1347 827 1425 άπαξάπαντερ
857 1359 891 1416 et
920 1348 1138 1430 άπαξάπλῶς,
1168 1351 1227 1419 aed
1257 1371 1324 1416 som

147 1457 255 1522 munis
285 1457 410 1522 dicendi
440 1478 518 1522 usus
546 1457 593 1522 ita
623 1460 846 1542 pronunciavit
876 1465 914 1522 ut
936 1459 1031 1523 modo
1050 1462 1155 1545 posui.
1199 1457 1273 1524 Hoc
1293 1477 1324 1525 sa

148 1563 232 1649 quod
260 1566 406 1629 imitator
436 1567 590 1649 expressit
621 1585 678 1648 per
707 1565 1040 1643 μεταλαμβάνει
1068 1566 1120 1631 τὸν
1143 1564 1216 1630 ίδιον
1238 1564 1323 1630 τίνον

148 1672 312 1756 proprium
343 1677 510 1735 accentum
535 1690 610 1734 cum
635 1669 698 1736 alio
715 1673 911 1755 permutavit,
936 1694 974 1737 sx
997 1677 1195 1758 paroxytono
1218 1670 1324 1736 faetus

148 1783 197 1842 est
227 1778 261 1841 in
284 1777 345 1842 hac
368 1777 528 1862 parathesi
551 1784 706 1862 οσρίνιιοιι.
753 1776 796 1841 Et
818 1779 863 1842 sic
886 1778 1018 1864 planum
1042 1779 1165 1844 factum
1189 1783 1253 1854 est,
1280 1796 1324 1862 qn

147 1904 241 1949 sensu
272 1883 493 1968 accipiendum
521 1885 564 1947 sit
587 1881 670 1948 iilud
693 1886 921 1960 μετείληπται,
946 1885 1030 1950 unde
1054 1893 1122 1951 tota
1145 1890 1256 1950 nostra
1277 1882 1324 1948 dis

146 1992 273 2076 putatio
296 2010 407 2054 exorsa
426 1995 491 2061 est.
510 2010 591 2074 quae
609 1988 819 2076 significatio,
840 1994 945 2057 nescio
963 1991 1138 2076 quomodo,
1151 1997 1185 2056 et
1196 1987 1324 2055 Bosckh

146 2100 217 2163 ium
242 2103 274 2162 et
296 2094 533 2161 Buttmannum
557 2095 679 2183 fugisse
701 2097 837 2162 videtur.

191 2336 227 2389 y,
258 2307 336 2374 252.
368 2312 423 2382 Είρ
446 2309 513 2374 τὸν
536 2308 753 2390 Φιλάδελφον·
779 2309 930 2380 τοιούτους
954 2311 1009 2384 γά
1017 2334 1033 2390 ρ
1057 2311 1087 2373 ἕν
1111 2308 1224 2375 Ἰλιάδι
1249 2308 1324 2390 περί

146 2417 240 2482 δυκεν
274 2417 399 2488 αὐτούς.
434 2415 494 2502 (H)
526 2416 687 2481 Vitiosum
716 2415 768 2479 τὸν
791 2414 974 2481 Dindnrfius
997 2418 1064 2501 ipse
1087 2418 1121 2480 iu
1145 2416 1188 2479 τδ
1213 2423 1324 2482 mutan

146 2524 225 2588 dum
260 2544 326 2589 esse
356 2524 406 2587 bis
438 2525 578 2598 monuit,
593 2563 596 2568 -
614 2525 647 2586 in
679 2524 761 2607 App.
793 2543 823 2607 p.
859 2521 941 2606 748,
966 2523 1050 2586 unde
1073 2523 1230 2588 discimus
1254 2523 1324 2588 idau

145 2628 294 2695 Scholion
325 2631 423 2693 etiam
451 2631 516 2716 legi
545 2631 579 2692 in
610 2628 638 2692 Τ
662 2628 771 2711 ibique
794 2635 879 2692 recte
902 2629 1010 2693 referri
1035 2628 1074 2692 ad
1098 2650 1146 2693 rs.
1172 2628 1242 2693 258
1267 2649 1324 2695 cun

144 2734 298 2801 lemmate
321 2735 386 2800 οὐδὲ
409 2736 535 2810 ίανίντι,
563 2742 595 2800 et
613 2733 714 2798 Praei.
737 2755 770 2818 p.
793 2752 823 2810 n,
845 2734 928 2798 unde
948 2741 1077 2819 apparet
1095 2741 1218 2799 rectam
1240 2737 1324 2820 scrip

145 2852 252 2909 turam
277 2863 343 2909 esse
367 2845 464 2906 etiam
488 2845 523 2906 in
545 2840 596 2916 H,
618 2862 656 2905 ex
677 2860 739 2924 quo
758 2840 864 2905 codice
888 2841 964 2906 haec
988 2844 1131 2925 primum
1153 2841 1324 2907 editasuut

144 2950 312 3015 Praeterea
346 2951 490 3033 requiro:
525 2949 676 3017 τοιούτους
711 2949 789 3024 γάρ
823 2948 917 3032 (καὶ)
951 2949 981 3011 ἒν
1014 2946 1125 3012 Ἰλιάδι
1164 2949 1324 3027 παρέδωκε

145 3057 275 3139 αὐτούς,
307 3050 421 3139 n'empe
456 3053 640 3119 Menelaum
672 3059 704 3117 et
735 3055 1020 3140 Agamemnonem.
1068 3053 1126 3117 hist
1150 3055 1220 3120 siue
1244 3054 1323 3118 dubi

144 3161 321 3226 Aristarchi
345 3160 429 3245 apud
454 3161 673 3225 Aristonicum
697 3166 772 3223 nota
796 3158 946 3224 adversus
970 3160 1177 3225 choriaontss.

192 3401 228 3454 y,
253 3373 330 3440 274.
356 3375 406 3439 Ad
427 3374 533 3438 πολλά
560 3372 777 3449 δ’άράλματα
801 3373 956 3438 habemus
980 3395 1018 3437 ex
1043 3373 1077 3437 M
1100 3373 1324 3462 Porphyrium

145 3481 372 3567 disputationis
395 3480 630 3566 fragmentum,
657 3480 740 3564 quod
764 3478 868 3544 multo
892 3482 1050 3565 copiosius
1073 3480 1198 3567 legitur
1221 3485 1257 3546 in
1285 3478 1324 3543 Vr

145 3593 219 3653 neto
254 3597 275 3650 B
309 3586 348 3650 ad
379 3584 471 3649 Iliad.
508 3595 536 3648 Ψ
570 3583 636 3646 259
660 3605 733 3648 cum
757 3584 910 3650 nonnulla
934 3589 1109 3669 scripturae
1134 3587 1324 3653 diversitate

145 3714 208 3778 qua
237 3696 270 3756 in
295 3713 345 3773 re,
370 3697 407 3755 ut
431 3712 555 3774 semper
579 3691 660 3763 sere,
686 3689 846 3776 Odysseae
869 3691 992 3755 codices
1015 3695 1156 3776 potiores
1181 3697 1324 3758 existim·

144 3798 281 3862 Initium
313 3801 347 3860 in
379 3796 498 3861 Veneto
529 3808 551 3860 B
583 3799 628 3860 sic
651 3817 683 3860 se
707 3797 819 3861 hahet:
846 3801 1025 3873 Πιρφυρίου.
1050 3801 1107 3862 Ἐκ
1136 3801 1248 3865 τούτου
1272 3800 1310 3865 δε

145 3927 286 3967 ιινυται
311 3903 324 3964 ὃ
348 3904 501 3979 Ὅμηρος,
523 3902 639 3965 ὁπόταν
663 3903 698 3965 τὸ
726 3902 813 3978 γένος
843 3905 969 3980 προείπη
989 3905 1023 3965 τὸ
1045 3906 1222 3970 συνεκτικόν
1244 3929 1324 3971 ress·

145 4009 298 4088 ἐπιφέρειν
330 4009 440 4071 εἴωθε
472 4009 525 4072 καὶ
558 4009 600 4072 τά
635 4007 841 4088 περιεχόμενα
871 4008 955 4091 εἴδη,
989 4013 1021 4073 οὑ
1048 4010 1153 4085 μέντοι
1179 4014 1247 4090 διά
1270 4037 1320 4077 τα

145 4114 437 4194 διαζευκτικοῦ
473 4114 722 4197 συνδέσμου,
752 4107 782 4184 ὃς
816 4116 868 4178 οὐκ
901 4113 965 4178 ἔστι
997 4121 1204 4196 συναγωγάς,
1236 4116 1324 4184 tati

144 4226 214 4284 τοῦ
257 4220 678 4296 συμπλεκτικοῦ”καὶ
722 4223 971 4298 άνοιφοριιιοῦ
1016 4224 1085 4287 καὶ
1134 4226 1324 4307 ὑπάρχει

145 4325 281 4394 πάντα
316 4326 600 4401 σημαίνοντος.
651 4326 688 4391 [n
717 4326 768 4390 his
798 4347 894 4410 quam
926 4331 1155 4396 inconcinnum
1188 4338 1238 4399 est
1267 4332 1306 4396 δε
