2978 4950
677 239 679 243 ’
783 244 825 310 50

211 452 295 496 rum
319 431 491 497 Herodiani
515 435 649 498 scntsnt'
640 453 707 498 ram
730 434 917 499 habemus
908 456 940 498 ιιι
968 434 1037 498 eius
1060 431 1338 498 animadversione
1366 427 1408 494 ad

213 537 303 603 Iliad.
337 547 377 614 Z,
403 537 486 602 260:
520 538 699 603 ἔτειταδὲ
724 540 873 611 καύτὸς
898 541 1037 616 ὀνήσεαι,
1060 538 1096 602 αἲ
1120 561 1154 602 κε
1178 538 1306 611 πίῃσθα.
1353 533 1409 599 Ad

212 643 290 708 haec
314 643 531 709 Herodianus.
564 646 604 709 δε
629 644 799 718 καύτὸςε
824 652 913 711 τοῦτο
937 647 1030 724 διχῶς
1054 645 1313 721 οἰνανινώσκεται.
1344 637 1408 705 ὅσοι

211 751 276 827 γὰρ
309 750 456 824 ἡγοῦνται
489 750 646 826 ἐγκεῖσθαι
677 752 729 814 τὸν
758 753 791 815 κέ
816 750 1008 829 tyanensis,
1033 750 1187 829 leccatori
1212 753 1266 812 τοῦ
1292 747 1325 812 δέ
1351 749 1409 809 risu

213 855 331 932 ὀξεῖαν,
364 858 402 926 ὠς
435 857 487 919 καὶ
513 857 526 920 ὁ
553 855 803 932 Ἀσκαλωνίτης·
829 856 921 928 οὕτως
948 858 1010 937 γὰρ
1034 857 1087 920 καὶ
1112 857 1145 919 τὸ
1170 856 1201 919 ἕν
1224 864 1263 935 τῇ
1288 853 1410 919 '03⁰5-

212 960 281 1043 σεία
318 962 520 1036 ἀναγινώσκει
559 961 642 1044 ,ἤτοι
672 965 728 1040 μὶν
759 961 829 1027 τάδε
859 964 972 1034 καύτὸς
997 961 1108 1026 δΐεαι.”
1129 957 1189 1025 ὅσοι
1215 961 1247 1024 δὲ
1272 961 1326 1024 τὸν
1352 960 1410 1024 καί

212 1067 297 1130 κατὰ
327 1071 433 1144 κρᾶσιν
463 1067 515 1129 καὶ
548 1066 702 1144 ἔκθλιψιν,
733 1069 785 1132 καὶ
809 1068 903 1138 αὐτός
927 1104 966 1115 -
991 1066 1125 1144 καύτός,
1151 1067 1328 1144 ἐγκλίνουσι
1354 1067 1410 1128 τὸν

212 1174 253 1238 δὲ
212 1172 514 1257 δΟοιιιροιιαιιιιιε
537 1195 612 1238 cum
637 1175 687 1239 his
709 1195 760 1251 es,
784 1196 867 1260 quae
888 1175 928 1240 ad
950 1181 1094 1239 nostrum
1118 1173 1226 1238 locum
1251 1173 1299 1257 (y,
1322 1171 1410 1255 255)

214 1282 246 1344 in
272 1279 336 1344 HM
364 1280 522 1365 adscripta
544 1286 634 1344 sunt:
660 1281 825 1352 καύτὸςτ
850 1281 884 1345 τὸ
909 1279 1022 1359 πλῆρές
1047 1283 1113 1344 ἐστι
1133 1287 1189 1354 τῆς
1208 1287 1410 1357 συναλοιφῆς

214 1386 326 1452 κέν’
309 1386 377 1450 acri
411 1390 463 1449 τοῦ
494 1386 548 1459 δή.
584 1388 618 1450 τὸ
650 1383 731 1452 δὶ”
713 1409 811 1462 ομοιον
840 1389 871 1451 ἕν
894 1386 1081 1472 Ἰλιοέδι(Ζ,
1109 1385 1189 1470 260)
1215 1384 1354 1462 ,ἔπειτα
1379 1384 1413 1449 δέ

213 1494 325 1563 καύτὸς
355 1491 517 1574 δνιὶσεαι”,
553 1512 633 1576 quae
664 1501 754 1567 suut,
786 1500 822 1558 ut
852 1499 1001 1579 apparet,
1038 1494 1080 1558 rai
1119 1493 1204 1556 αὐτοὶ
1243 1492 1312 1571 τερ]
1349 1497 1414 1556 τῶν

213 1601 330 1668 αὐτῶν.
365 1599 419 1663 sed
443 1605 476 1662 at
500 1598 559 1663 hcc
583 1608 731 1683 apparet,
757 1620 853 1683 quam
877 1600 1043 1665 emendate
1068 1600 1101 1663 in
1124 1601 1257 1684 optimis
1291 1599 1415 1664 codici-

214 1706 291 1781 bus,
325 1703 496 1769 Harleiano
525 1711 557 1768 et
589 1703 767 1787 Marciano,
800 1704 876 1770 haec
900 1705 1017 1770 ultima
1040 1708 1158 1790 scripta
1180 1706 1246 1769 sint
1268 1704 1414 1789 indeque

213 1810 301 1876 edita
322 1831 395 1895 pro:
420 1810 459 1873 κέ
483 1811 551 1874 ἀντὶ
577 1816 630 1874 τοῦ
656 1808 712 1874 ἄν.
760 1809 844 1875 Illud
868 1813 954 1876 onim
978 1819 1100 1877 certum
1125 1817 1191 1886 est.
1218 1813 1354 1896 opinor,
1380 1817 1415 1876 et

214 1917 299 2001 apud
311 1916 543 1990 Aristonicum,
560 1954 600 1963 —
615 1915 653 1980 ad
667 1927 706 1992 Δ,
724 1912 787 1979 176
801 1923 978 1982 notantem:
1001 1919 1067 1981 καί
1084 1919 1123 1981 κέ
1136 1942 1200 1989 τις
1214 1914 1272 1980 ὧδ’
1286 1918 1413 1995 ἐρέειε

213 2022 278 2096 ἤτοι
302 2020 347 2084 ὅτι
377 2022 562 2106 (praestaret
585 2018 630 2084 ὅτι
655 2021 739 2096 ἤτοι,
764 2022 848 2106 quod
872 2022 967 2087 habet
991 2023 1088 2088 editio
1108 2021 1335 2099 Diudoriiana,
1356 2024 1416 2089 scd

213 2131 282 2193 iure
306 2127 510 2192 Friedliinder
533 2128 653 2192 confert
676 2126 882 2191 simillimum
906 2129 945 2193 ad
971 2140 1009 2200 Β,
1035 2127 1114 2213 488)
1137 2131 1152 2191 ο·
1176 2152 1211 2193 κε
1233 2130 1414 2209 τερισσὸςῆ

213 2235 249 2297 τὸ
282 2239 364 2314 ρ’ἤροα
396 2234 605 2308 ἕνήλλακται,
638 2233 739 2308 ἐρέει
774 2233 891 2306 (multo
914 2233 1027 2299 malim
1051 2259 1096 2298 κε
1120 2235 1232 2318 ἐρέει)
1256 2235 1327 2299 ἀντὶ
1360 2241 1419 2300 τοῦ

214 2340 322 2405 εἷται
347 2339 412 2415 ἄν,
439 2344 471 2403 et
493 2340 532 2403 ad
557 2347 604 2415 N,
632 2337 714 2404 127:
741 2375 794 2387 --
818 2335 864 2401 ὅτι
889 2339 947 2409 δὶς
972 2341 1206 2420 παρείληφε
1231 2341 1302 2403 τὸν
1327 2341 1416 2404 σύν·
1478 2340 1480 2345 ’

214 2448 378 2528 δεσμιν,
402 2444 447 2508 ἄν
472 2446 538 2508 καὶ
565 2445 649 2521 κέν,
672 2481 715 2494 -
736 2451 768 2509 et
786 2445 870 2529 apud
889 2444 1112 2511 Aristarchum
1133 2452 1166 2511 at
1178 2449 1310 2511 omnino
1324 2448 1417 2533 apud

214 2560 336 2618 veteres
355 2552 583 2638 grammaticos
601 2551 635 2613 κέ
653 2550 706 2615 vel
725 2550 775 2613 κέν
799 2550 884 2615 idem
909 2550 1014 2615 valere
1037 2573 1073 2616 aa
1097 2550 1152 2628 ἄν,
1178 2553 1266 2638 quod
1291 2556 1319 2616 si
1346 2564 1418 2629 ast,

214 2680 288 2724 cum
309 2656 509 2723 adfirmativa
533 2655 645 2720 rocula
667 2656 702 2729 li
726 2656 857 2720 adversa
880 2656 982 2720 fronte
1006 2663 1129 2743 pugnat
1147 2665 1180 2722 at
1198 2659 1419 2724 statuendum

212 2766 331 2831 scribas
365 2764 463 2828 etiam
488 2765 683 2846 optimorum
708 2761 855 2826 codicum
878 2761 1000 2826 solenni
1026 2763 1121 2828 modo
1144 2763 1316 2829 informis
1342 2765 1421 2830 lite·

212 2893 321 2937 rarum
353 2890 450 2955 prope
478 2868 639 2933 similibus
669 2905 706 2916 -
732 2876 789 2930 ΔΗ
814 2887 869 2951 pro
894 2877 951 2931 ΑΝ
979 2905 1020 2915 -
1046 2869 1213 2934 titubasse.
1262 2870 1352 2935 Rem
1379 2880 1421 2936 ut

213 2996 396 3063 persequar.
417 2996 456 3040 ex
477 2974 647 3039 Aristonici
667 2993 791 3057 quoque
811 2978 885 3038 nota
905 2973 945 3036 ad
965 2974 1049 3037 hunc
1061 2975 1198 3039 eundem
1212 2975 1327 3042 Iliadis
1343 2999 1418 3042 ver-

214 3105 304 3160 sum,
330 3083 368 3146 de
392 3101 454 3165 quo
478 3087 510 3144 et
532 3079 750 3144 Herodianum
774 3081 877 3164 egisse
901 3078 1100 3143 vidimusffl
1082 3104 1128 3144 οτι
1147 3082 1323 3160 rorasse
1346 3085 1419 3150 ἐστι

214 3215 248 3254 κε
286 3189 390 3257 αὑτός.
427 3187 592 3264 Ομνρικὸν
621 3185 652 3249 δὲ
685 3185 768 3247 τὸτ
748 3184 799 3247 τὸν
832 3208 866 3246 κε
895 3207 950 3260 τερ
953 3184 1034 3247 ιττὸν
1058 3181 1221 3257 σῖναι,-
1178 3209 1288 3254 —ex
1312 3191 1420 3258 huius

212 3298 316 3384 igitur
339 3299 414 3358 nota
437 3293 500 3356 duo
522 3289 716 3356 conficimus.
741 3289 825 3354 Nam
850 3292 877 3353 si
900 3290 1079 3355 conferatur
1098 3312 1173 3356 eum
1196 3293 1420 3365 Aristonieeis

212 3403 252 3469 ad
277 3410 315 3477 T,
340 3400 415 3465 311.
440 3402 456 3473 ἥ
482 3397 548 3460 κέν
571 3421 638 3471 μιν
662 3396 852 3475 ἐρύσσεαι
877 3395 916 3468 ἠὲ
941 3396 1133 3468 σαώσειςε
1158 3395 1204 3462 ὅτι
1230 3406 1418 3480 τερισσὸςὸ

212 3509 273 3586 κέν,
298 3506 350 3571 καὶ
375 3504 441 3568 ἔστι
465 3503 500 3567 τὸ
525 3502 603 3578 ἑξῆς,
631 3502 647 3577 ἣ
673 3502 787 3578 ἐρύσεις
813 3502 942 3575 ἢαύτὸν
964 3501 1076 3573 ἐάσεις.
1103 3506 1119 3578 ἡ
1149 3503 1187 3570 δὲ
1216 3508 1417 3591 ἀναφορὰ

212 3614 307 3692 πρὸς
332 3611 404 3682 τὰς
429 3608 629 3679 τεινούσας
654 3608 930 3683 ἀναγνώσεις,
957 3603 1002 3670 ὅτι
1030 3615 1166 3686 ,πρῶτον
1190 3613 1267 3688 μέν,
1294 3614 1417 3682 ἔπειτα

212 3720 245 3786 δέ
284 3722 397 3786 καύτὸς
433 3713 595 3789 ὀνήσεαι,”
636 3714 690 3796 (Ζ,
724 3711 802 3794 260)
841 3712 1003 3789 ,μάλιστα
1035 3715 1067 3777 δέ
1099 3718 1213 3789 καύτὸς
1251 3722 1416 3799 ανέγνω.”

210 3830 272 3912 (Ν,
288 3824 364 3906 734,
386 3823 441 3886 ubi
462 3820 573 3885 eadem
594 3819 647 3883 sed
669 3820 820 3901 brevius)
834 3838 969 3901 —quae
988 3821 1025 3895 si,
1047 3822 1190 3906 inquam,
1210 3846 1287 3890 oum
1301 3839 1419 3898 nostro

209 3931 337 3999 Scholio
368 3928 589 4001 conferantur,
619 3923 726 4009 palam
750 3932 799 3987 est
822 3930 853 3987 at
877 3926 910 3986 in
934 3945 970 3988 ea
995 3945 1044 4001 re,
1073 3926 1111 3991 de
1135 3948 1198 4012 qua
1222 3932 1276 3996 hic
1304 3955 1418 4004 sermo

208 4039 289 4120 fuit,
327 4033 454 4118 (καύτός
488 4031 572 4116 apud
607 4031 787 4094 Homerum
822 4049 888 4093 esse
924 4053 958 4092 κε
990 4029 1083 4102 αὐτός
1114 4053 1176 4098 non
1200 4037 1256 4099 καὶ
1281 4042 1418 4127 αὐτός),

208 4142 428 4210 Aristarchum
464 4141 572 4222 ipsum
608 4155 675 4200 esse
710 4134 760 4197 τὸν
793 4134 915 4211 πατέρα
952 4140 1004 4199 τοῦ
1039 4137 1154 4214 λόγον.
1189 4147 1223 4206 et
1257 4165 1296 4208 ca
1330 4169 1420 4232 quae

205 4248 354 4316 Scholion
385 4250 530 4311 nostrum
559 4241 689 4327 praebet
720 4240 760 4304 ob
787 4239 955 4303 verborum
988 4242 1274 4313 conformationem
1302 4259 1419 4343 magis

202 4358 302 4423 etiam
325 4352 499 4420 Aristonici
524 4347 626 4414 videri
649 4365 747 4430 quam
770 4343 957 4410 Herodiani.
