2978 4950
652 176 717 246 385

126 391 155 436 m
177 377 212 436 et
234 389 355 436 osorem
379 371 504 457 generis
527 368 661 433 hnmani
685 390 752 435 esse
776 373 915 454 oportet,
935 371 963 434 si
986 369 1058 454 quis
1079 371 1126 433 its
1145 368 1274 433 indicet.

126 477 180 544 iod
209 477 347 543 sentiens
378 476 594 542 Buttmannus
629 477 774 560 „proprie
795 476 897 553 laus”,
923 479 1037 561 inquit.
1085 478 1128 540 At
1149 495 1224 540 vero
1248 476 1277 539 si

126 583 166 650 lin
196 584 367 649 lestosibus
398 582 568 670 cogitando
598 582 772 667 supplenda
799 583 974 668 relinquere
997 582 1123 654 licebit.
1147 581 1275 646 difficile

126 690 263 757 tellecta·
297 692 375 766 erit,
418 688 495 773 quid
539 711 597 753 αοιι
639 692 787 754 omittere
830 689 934 755 licent.
981 689 1015 754 Si
1050 689 1127 775 quid
1161 688 1272 770 video,

126 799 284 863 ieetivum
315 796 398 881 quod
431 798 622 881 requirimus
653 794 732 861 latet
763 799 796 860 in
826 797 944 873 ἐπειδή,
971 797 1054 861 unde
1077 797 1124 862 its
1146 795 1274 860 elieien-

126 924 186 969 tm:
210 902 297 967 ἐπεὶ
322 902 424 974 ἴδιος
448 907 511 971 ποῦς
537 900 658 973 ἔπαινος
680 918 748 966 κτλ.
774 902 853 968 Mox
872 903 1030 988 quomodo
1048 902 1275 989 intellegamus

142 1010 348 1089 ἐπαινουμένῳ
383 1009 530 1089 προσώπῳ
565 1006 729 1088 ώκρόοισιςθ
763 1009 853 1074 Haec
889 1029 1012 1094 quoque
1046 1029 1172 1074 summo
1208 1010 1277 1071 iure

126 1122 324 1182 nttmennnm
356 1119 475 1202 optime
499 1118 694 1202 cogitantem
720 1115 932 1181 offenderunt:
959 1119 1013 1192 „in
1036 1136 1120 1201 seqq.
1144 1112 1275 1179 entem”

126 1226 261 1309 -mqnit
287 1261 327 1271 -
353 1222 451 1300 „haec
487 1221 690 1302 ἐπαινουμένῳ
726 1222 871 1302 προσώπῳ
908 1223 992 1288 idem
1028 1223 1112 1307 quod
1143 1223 1275 1285 ἐναντίον

126 1332 145 1393 ῦ
179 1334 229 1395 ἐπ.
262 1353 348 1409 προσ.
388 1328 492 1395 velere
526 1329 640 1394 debent
673 1329 820 1413 quidem;
847 1349 886 1394 en
908 1331 1030 1414 possint
1052 1349 1114 1394 non
1137 1325 1275 1392 dieem.’‘

127 1456 200 1523 eque
235 1457 294 1524 ego
329 1435 452 1518 dicam,
488 1440 620 1519 tutoque
651 1441 759 1501 eontra
791 1438 993 1522 negaverim,
1024 1435 1056 1498 id
1087 1433 1154 1499 ullo
1182 1432 1277 1498 modo

126 1651 262 1714 ιοσώπου
295 1648 458 1728 ἀκρόασις,
493 1648 761 1732 quemadmodum
792 1648 959 1727 inplicatam,
992 1647 1075 1721 δίκην
1099 1650 1202 1726 λέγειν
1227 1647 1277 1711 ἐπὶ

126 1763 253 1833 μαστοῦ,
287 1757 335 1819 ἐπ’
368 1753 515 1837 ἄρχοντος
539 1754 723 1841 similiaque
747 1755 906 1820 dicuntur.
954 1756 1108 1840 Apprime
1131 1754 1278 1819 convenit

126 1863 174 1929 nd
203 1858 398 1928 Lneieneum
430 1863 500 1947 (pro
524 1861 630 1946 Lepsu
653 1864 685 1926 in
710 1861 811 1927 Selut.
837 1862 855 1947 ξ
880 1861 930 1945 1):
955 1862 980 1925 εἰ
1005 1861 1182 1938 πρεσβύτης
1207 1862 1279 1939 ἀνὴρ

126 1976 229 2036 ὀῦτον
263 1969 457 2048 ώπεοφώλιρς
488 1973 540 2032 τοῦ
574 1970 675 2038 καλῶς
709 1967 840 2050 ἔχοντος,
863 1969 913 2032 ἐπὶ
937 1968 1084 2033 τοσούτων
1108 1966 1279 2047 μαρτύρων.

158 2080 190 2142 in
213 2079 329 2142 nostris
354 2076 406 2162 (ud
430 2077 445 2139 θ
469 2073 564 2161 267):
593 2076 643 2138 ἐπὶ
670 2076 828 2147 ἧδυπαθών
852 2074 919 2158 ᾅδει
942 2079 1048 2139 ταῦτα
1071 2075 1085 2138 ό
1110 2074 1280 2155 κιθαρῳδός.

126 2182 230 2248 ndem
267 2184 301 2247 in
336 2181 462 2247 ultimis
496 2181 601 2246 deesse
639 2183 770 2246 verbum
806 2181 888 2247 unde
922 2179 1015 2260 μεθζοι
1046 2183 1101 2256 τὴν
1131 2180 1280 2256 ἔκπληξιν

126 2288 226 2355 ndent
256 2295 400 2374 apertum
435 2292 493 2353 est.
535 2287 648 2352 'Potum
673 2291 776 2376 igitur
796 2291 983 2353 sententiam
1007 2288 1225 2375 corrigendam
1250 2293 1282 2352 et

126 2395 299 2481 ›plendem
336 2415 446 2460 censeo
477 2395 511 2458 in
534 2395 617 2459 hune
641 2395 790 2459 modum:
817 2397 938 2458 πιθανὸν
962 2397 997 2460 τθ
1021 2395 1206 2472 ἐπίταγμα,
1231 2391 1281 2472 ἵνα

126 2503 169 2575 ρ’
184 2501 282 2567 οῦλλου
303 2501 452 2580 μαθόντες
476 2502 533 2573 τώς
556 2501 679 2582 ἐνἹλθιρ
701 2499 824 2578 προέξεις
848 2501 1049 2578 ὑπομένοντες
1070 2500 1279 2577 ώιιοώωσιν,

140 2608 181 2672 εὶ
214 2608 316 2681 ἴδιος
348 2612 411 2678 ποῦς
446 2606 567 2677 ἔπαινος
592 2608 700 2685 Φθόνον
725 2609 812 2687 παρώ
836 2615 892 2671 τῶν
915 2608 1081 2672 ιἰιιουόντων
1105 2598 1308 2691 e'erelysnou,¹

126 2708 170 2775 δ’
200 2716 287 2802 (ἐπ’)
321 2717 549 2792 ἐπαινουμένου
582 2713 756 2793 προσώπου
789 2715 933 2793 ἀκρόασις
964 2715 1058 2796 μείζω
1085 2715 1202 2802 (ἔχει)
1225 2718 1280 2788 τὴν

126 2821 247 2900 Γλνρξιν.

126 3030 177 3114 Β,
200 3031 273 3099 497.
311 3031 485 3097 Pellieetur
509 3031 621 3097 Ulixes
643 3031 839 3097 Demodoeoz

277 3140 379 3205 αὐτίκ’
404 3140 464 3217 ἐγώ
489 3144 583 3203 τοῖσιν
605 3140 781 3216 μυθήσομαι
805 3139 997 3218 ἀνθρώποισιν

273 3248 311 3320 ώς
336 3244 396 3324 ώρα
420 3270 466 3310 τοι
490 3247 628 3326 πρόφρων
652 3247 714 3317 θεὸς
739 3245 845 3309 ὤπασε
870 3246 974 3334 θέσπιν
997 3244 1108 3319 οὶοιδθν.

126 3344 243 3418 holion
273 3353 306 3417 in
336 3352 381 3417 ¹1¹:
416 3354 475 3432 οὐχ
508 3353 716 3429 ὑποθήσομαι,
741 3350 813 3416 ἄλλ’
838 3352 943 3422 εὐθέως
967 3360 1160 3430 μαρτυρῶ.
1186 3354 1281 3417 καλὸν

148 3461 254 3535 μισθὸν
276 3460 441 3525 ἀποδώσειν
466 3458 706 3537 ἐπαγγέλλεται
731 3462 808 3523 ποῖοι
833 3458 972 3537 Φανεροὶν
995 3459 1090 3522 αὑτοῦ
1114 3462 1169 3531 τὴν
1189 3459 1281 3537 δόξαν

126 3568 259 3642 νιξοειν.
294 3565 416 3632 Immo:
449 3567 525 3630 elin*
557 3567 661 3637 εὐθέως
694 3568 935 3645 μαρτυρήσω
968 3571 1000 3630 et
1023 3566 1162 3646 φανεροῦν
1184 3567 1278 3631 αὑτοῦ

126 3690 152 3741 ιν
173 3670 262 3750 δόξαν
287 3673 441 3748 ποιήσων.

143 3887 168 3965 θ,
196 3884 271 3950 499.
308 3884 425 3951 Osntor
448 3885 583 3964 θρμνθεὶς
605 3888 668 3948 θεοῦ
691 3885 813 3963 texero.
860 3883 987 3968 Duplex
1007 3884 1122 3948 horum
1141 3883 1283 3949 adfertur

126 3995 311 4081 iterpretatio
342 3995 375 4057 in
399 3992 444 4057 T:
471 3994 504 4057 εἰι
529 3995 593 4056 θεοῦ
619 3992 834 4068 ἐμπνευσθείς·
861 3993 874 4055 ό
900 3993 954 4068 γόι
962 4015 977 4069 ρ
1003 3988 1131 4066 δύναμιν
1156 3989 1207 4054 καὶ
1233 3992 1279 4073 όρ-

126 4107 153 4178 ὶν
182 4102 217 4164 ἑκ
249 4104 314 4165 θεοῦ
346 4100 473 4182 λαβών,
507 4103 522 4163 t
555 4099 617 4162 οὶπό
649 4100 715 4162 θεοῦ
748 4101 802 4170 τὴν
826 4097 948 4176 ὁρμὴν
971 4097 1192 4172 ποινσώμενος·
1217 4096 1279 4172 ἔθος

126 4212 153 4293 lp
183 4203 218 4282 ἦν
252 4208 357 4280 αὐτοῖς
391 4205 455 4269 ώπό
488 4207 552 4269 θεοῦ
587 4203 844 4285 προοιμιάζεσθαι.
893 4202 976 4282 Quid
1004 4205 1132 4267 intersit
1160 4206 1280 4271 interl

127 4314 296 4397 νόρμόνν
328 4315 361 4378 εἰι
391 4315 456 4377 θεοῦ
488 4312 595 4390 λαβών
619 4318 651 4378 et
673 4311 687 4376 ό
712 4309 776 4376 ώπό
800 4313 864 4374 θεοῦ
888 4310 943 4382 τὴν
968 4309 1059 4390 θρμῖιν
1083 4309 1286 4388 ποιησόμενος

1152 4429 1186 4479 85

938 4535 949 4567 Ι
