2978 4950
673 206 717 288 23

99 409 324 488 γλαυκιίανπες
345 410 377 478 δὲ
395 412 516 486 λίονπες
541 411 593 478 καί
617 413 731 486 'Alesia
751 412 933 488 γλαυκῶπις
954 410 1017 478 οίπδ
1038 418 1092 478 ποῦ
1113 409 1288 493 γιίλακπος,

95 514 225 583 ῶίοπιν
257 516 362 584 ῶπκιον
393 518 445 585 καὶ
478 518 530 584 διοὶ
563 524 683 583 ποῶπο
707 518 871 596 λευκὸν,
898 519 982 605 (ὑπ’)
1007 522 1130 585 αὐτοῦ
1154 519 1288 600 είριρπαι·

93 623 231 700 μέλαινα
257 624 320 705 γὰρ
341 626 358 699 ἡ
380 623 471 690 οκιοί·
495 621 585 702 οίον,
611 623 775 703 „sesemel
793 647 836 688 πε
858 628 958 689 πῐιοοιι
979 627 1120 704 οὶγιιιαί”
1136 627 1183 714 (β.
1196 627 1287 710 388.)

95 710 193 805 eluse
217 731 371 818 (πουπίοπι
401 731 494 811 Ven.)
528 732 642 806 ἡλίου
674 730 856 803 δύνοντος
880 738 1211 799 οννεοκοποῶνπο.
1235 732 1288 808 dih

94 837 128 902 δὲ
159 837 195 902 πὸ
219 838 340 915 λευκίν,
365 841 411 909 ῶς
434 840 470 904 πὸ
493 841 594 915 μέλαν
617 836 750 914 ἀμβλύ·
779 841 795 914 ἦ
821 835 868 904 οὖν
891 838 943 916 ὀξὺ
968 840 1063 917 δρῶσα
1087 848 1288 917 γλαυκῶπις,

94 947 129 1009 iu
162 945 281 1030 quihus
311 946 346 1010 οί
377 944 498 1016 λίονπες
530 951 563 1010 et
595 946 611 1020 sl
638 944 751 1017 ’λίννῖι
776 943 967 1010 Herleisnus
990 946 1120 1012 fortasse
1149 949 1286 1024 rectius,

95 1051 370 1136 quemadmodum
401 1059 485 1116 reete
514 1050 725 1137 praebetis·
750 1053 845 1115 αὐτοῦ
870 1051 995 1129 εἴρηται,
1019 1053 1075 1117 ubi
1098 1056 1288 1138 praepositio

95 1157 206 1223 ehesee
229 1161 358 1243 nequit,
379 1161 414 1223 in
434 1157 565 1243 reliquie
585 1157 766 1223 mendosus.
790 1156 874 1222 Nem
894 1179 995 1243 neque
1020 1159 1069 1222 διὰ
1088 1164 1192 1223 τοῦτο
1213 1160 1287 1244 [τί]

94 1262 207 1329 λενκίν
238 1266 365 1350 proheri
382 1270 509 1349 potest,
534 1284 637 1349 neque
660 1262 802 1328 οκιόωνπο
823 1264 881 1340 δὲ,
906 1285 1007 1349 neque
1030 1265 1082 1342 ὀξὺ
1106 1266 1136 1331 δὲ
1160 1267 1194 1329 πὸ
1219 1281 1288 1331 λεο-

96 1371 159 1446 ndu,
185 1373 255 1435 καὶ
279 1371 315 1435 πὸ
337 1372 440 1450 μέλαν
464 1371 588 1449 ἀμβλύ,
613 1391 715 1455 neque
739 1373 756 1446 ἡ
780 1368 825 1445 ῶξ.
850 1371 889 1451 ὀρ.
910 1372 1081 1457 [medonem]
1095 1378 1290 1457 γλαυκῶπις,

95 1479 131 1541 in
167 1478 285 1563 quihus
320 1478 468 1544 omnihus
502 1478 722 1563 Porphyrieue
757 1477 855 1542 editio
889 1498 1003 1543 verum
1036 1479 1181 1564 praehet,
1214 1499 1289 1544 oum

97 1590 262 1667 praeterea
289 1578 347 1647 οίον
374 1589 447 1669 post
478 1584 495 1658 el
527 1581 600 1647 οκιοί
628 1589 661 1647 et
684 1583 750 1657 ἤτοι
775 1585 859 1657 ἡλίου
882 1583 1016 1659 δύνοντος
1039 1591 1286 1661 πυνεοκοποῦνπο,

98 1689 140 1754 eh
162 1687 336 1755 Hnrleiuno
358 1688 453 1776 plene
476 1689 590 1756 eheint.
617 1690 662 1775 (p.
697 1687 738 1755 19
769 1688 791 1754 l.
818 1688 974 1778 12-15).
1023 1690 1147 1756 Iterum
1177 1694 1211 1754 in
1238 1691 1289 1756 his

99 1794 192 1882 (ibid.
216 1793 239 1861 l.
263 1794 442 1882 ela-eelz
472 1794 524 1860 καὶ
555 1794 782 1878 ζοφουμένν
807 1795 1000 1861 ίοίλαοοα
1025 1797 1174 1874 ,μελαίνει
1199 1796 1230 1865 δέ
1253 1819 1289 1860 πε

105 1901 232 1972 edne?
256 1900 318 1981 (H,
344 1902 399 1986 64)
424 1901 612 1980 λέγεται.
636 1903 851 1983 οίποίραχος
884 1902 962 1981 γοὶρ
993 1899 1090 1969 οὔπα
1114 1904 1179 1968 καὶ
1204 1904 1290 1968 διει·

98 2009 117 2074 δ
125 2009 166 2082 31⁶
204 2011 321 2087 ,λευκὴ
355 2009 383 2074 δ’
415 2004 448 2082 ἦν
478 2007 565 2088 ἀμφὶ
597 2008 756 2092 γαλήνν,”
785 2010 835 2093 (κ,
867 2007 936 2093 94.)
966 2029 1103 2094 quocum
1135 2013 1291 2076 consentit

97 2113 193 2199 Ven,
228 2114 370 2181 multum
402 2113 606 2200 praetulerim
639 2135 719 2200 quse
750 2116 786 2178 in
814 2121 921 2181 vetere
951 2114 1089 2181 editione
1120 2114 1289 2202 legunture

100 2221 154 2286 καί
178 2219 431 2304 ζοφονμίνης
454 2223 527 2299 μὲν
550 2230 624 2297 τῆς
650 2220 860 2295 ίαλοίσονς
885 2221 1035 2299 ,μελάνει
1056 2220 1087 2286 δέ
1108 2246 1141 2286 πε
1162 2219 1289 2294 πίνπος”

97 2326 233 2412 λέγει,
258 2329 476 2409 ιἰπαροίχου
500 2326 536 2391 δὲ
561 2326 680 2401 odone
706 2325 776 2391 καί
800 2326 976 2398 διειδοῶς
1001 2329 1116 2404 ,λευκὴ
1141 2344 1223 2405 κτλ,
1257 2335 1290 2394 et

97 2435 133 2498 in
164 2436 227 2512 iis,
259 2454 340 2518 quee
363 2435 506 2519 proxime
531 2433 738 2516 antecedunt,
763 2432 903 2518 (ίμοίπια)
929 2433 1065 2497 οπιλπνοδ
1089 2434 1140 2499 δια
1163 2434 1290 2514 καθαρί-

97 2563 219 2617 πιρπα,
241 2538 512 2625 qnemedmodum
531 2539 614 2624 epud
638 2538 855 2626 Porphyrium
879 2548 944 2617 est,
968 2538 1085 2605 melius
1108 2540 1290 2629 intelligam
1411 2545 1413 2550 “

98 2666 198 2731 quem
233 2646 285 2711 δια
314 2647 537 2729 καίαρίπνπος
567 2643 751 2727 Herleieni,
781 2644 837 2710 uhi
869 2652 976 2711 tumen
1000 2647 1226 2731 compendium
1250 2648 1289 2713 eb

96 2751 275 2818 editoribus
305 2751 390 2818 mels
420 2748 584 2837 expletum
613 2747 684 2816 eeee'
709 2751 816 2836 potius
839 2754 991 2836 suspicor.
1016 2752 1119 2820 Peulo
1142 2751 1235 2818 aliter
1257 2773 1291 2818 ee

97 2857 271 2929 reshsbet
292 2860 326 2923 iu
349 2859 407 2934 iis,
433 2877 513 2943 quse
538 2877 632 2943 prope
656 2855 751 2922 finem
772 2856 996 2943 disputationis
1019 2857 1189 2947 leguntur,
1213 2879 1288 2923 nem

97 2969 132 3031 et
159 2964 193 3029 in
225 2963 398 3030 Herleieno
428 2970 459 3029 et
482 2966 514 3027 in
539 2962 710 3051 Porphyrii
734 2963 870 3029 editione
893 2970 925 3029 et
949 2966 982 3029 in
1005 2963 1125 3030 Veneto
1147 2963 1176 3028 B
1198 2985 1290 3030 men·
1363 3011 1367 3028 ,

97 3071 176 3137 does
205 3076 299 3148 sunt,
330 3073 390 3136 etsi
414 3073 447 3135 in
471 3070 522 3135 hie
546 3090 669 3155 quoque
692 3074 785 3135 vetus
809 3069 1060 3134 editio‘vsriteti
1083 3072 1210 3155 propior
1231 3083 1289 3136 est.

96 3177 160 3243 nat
186 3177 247 3259 οὐχ
271 3178 297 3243 αι’
320 3175 487 3260 φιλόσοφοι
511 3183 620 3254 πρῶτον
643 3175 677 3240 sd
702 3177 808 3240 λευκὸν
831 3177 1028 3257 οὶφοιρίοανπο
1051 3176 1087 3240 ed
1106 3177 1289 3257 διακριτικὸν

95 3283 217 3368 ὅψεως,
249 3283 338 3349 ἄλλα
368 3283 423 3363 πρδ
456 3283 555 3348 αὐτῶν
580 3283 718 3361 Ὀμνρος
741 3283 926 3362 μαρμαίρειν
950 3281 1050 3359 λέγον
1074 3285 1108 3349 πὸ
1132 3282 1289 3370 λοίμπειν,

95 3387 114 3455 δ’
137 3391 205 3455 ἐστι
228 3387 359 3472 μερίζειν
383 3390 435 3455 καί
458 3390 600 3470 διαιρεῖν,
625 3390 692 3469 ἀφ’
718 3384 759 3453 οὗ
781 3387 821 3451 ed
844 3387 1082 3467 διακρίνειν·
1107 3385 1171 3453 ὅθεν
1188 3389 1223 3453 πὸ
1243 3393 1288 3467 μὴ

95 3493 238 3580 μερίζον,
270 3497 358 3562 οὶλλοὶ
390 3494 621 3571 σκοτεινόν,
654 3493 803 3575 ἀμαυρόν.
827 3493 878 3559 καὶ
904 3490 964 3558 ἔπι
988 3494 1065 3559 οἱπδ
1090 3500 1157 3560 ποῶ
1180 3497 1289 3576 μερί-

97 3605 186 3686 ζειν
211 3603 277 3668 καί
302 3602 528 3683 διακρίνειν
552 3601 620 3665 καί
646 3599 822 3680 διαιρεῖν
845 3599 1046 3675 κέκληται
1071 3601 1113 3666 πὸ
1137 3624 1289 3666 σκοτει-

97 3710 178 3788 vde,
212 3711 460 3790 μαρμαίρειν
493 3709 528 3774 δὲ
559 3707 673 3782 δηλοῖ
701 3707 742 3771 τὸ
767 3712 849 3788 Φῶς
872 3705 966 3778 δοίος
991 3707 1174 3779 καλέσας
1196 3706 1289 3785 ,δοίος

97 3816 188 3896 μετὰ
200 3815 309 3897 χοροδν
322 3812 458 3899 ἔχουοα”
472 3813 507 3902 (l.
520 3813 595 3900 -αι),
607 3814 668 3893 αφ’
680 3808 714 3878 οὗ
727 3815 759 3877 αί
773 3811 910 3879 δεκτικαί
922 3817 976 3878 ποῶ
988 3812 1090 3893 Φωπδς
1103 3812 1217 3885 δαΐδες.
1242 3812 1293 3881 Ite

96 3921 295 3991 Herleieuus
307 3958 349 3970 -
361 3923 424 3987 nisi
443 3920 527 4006 quod
546 3919 675 4005 insuper
694 3918 764 4002 οὐχ)
783 3919 880 3985 hehet
898 3939 954 4004 pro
974 3921 1035 3999 οὐχ
1056 3919 1093 4003 οί,
1106 3921 1289 3999 ἠφορίοανπο

96 4048 158 4116 pro
174 4029 383 4109 ἆφυρίοανπο,
405 4033 438 4093 et
449 4026 505 4108 πρδ
518 4028 619 4092 αὐτῶν
629 4023 766 4105 Ὀμηρος
780 4060 800 4074 -
812 4061 831 4074 -
843 4021 974 4104 μερίζειν
985 4028 1017 4088 in
1030 4023 1144 4090 leonne
1156 4028 1287 4104 omittit

97 4174 145 4184 -
159 4133 426 4218 absumamus,
438 4130 698 4219 utnihilmugis.
722 4132 817 4206 Nem,
831 4151 870 4196 ne
882 4135 1023 4218 mogum,
1037 4132 1070 4192 in
1083 4130 1209 4196 ultimis
1220 4152 1290 4198 eum

98 4239 287 4330 philosophi
308 4246 451 4305 mentem
468 4260 530 4304 non
548 4257 629 4313 esse,
652 4237 735 4321 quod
754 4238 787 4302 in
808 4237 993 4316 μαρμαίρειν
1012 4237 1090 4299 insit
1102 4233 1294 4323 significatio

56 4405 59 4409 ,
98 4349 239 4416 κακοῦται
270 4346 431 4412 dividendi
461 4344 516 4412 vel
547 4343 765 4422 discernendi,
795 4343 850 4408 sed
880 4363 930 4407 res
953 4343 1038 4407 vieni
1062 4342 1235 4422 subiectas,
1262 4345 1297 4408 in
