2978 4950
691 236 756 306 149

126 431 329 511 [ριτογθνεια
364 435 496 500 haecce:
531 431 730 511 Τριτογένεια
764 433 780 505 ἦ
813 430 972 512 φρθνηοιι,
1007 429 1080 493 καθθ
1111 433 1209 510 τρίτον
1233 432 1320 510 γένος

126 540 211 607 ῖτοι
234 540 365 605 καθόλου
389 547 444 614 τῆς
469 544 596 624 ψυχῆς,
620 540 760 619 τριμερὴς
785 539 848 616 γοὶρ
871 539 888 612 ἡ
909 536 1011 617 ψυχή.
1031 537 1048 611 ἦ
1069 537 1147 602 οὶτθ
1169 543 1222 603 τοῦ
1241 547 1321 618 τρεῖν

126 645 174 709 :al
212 647 381 728 Φοβεῖοθαι
414 654 477 719 τοῖς
509 646 653 718 ἐναντίοις
686 644 950 724 παρέχουσα·
984 643 1000 719 ἢ
1027 642 1079 708 διὰ
1102 645 1173 723 τρία
1197 650 1322 723 ταῦτα,

128 751 171 818 sol
185 754 224 819 τὸ
237 755 452 836 εὐλογῖζεοθαι
472 748 973 840 (,,οοιὶοοιιι1ιιωεὔιογίζεοοαθ,
995 749 1091 816 Dind.
1105 751 1207 817 Praef.
1220 773 1249 838 p.
1264 753 1323 837 Is),

129 859 170 924 ιθι
209 863 246 924 τὸ
281 862 386 938 λέγειν
418 867 538 935 καλῶς,
571 860 623 924 καὶ
655 857 706 923 διὰ
736 859 770 923 τὸ
803 857 951 937 προθττειν
974 853 996 922 οἳ
1021 856 1076 923 δεῖ.
1122 858 1195 924 Non
1218 857 1323 924 multa

126 966 192 1032 idi
215 964 346 1033 Scholia
368 971 459 1053 peius
482 973 640 1052 excerpta.
689 964 785 1030 Mitto
809 965 892 1049 quod
915 965 1088 1030 necessario
1118 966 1320 1030 scribendum

126 1079 167 1139 at
196 1076 214 1149 ri
239 1075 383 1154 Φρθνηοις
407 1075 482 1139 καθὸ
506 1074 604 1154 τρίτον
628 1072 714 1151 γένος
736 1072 750 1135 ε’
758 1072 823 1137 στὶ
845 1072 975 1136 καθθλον
999 1080 1054 1145 τοῖς
1074 1077 1202 1153 ψυχῆς,
1224 1075 1320 1138 mitto

126 1180 208 1265 [uod
229 1181 353 1246 exitum
378 1201 440 1246 non
463 1184 587 1246 invenit
609 1179 684 1244 talis
704 1181 914 1244 constructio:
940 1179 957 1254 ἢ
982 1179 1060 1242 απὸ
1084 1184 1152 1244 τοῦ
1175 1187 1254 1260 τρεῖν
1266 1178 1319 1243 καὶ

126 1287 293 1365 ῠοβεῖτθαι
318 1295 380 1360 τοῖς
407 1288 550 1358 ἐναντίοις
576 1285 838 1368 παρέχοντα,
862 1305 942 1370 quae
965 1286 1061 1351 verba
1082 1292 1137 1351 aut
1155 1289 1188 1351 iu
1209 1285 1224 1361 ἢ
1242 1278 1319 1351 'cirri

126 1397 193 1459 ὀῦ
224 1403 305 1472 τρεῖν
457 1394 647 1473 παρέχειν
674 1392 827 1456 mutanda
856 1398 930 1456 sunt
963 1393 1022 1478 (ita
1045 1393 1109 1458 fere
1133 1392 1322 1478 Apollonius

126 1498 277 1583 lopbiata
298 1503 320 1564 i.
335 1500 392 1585 a),
412 1505 468 1566 aut
487 1502 523 1565 in
543 1501 559 1564 si
580 1498 644 1586 (Ἡ)
667 1502 719 1563 τοῦ
738 1505 818 1577 τρεῖν
830 1533 850 1548 -
865 1532 885 1547 ·
899 1533 919 1548 -
933 1499 1104 1585 (αἰτίαν)
1123 1499 1320 1582 παρέχοντα.

126 1604 183 1672 led
209 1605 413 1694 intellegisne
433 1627 490 1671 cur
512 1605 657 1671 Minerva
675 1605 875 1684 Τριτογένειαν
896 1605 1020 1670 dicatur
1040 1604 1091 1670 διαὶ
1111 1608 1181 1684 τριά
1202 1611 1319 1691 ταῦτα,

126 1713 168 1778 ub
196 1714 232 1777 τὸ
258 1710 291 1778 εὖ
315 1713 493 1793 λογίζεσθαι
516 1709 609 1778 aral
632 1711 793 1777 Haeccine
816 1713 918 1799 igitur
941 1733 1014 1796 prae
1039 1715 1171 1778 caeteris
1194 1713 1316 1780 Miner·

126 1840 177 1885 ae
204 1822 363 1885 munera?
387 1819 460 1885 Non
484 1821 602 1905 opinor.
629 1817 691 1884 Sed
715 1818 792 1882 haec
815 1819 915 1883 nostri
939 1817 1059 1884 Scholii
1078 1840 1150 1905 pars
1172 1827 1319 1906 excerpta

126 1934 164 1992 st
191 1947 232 1992 ex
257 1927 369 1992 eodem
392 1933 538 2003 anctore,
564 1926 647 1990 unde
671 1924 831 1989 fluxerunt
855 1945 935 2010 quae
959 1924 1076 1990 melius
1100 1926 1140 1991 ad
1168 1926 1259 1991 Iliad.
1292 1936 1318 1993 Θ

126 2031 160 2098 ἰ9
200 2035 235 2097 in
272 2031 405 2097 Veneto·
423 2031 466 2109 B,
498 2034 533 2096 in
566 2030 769 2115 victoriano,
803 2033 837 2095 in
860 2030 1018 2116 Lipsiensi
1040 2030 1211 2119 leguntur,
1236 2034 1319 2117 quod

126 2159 223 2225 reque
253 2136 453 2202 Diodorfium
484 2158 584 2222 neque
613 2136 849 2202 Buttmanuum
879 2141 1041 2203 monuisse
1069 2141 1183 2204 miror:
1209 2138 1317 2218 Δημό-

126 2269 221 2329 ιριτος
256 2245 287 2309 δὲ
311 2244 505 2322 ἐτυμολογῶν
529 2248 565 2309 τθ
593 2242 689 2319 ὄνομα
713 2245 808 2324 Φνοὶν
833 2240 877 2308 θτι
903 2245 933 2331 (ἦ
958 2245 1043 2329 add.)
1067 2244 1209 2326 Φρθννοῖς
1235 2247 1317 2312 ἐστιν

126 2354 182 2436 ἔφ’
208 2350 242 2429 ἧς
266 2352 433 2429 συμβαίνει
457 2351 529 2430 τρῖα
552 2350 781 2428 οθτογεννοῖτθαι
803 2349 932 2428 ἀγαθοὶ,
954 2346 988 2414 εὖ
1005 2353 1195 2434 λογίζεσθαι,
1212 2353 1316 2432 λέγειν

126 2465 247 2534 καλῶς,
281 2459 427 2539 τροῖττειν
455 2453 476 2522 θ
502 2456 557 2521 δεῖ.
603 2457 675 2522 Iam
699 2462 829 2542 apparet
851 2459 885 2521 in
908 2465 1015 2522 nostro
1039 2458 1165 2525 Scholio
1189 2461 1345 2549 singula¹

126 2575 164 2633 ta
191 2586 262 2631 ease
284 2564 514 2630 connectenda:
540 2563 740 2642 Τριτογένεια
765 2566 782 2637 ἡ
807 2563 968 2645 φρθνντις,
995 2565 1081 2640 ἤτοι
1113 2568 1187 2631 καθὸ
1218 2569 1317 2649 τρίτον

126 2673 211 2746 river
246 2674 334 2737 ἐστὶ
365 2673 499 2736 καθόλου
524 2680 579 2744 τῆς
611 2677 740 2751 ψυχῆς·
772 2694 857 2748 τρια.
886 2695 920 2749 γ.
949 2674 965 2745 ἡ
991 2677 1101 2752 ψυχή·
1129 2675 1146 2748 ἣ
1171 2674 1222 2740 διὰ
1246 2677 1318 2757 τριά

126 2785 249 2857 ταῦτα,
271 2778 321 2843 διὰ
345 2779 380 2842 τὸ
405 2776 438 2844 εὖ
461 2777 639 2858 λογίζεσθαι
667 2790 751 2851 κτλ..
776 2784 871 2862 atque
895 2780 942 2843 ita
964 2779 1016 2843 διὰ
1039 2785 1144 2845 ταῦτα
1167 2802 1230 2847 non
1253 2803 1318 2848 am-

126 2871 209 2956 llius
238 2886 392 2951 referetur
423 2885 462 2950 ad
498 2906 608 2951 rocem
644 2885 863 2967 Τριτογένεια,
898 2921 938 2932 -
971 2880 1053 2950 esset
1087 2891 1174 2952 enim
1211 2889 1319 2954 absur-

126 2996 201 3062 lum
227 3031 271 3043 -
296 2994 351 3059 sed
375 2993 414 3058 ad
437 2991 589 3073 φρόνησιν.
615 2991 720 3056 Simul
749 2999 781 3057 et
811 2992 870 3056 hoc
903 2999 1005 3076 patet,
1039 2994 1136 3059 verba
1165 2996 1182 3070 ἢ
1215 2998 1231 3072 ἡ
1263 3002 1317 3063 τοῦ

126 3109 202 3183 Ῥεῖν
237 3135 290 3151 --
322 3101 508 3178 παρέχοντα
538 3097 821 3183 (quemadmodum
853 3099 1086 3163 emendandum
1115 3104 1275 3190 proposui)
1302 3126 1319 3170 e

126 3210 232 3277 nediu
267 3229 378 3273 eorum
414 3228 495 3292 quae
525 3206 714 3270 conturbant
745 3205 871 3269 sublata
902 3211 974 3289 post
1005 3207 1102 3271 rerba
1125 3208 1317 3286 πράττεινᾶ

126 3324 169 3383 tet
203 3313 387 3381 collocanda
427 3333 510 3391 esse,
548 3319 586 3376 ut
619 3331 735 3376 novam
767 3312 903 3375 nominis
935 3313 1091 3398 originem
1127 3323 1319 3402 proponant,

126 3425 194 3497 rui,
235 3421 319 3506 quod
350 3423 384 3484 in
416 3428 598 3484 transcursu
630 3437 759 3494 moneo,
791 3419 905 3482 acriter
936 3416 1120 3503 obloquitur
1154 3421 1319 3508 Etymolo-

126 3533 237 3619 picum
268 3525 428 3614 Magnum
458 3529 481 3590 i.
494 3548 536 3609 r.‚
569 3531 697 3590 anctore
729 3545 825 3589 usum
856 3518 1088 3603 Ghoerobosco,
1120 3529 1175 3613 qui
1200 3551 1257 3594 sna
1281 3532 1319 3598 de

126 3656 214 3702 more
238 3632 420 3698 Herodiano
444 3633 546 3698 debet.
570 3631 659 3696 Haec
686 3633 820 3716 quaein
844 3650 938 3694 suum
962 3630 1069 3696 locum
1093 3634 1219 3719 regredi
1242 3639 1321 3702 iussi

126 3747 236 3808 utrum
257 3739 458 3823 descriptoris
488 3760 527 3803 an
555 3739 746 3823 excerptoris
779 3739 858 3801 vitio
888 3735 1025 3801 alienam
1057 3739 1163 3803 sedem
1189 3761 1320 3828 occupa·

126 3850 231 3916 serint
258 3837 342 3910 nnn'c
362 3847 395 3909 in
414 3845 521 3910 medio
540 3844 694 3928 relinquo.
719 3841 912 3929 Pergamus:
938 3847 1107 3908 nonenim
1132 3845 1320 3917 dilucidiora

126 3961 200 4021 sunt
219 3973 301 4038 quae
320 3955 355 4015 in
373 3957 479 4016 nostro
500 3949 628 4015 Scholio
648 3948 797 4015 continuo
816 3955 1001 4033 sequuntur,
1020 3953 1083 4015 nisi
1102 3953 1220 4018 iterum
1233 3977 1319 4023 oom-

126 4065 283 4146 ponantur
306 4080 383 4124 oum
403 4057 530 4123 Scholio
551 4058 650 4122 Iliaoo
670 4078 765 4141 supra
786 4061 972 4120 memorato.
996 4056 1113 4122 Nostra
1133 4059 1210 4127 haee
1230 4085 1319 4148 prae·

126 4167 203 4232 bent
229 4164 472 4250 (Τριτογένεια);
502 4165 518 4238 ἢ
548 4166 586 4236 ὥς
610 4164 644 4227 ἐκ
668 4169 754 4243 τριοῖν
777 4163 1016 4239 τνναυξνρθεῖοα,
1041 4164 1221 4245 βροντῆς,
1246 4172 1318 4245 Διὸς

126 4272 195 4336 καὶ
220 4272 381 4350 Τρίτωνος.
405 4270 592 4355 Quicunque
611 4269 812 4356 explicuerit,
836 4290 875 4334 ne
903 4270 1129 4336 obscuritatem
1157 4293 1196 4338 ex
1219 4280 1320 4344 nimio

128 4380 314 4466 excerpendi
344 4381 501 4448 brevitate
530 4385 640 4444 natam
669 4395 934 4451 commemorem,
969 4397 1031 4462 qno
1066 4378 1194 4445 taudem
1227 4391 1320 4468 paeto
