2978 4950
591 239 640 277 .‚
707 196 770 262 rm

145 393 301 456 sententia
336 394 397 456 erit
434 393 479 455 sic
517 391 651 474 scripta:
690 390 841 467 εὐδαίμων
877 391 939 468 rep
973 393 1015 470 rei
1046 390 1091 465 uir
1123 389 1181 454 ύπδ
1205 389 1235 476 (i
1257 391 1306 475 ὑπ’)

144 500 276 566 ἄλλων
301 496 489 573 ἐξουσίαν
514 498 614 560 δοῦναι
639 500 697 568 τοῖς
718 496 908 583 θυγατέρας,
929 499 1012 582 quod
1033 498 1190 582 quomodo
1208 499 1305 587 oepipn

145 605 222 670 dum
253 608 296 670 sit
319 603 466 687 exemplo
489 604 603 696 domos
625 601 747 669 Priami
770 605 1012 689 comprobatur,
1037 606 1098 682 etsi
1121 623 1183 667 non
1201 611 1244 667 ost
1259 603 1304 668 boc

145 712 184 776 ob
213 713 300 776 omui
323 717 413 794 parte
435 707 550 774 simile.
597 708 662 773 Hic
686 712 772 774 enim
795 730 927 797 generos
950 712 984 774 in
1007 731 1065 774 sua
1088 709 1183 775 domo
1204 708 1303 774 habits·

145 823 215 881 tum
239 818 389 893 retinuit,
414 813 534 879 Aeolus
558 814 684 879 eosdem
709 824 741 879 et
764 813 846 880 filios
869 816 983 880 habuit
1006 825 1038 879 et
1061 835 1201 902 generos.

188 1031 236 1095 De
270 1029 379 1095 eodem
411 1051 444 1094 re
475 1029 575 1094 alius:
608 1028 803 1106 εὐδαιμονίας
827 1037 968 1107 σημεῖον,
993 1025 1027 1093 έιι
1051 1052 1087 1092 τε
1111 1028 1301 1093 resisterint

144 1135 206 1202 ὅτι
230 1139 422 1215 Τηλέμαχος
447 1136 584 1216 ὀδύρεται
608 1138 662 1211 την
685 1135 879 1214 μονομένειαν
904 1141 956 1200 τοῦ
978 1138 1070 1200 οἴκου.
1094 1136 1134 1221 (π
1158 1133 1237 1220 118.)
1262 1133 1300 1218 (Τί

143 1245 289 1331 Oportet:
324 1243 358 1309 έιι
388 1268 423 1308 τε
447 1248 505 1308 τῶν
529 1245 671 1308 ἐναντίων
701 1246 739 1307 ‘0
764 1244 959 1324 Τηλέμαχος
985 1242 1145 1322 ὀδύρεται,
1169 1238 1301 1327 etquoirr

144 1374 183 1417 ex
206 1351 424 1438 dittograpbie
446 1364 557 1416 ustum
581 1349 754 1415 habuerim.

190 1593 224 1641 κ,
258 1565 287 1630 7.
335 1565 377 1629 ut
407 1566 484 1630 haec
516 1564 647 1631 eandem
676 1585 744 1629 rem
774 1572 934 1650 spectant:
969 1563 1024 1630 ἔνθ’
1058 1563 1136 1644 tyr
1160 1566 1302 1644 ίυμιιτίρνι

145 1674 232 1753 πίρεν
257 1673 373 1737 υἱοῖσιν·
399 1673 530 1752 ἀρχαῖον
552 1671 634 1746 ἔύος,
659 1673 697 1743 ὥς
722 1673 863 1751 Ἀρχῖνος
889 1676 918 1736 έν
943 1683 1166 1745 Θετταλικοῖς·
1194 1679 1303 1751 τρύπα

146 1781 176 1845 δέ
202 1780 310 1845 Αἴολον
334 1778 523 1858 ὁμομητρίας
542 1778 630 1858 κύριος
649 1777 798 1858 οίδελφοῖς
819 1780 993 1843 συνοικίσαι.
1007 1778 1061 1865 (Τ)
1097 1778 1304 1845 Gnmmstian

145 1889 197 1954 lex
219 1893 367 1966 πρῶτον
391 1885 542 1970 postulat.

190 2129 226 2179 ιι,
260 2102 313 2167 20.
369 2101 435 2166 lom
468 2101 507 2166 ad
538 2101 742 2186 impeditiora
772 2122 829 2167 nos
860 2106 1090 2167 convertamus
1141 2099 1251 2166 Aeolus
1276 2132 1306 2147 -

146 2213 251 2294 inquit
273 2243 316 2258 —·
592 2204 596 2211 ’

306 2315 390 2378 Δῶκέ
414 2337 464 2390 μοι
490 2313 624 2392 ἐκδείρας
648 2315 742 2378 οὶσκὸν
765 2314 837 2392 βοὸς
862 2316 1019 2395 ἐννεώροιο,

303 2422 372 2486 ένύιι
396 2421 427 2485 δέ
449 2420 738 2497 βυκτάωνοὶνέμων
762 2420 912 2492 κατέδεισε
936 2420 1086 2486 κέλευύα·
1114 2456 1133 2472 -
1147 2457 1167 2471 -

305 2530 404 2604 αὐτὰρ
429 2528 493 2600 ἐμοὶ
519 2531 619 2601 πνοιὴν
644 2527 780 2605 Ζεφύρου
806 2529 947 2601 προέηκεν
971 2531 1074 2600 οὶηναι.

144 2638 329 2716 Quaeritur:
356 2637 403 2698 δια
430 2638 460 2696 τί
484 2637 535 2698 ούκ
561 2636 652 2704 αὐτὸς
672 2637 801 2712 κατέχει
823 2639 892 2705 τοὺς
913 2634 1058 2711 οὶνέμουε,
1081 2634 1314 2710 μόνονκελεύσις

146 2746 280 2821 Ζέφυρον
312 2750 410 2811 πνεῖν;
443 2740 507 2804 ε’πεί
541 2742 591 2803 καί
618 2742 695 2820 δίχα
720 2748 771 2804 τοῦ
798 2749 920 2804 κλεῖσαι
945 2743 995 2805 τδν
1019 2743 1113 2805 οὶσκδν
1140 2743 1260 2806 ἐδύνατο
1280 2763 1318 2802 κε·

143 2857 252 2914 λοῦσαι
285 2851 326 2928 τοὶ·
359 2849 484 2927 Ζεφύρῳ
518 2845 575 2911 ἅτε
609 2847 644 2920 δη
676 2850 728 2918 την
763 2846 900 2921 ἐξουσίαν
925 2848 1031 2922 λαβὼν
1056 2849 1143 2927 παροδ
1168 2856 1219 2912 τοῦ
1245 2846 1319 2917 Διύς.

146 2964 225 3025 πῶς
250 2955 275 3018 δ’
301 2955 423 3024 αὐτὸς
449 2955 516 3016 καί
542 2956 579 3016 ἐν
605 2953 748 3016 ’ίλιοίδι
775 2955 1113 3029 ύποστησοίμενος
1139 2956 1230 3024 τοὺς
1254 2955 1322 3018 οῖνέ·

146 3087 237 3139 μους
272 3062 308 3122 ἐν
342 3062 472 3141 Θρηίκη
503 3061 626 3122 οίκεῖν
660 3063 745 3137 παρΙ
781 3061 910 3138 Λίύλῳ
935 3061 1078 3139 φησίν;
1106 3062 1322 3149 Fragmentum

144 3170 336 3254 quaestionis
372 3169 447 3229 satis
484 3165 644 3249 amplum,
682 3166 813 3230 adiectis
846 3169 944 3230 etiam
978 3170 1010 3230 in
1042 3166 1104 3231 fine
1137 3188 1217 3251 quae
1247 3167 1325 3253 plene

145 3277 246 3340 aliena
271 3280 358 3346 sunt,
386 3273 433 3335 bis
455 3273 582 3355 quidem
603 3271 724 3358 legitur
746 3275 778 3335 in
803 3271 869 3337 solo
891 3272 917 3336 'I'
942 3280 1122 3349 serratum,
1149 3275 1205 3339 sed
1230 3275 1275 3338 bis
1296 3273 1327 3338 de

143 3403 229 3445 more
244 3378 447 3443 vitiosissime
460 3382 625 3461 scriptum,
637 3382 727 3441 cuius
740 3400 821 3442 nunc
834 3382 964 3442 initium
979 3380 1229 3444 consideremus.
1240 3380 1327 3460 Duae,

143 3498 180 3552 ut
198 3496 342 3571 apparet,
365 3483 567 3546 difficultates
589 3494 771 3559 moventur,
791 3505 925 3567 quarum
945 3488 1030 3568 prior
1043 3484 1126 3548 nihil
1139 3488 1173 3548 in
1186 3490 1331 3571 scriptura

144 3596 256 3663 habat,
288 3589 370 3674 quod
395 3611 451 3653 noe
477 3610 666 3674 magnopere
691 3594 833 3653 retineat.
883 3588 965 3672 Cur,
991 3598 1102 3677 rogat,
1126 3591 1251 3657 Aeolus
1274 3595 1331 3676 ipse

145 3708 282 3763 caeteros
315 3704 425 3759 ventos
450 3704 572 3777 praeter
595 3695 778 3781 Zephyrum
803 3718 863 3760 non
888 3697 1052 3771 cohibuit,
1079 3718 1156 3760 cum
1181 3702 1211 3763 ei
1235 3708 1333 3763 tomen

147 3814 179 3869 et
214 3824 341 3868 movere
376 3801 491 3864 ductus
523 3810 554 3863 et
584 3801 694 3865 tollere
729 3810 822 3866 vento
855 3824 872 3866 a
907 3802 981 3866 lore
1006 3803 1117 3865 datum
1144 3802 1209 3866 sit?
1232 3804 1334 3868 Altera

147 3913 287 3994 quaestio
312 3911 419 3970 miuus
444 3915 551 3990 aperta
575 3929 640 3970 esse
662 3909 805 3989 videtur,
831 3931 903 3971 oum
930 3922 962 3973 et
985 3912 1039 3971 καί
1060 3913 1171 3992 inepte
1192 3910 1336 3991 abundet,

147 4027 179 4079 et
202 4016 415 4097 interpunctio
439 4014 571 4077 obscura
592 4014 651 4087 sit,
678 4052 717 4060 -
743 4015 819 4077 adeo
845 4022 879 4077 ut
904 4017 1007 4098 primo
1026 4015 1142 4078 obtutu
1165 4017 1335 4087 dubitetur,

146 4123 342 4202 pertiueatue
373 4120 462 4180 οἰκεῖν
494 4120 533 4181 ad
567 4119 816 4194 ύποστησοίμενος
842 4140 880 4183 an
906 4120 945 4183 ed
970 4121 1083 4197 φησίν,
1111 4158 1153 4166 -
1181 4128 1215 4184 et
1240 4142 1336 4184 neces·

148 4229 228 4287 saria
250 4228 405 4307 oppositio
431 4226 566 4306 perierit.
617 4226 739 4302 Quibus
764 4226 912 4289 omnibus
937 4227 1117 4290 medebitur
1143 4227 1224 4292 haec
1245 4231 1336 4310 serip-

150 4341 236 4392 tura:
274 4334 335 4398 πίας
370 4329 396 4391 δ’
434 4331 525 4401 κύτος
558 4336 595 4391 ‘0
630 4334 665 4393 ἐν
699 4334 841 4396 ’ίλιοίδι
878 4332 1226 4407 ὑποστησάμενος
1253 4338 1336 4403 τοὺς
