2978 4950
641 166 704 255 ael

126 401 150 442 ει
190 376 237 443 eic
271 376 486 444 illustrantur:
524 377 694 458 Φεύγοντετ
729 380 782 442 οὖν
817 376 857 442 ίιν
891 376 1036 454 λνίέοιμεν
1071 374 1124 441 etv
1158 368 1262 439 ποίντοο

126 488 249 561 ρῶντα,
285 486 366 550 καίίι
398 487 451 549 καὶ
487 484 698 562 Ἀγαμέμνων
731 486 786 563 πρὸ
818 493 876 550 τῶν
908 485 1010 564 ίρκίων
1038 482 1174 564 ἐκφοβεῖ
1194 479 1263 552 τοὺς

126 601 183 664 ’νας
215 600 279 662 τοῖς
311 590 628 669 ἐπιμαρτνρσνμένοις.
663 594 698 676 (Γ
725 589 817 678 276.)
842 590 929 679 (HQ)
958 589 1134 677 Scholiasta
1169 589 1264 672 scrip·

126 704 176 762 tt:
208 695 291 762 καθὰ
325 698 376 761 καί
411 697 622 777 Ἀγαμέμνων
647 735 690 745 --
716 698 850 780 ἐκφοβεῖ
879 699 948 769 τοὺς
980 703 1089 777 Τρῶας
1114 703 1176 768 τοῖς
1201 695 1265 760 ἐπι·
1327 726 1334 734 -

126 804 329 883 ντνρονμένοις
362 807 504 889 (θεοῖς).
536 804 572 868 In
607 803 720 868 ultimo
753 806 838 869 enim
870 802 1024 870 vocabulo
1049 807 1116 869 tota
1138 821 1265 886 compa·

126 912 207 975 ‚onie
238 912 289 975 vis
323 912 384 975 sita
416 918 481 994 est,
513 926 549 975 ut
582 912 645 975 sere
668 931 731 975 non
754 931 833 996 opus
856 914 899 976 eit
922 909 1031 976 Iliadis
1054 908 1178 992 locum,
1203 927 1265 994 quo

126 1015 292 1099 rittimur,
317 1015 494 1104 longiorem
520 1014 594 1081 fidei
617 1016 777 1082 faciendae
802 1037 897 1082 causa
919 1036 1084 1102 apponere.

126 1230 155 1311 Ξ,
185 1225 260 1293 123.
288 1227 389 1295 Breve
413 1228 451 1294 ad
476 1227 590 1293 πείσειε
617 1225 766 1293 Scholion
790 1234 837 1293 est
861 1229 894 1291 in
915 1231 958 1292 H:
981 1227 1015 1291 τὸ
1036 1225 1172 1292 εὐκτικδν
1194 1224 1262 1292 σίντδ

126 1339 243 1400 'rinch‘
265 1335 399 1420 πείσειε,
418 1336 527 1400 πείσει.
550 1333 772 1400 inserendum:
795 1334 909 1409 πείσειε
929 1335 1036 1419 (ἀντὶ
1057 1338 1137 1419 τοῦ)
1153 1334 1265 1399 πείσει.

126 1461 175 1505 ne
198 1443 431 1508 Aristoniccum
454 1437 649 1506 frustulum?

133 1695 145 1726 ‚
181 1652 207 1716 1.
244 1650 383 1716 Festinat
411 1651 560 1717 Minerva·
586 1650 865 1717 Lacedaemonem.
898 1651 988 1716 Facit
1018 1655 1126 1717 antem
1149 1652 1210 1717 hoc
1232 1652 1265 1716 οὐ

126 1802 129 1822 .
177 1757 251 1823 ἄλλ’
282 1753 333 1822 ὅτε
365 1759 406 1838 τῷ
438 1760 583 1839 ννμΦαίῳ
612 1760 669 1832 τὴν
701 1758 837 1834 πατρίδα
863 1759 1020 1836 ἐγνώρισεν
1045 1758 1059 1821 ί
1085 1757 1264 1830 Ὀδυσσεύς.

126 1884 155 1925 ει
186 1860 234 1930 οὖν
257 1867 321 1929 ἐκεῖ
341 1865 402 1941 „roi
423 1867 456 1942 γ’
474 1861 510 1936 ὣς
532 1864 745 1942 βουλεύσαντε
766 1863 947 1942 διέτμαγεν.
970 1867 986 1939 ἡ
1008 1863 1065 1940 μὲν
1086 1863 1194 1929 ἔπεισιν
1207 1865 1265 1947 llic

126 1968 298 2048 ιεδοοίμονοι
323 1971 391 2036 δῖαν
415 1971 472 2049 ἐβιι
497 1971 582 2047 μετδι
608 1972 696 2036 παῖδ’
722 1970 901 2047 Ὀδνσῆος.”
927 1972 954 2058 (ν
979 1970 1070 2048 439.)
1095 1971 1146 2035 Ita
1159 1968 1265 2037 Codex

175 2076 235 2143 Sed
267 2098 329 2143 non
360 2084 408 2143 eet
440 2077 589 2154 dubium,
625 2081 702 2163 quin
726 2099 837 2144 verum
862 2080 923 2143 eit:
948 2079 1021 2143 ἀλλ’
1046 2073 1106 2141 ἐτ’
1133 2077 1196 2163 (ἐν)
1223 2078 1264 2158 τῷ

126 2184 222 2264 :Dalm
254 2190 285 2248 et
314 2185 399 2260 λέγει
433 2189 529 2261 γοῦν
561 2185 633 2249 ἐκεί.
681 2184 762 2249 Item
788 2185 816 2248 ἐν
840 2183 1054 2249 reducendum
1078 2186 1111 2248 iu
1136 2187 1266 2269 ineptis·

126 2305 152 2350 a
192 2289 301 2356 sabula
332 2290 370 2355 de
400 2289 542 2359 Helenae
567 2297 685 2376 raptu,
715 2311 795 2376 quae
825 2291 864 2356 ad
896 2289 1010 2368 eale
1035 2311 1073 2356 ex
1096 2289 1123 2356 V
1148 2291 1264 2355 editur.

126 2388 198 2463 fine
220 2396 333 2463 scholii
357 2404 467 2463 auctor
490 2396 656 2464 laudatur:
682 2400 699 2472 ἡ
721 2399 838 2474 ἱστορία
861 2399 947 2477 παροδ
968 2397 1065 2482 Νικίρν
1086 2399 1128 2479 τῷ
1148 2398 1264 2479 πρώτῳ.

151 2521 215 2588 pro
244 2502 326 2570 libro
353 2504 448 2569 homo
470 2503 694 2591 intellegatur,
719 2504 940 2571 scribendum:
966 2505 1051 2586 παρὰ
1078 2507 1173 2589 Νικίρ
1200 2507 1264 2594 (ἐν)

132 2611 261 2693 πρώτῳ.

133 2865 144 2896 2
190 2825 242 2891 51.
279 2825 384 2890 Ἀλλὰ
419 2825 486 2904 μέν’
514 2825 613 2891 είσίκε
643 2825 721 2906 δῶρα
754 2825 852 2908 Φέροιν
886 2827 1045 2910 ἐπιδίφρια
1076 2829 1170 2919 telon
1191 2829 1264 2912 ἦρος

126 2933 248 3007 'aetina
274 2931 324 2998 Ita
349 2931 536 2998 Pisistratus
559 2930 759 2998 Telemacho.
784 2931 961 3019 Supersunt
984 2936 1095 3002 breves
1115 2938 1263 3022 interpre·

126 3051 212 3104 once
245 3039 332 3104 vocis
363 3038 541 3121 ἐπιδίφρια,
573 3037 679 3103 in-B:
705 3037 754 3102 ἐπὶ
780 3043 823 3104 τοὶ
848 3036 978 3120 ίίρματα
1003 3042 1266 3120 κομισίνσίμενα,

142 3137 196 3210 V:
233 3145 283 3209 ἐπὶ
319 3143 369 3208 τδν
406 3144 509 3226 δίφρον
540 3145 683 3221 τιθέμενα
716 3145 733 3219 ἢ
766 3144 801 3209 τὸ
825 3143 924 3227 ίίρμοι.
971 3147 1043 3214 Non
1067 3149 1161 3214 datur
1183 3151 1268 3215 inter

126 3263 151 3310 tc
180 3255 286 3338 optio,
311 3251 366 3316 sed
390 3249 528 3316 alterum
551 3249 650 3317 altero
680 3252 874 3337 explicatur,
898 3255 1106 3338 quamobrem
1126 3257 1268 3340 suspicor

126 3368 190 3424 isa:
223 3358 273 3423 ἐπὶ
305 3358 356 3422 τὸν
389 3356 493 3437 δίφρον
525 3356 632 3439 ἥ(τοι)
665 3356 700 3421 τέ
733 3354 832 3437 ὅρμοι.
880 3359 963 3425 Nam
988 3359 1052 3435 ἤτοι
1075 3381 1137 3425 non
1160 3363 1268 3426 minua

126 3473 175 3528 tm
197 3464 290 3543 ἤγουν
314 3464 398 3550 apud
423 3466 582 3549 aequiores
605 3463 692 3529 valet
715 3463 865 3529 τουτέστι.
903 3466 1058 3532 Similiter
1080 3465 1268 3552 Apollonius

130 3583 165 3633 v.
198 3574 247 3635 ἐπὶ
280 3574 322 3652 τῷ
355 3568 490 3650 ἅρματι,
529 3568 624 3654 paulo
664 3574 841 3636 accuratim
872 3569 1056 3657 Hesychius
1088 3581 1119 3638 et
1150 3571 1266 3638 Suidoe

136 3691 166 3738 θ.
199 3678 356 3759 Photiue).
393 3677 537 3741 Fortasse
567 3676 651 3740 idem
685 3676 959 3742 restituendnma
986 3677 1068 3745 579:
1094 3680 1127 3743 τδ
1151 3678 1266 3759 δέρτρον

126 3785 190 3871 ὀι)
220 3783 255 3848 τδ
288 3783 374 3852 ἐκτδο
405 3788 460 3856 τῆς
484 3781 594 3860 σαρκὸς
619 3782 734 3865 δέρμα,
759 3783 776 3857 ἐρ
803 3783 837 3847 τὸ
859 3783 1048 3859 ἐπικείμενον
1072 3782 1267 3850 λεπτότατον

126 3902 175 3951 κα
205 3891 247 3970 τῷ
280 3889 395 3966 ἥπατι,
424 3883 496 3969 ίπερ
522 3891 545 3962 ἡ.
566 3889 666 3962 πολλὴ
692 3895 824 3966 raucae
849 3887 1034 3970 φλοίμονλον
1058 3887 1123 3957 οἶδε
1148 3900 1266 3959 κολεῖν.

131 4035 141 4062 a
169 4000 229 4064 etei
251 4000 286 4062 in
308 3997 367 4063 hac
390 3995 504 4083 lingua
527 3994 560 4058 id
584 4015 646 4060 non
671 4017 828 4080 premam.

126 4216 158 4274 ἐ.
186 4207 258 4274 105.
280 4207 398 4273 Adstat
421 4205 545 4272 Helena
568 4209 674 4281 cistae.
696 4205 753 4273 ἐνθ’
775 4206 848 4273 ἐστιν
868 4209 893 4273 οί
914 4208 1025 4273 πέπλοι
1040 4208 1265 4289 παμποίκιλοι,

126 4324 128 4335 ’
158 4314 255 4394 κιίμεν
283 4314 372 4387 αὐτή.
404 4313 445 4378 uc
476 4314 534 4378 hoc
564 4335 674 4380 ansam
706 4315 793 4380 dedit
824 4317 1009 4400 quaestioni.
1037 4317 1201 4381 Αἰτιῶντοιι
1226 4318 1264 4394 ὥς
