<?xml version="1.0" encoding="UTF-8"?>
<!DOCTYPE html PUBLIC "-//W3C//DTD XHTML 1.0 Transitional//EN"
    "http://www.w3.org/TR/xhtml1/DTD/xhtml1-transitional.dtd">
<html xmlns="http://www.w3.org/1999/xhtml" xml:lang="en" lang="en">
 <head>
  <title>
</title>
<meta http-equiv="Content-Type" content="text/html;charset=utf-8" />
  <meta name='ocr-system' content='tesseract 3.04.00' />
  <meta name='ocr-capabilities' content='ocr_page ocr_carea ocr_par ocr_line ocrx_word'/>
</head>
<body>
  <div class='ocr_page' id='page_1' title='image "./adodysseameiusq00polagoog_0152.png"; bbox 0 0 2978 4950; ppageno 0'>
   <div class='ocr_carea' id='block_1_1' title="bbox 710 224 776 293">
    <p class='ocr_par' dir='ltr' id='par_1_1' title="bbox 710 224 776 293">
     <span class='ocr_line' id='line_1_1' title="bbox 710 224 776 293; baseline -0.015 0"><span class='ocrx_word' id='word_1_1' title='bbox 710 224 776 293; x_wconf 78' lang='lat'>124</span> 
     </span>
    </p>
   </div>
   <div class='ocr_carea' id='block_1_2' title="bbox 144 410 1339 2408">
    <p class='ocr_par' dir='ltr' id='par_1_2' title="bbox 144 410 1339 2408">
     <span class='ocr_line' id='line_1_2' title="bbox 144 410 1335 503; baseline 0 -23"><span class='ocrx_word' id='word_1_2' title='bbox 144 414 253 481; x_wconf 89' lang='lat' dir='ltr'>codem</span> <span class='ocrx_word' id='word_1_3' title='bbox 289 416 323 480; x_wconf 89' lang='lat' dir='ltr'>in</span> <span class='ocrx_word' id='word_1_4' title='bbox 357 416 438 500; x_wconf 82' lang='lat' dir='ltr'>App.</span> <span class='ocrx_word' id='word_1_5' title='bbox 469 438 501 500; x_wconf 89' lang='lat' dir='ltr'>p.</span> <span class='ocrx_word' id='word_1_6' title='bbox 535 413 601 483; x_wconf 80' lang='lat'>772</span> <span class='ocrx_word' id='word_1_7' title='bbox 633 414 820 495; x_wconf 70' lang='lat' dir='ltr'>adnotatum,</span> <span class='ocrx_word' id='word_1_8' title='bbox 855 416 939 494; x_wconf 67' lang='lat' dir='ltr'>‚dria</span> <span class='ocrx_word' id='word_1_9' title='bbox 969 416 1035 503; x_wconf 81' lang='lat' dir='ltr'>legi</span> <span class='ocrx_word' id='word_1_10' title='bbox 1069 413 1228 482; x_wconf 84' lang='lat' dir='ltr'>ridetur.&#39;’</span> <span class='ocrx_word' id='word_1_11' title='bbox 1275 410 1335 480; x_wconf 81' lang='lat' dir='ltr'>Pru</span> 
     </span>
     <span class='ocr_line' id='line_1_3' title="bbox 145 521 1336 607; baseline -0.004 -19"><span class='ocrx_word' id='word_1_12' title='bbox 145 528 290 606; x_wconf 86' lang='lat' dir='ltr'>corrupto</span> <span class='ocrx_word' id='word_1_13' title='bbox 319 522 419 599; x_wconf 79' lang='grc' dir='ltr'><strong><em>μένειν</em></strong></span> <span class='ocrx_word' id='word_1_14' title='bbox 448 521 655 586; x_wconf 85' lang='lat' dir='ltr'>Ludwichius</span> <span class='ocrx_word' id='word_1_15' title='bbox 684 526 717 586; x_wconf 89' lang='lat' dir='ltr'>in</span> <span class='ocrx_word' id='word_1_16' title='bbox 743 521 769 587; x_wconf 69' lang='lat' dir='ltr'>&#39;l‘</span> <span class='ocrx_word' id='word_1_17' title='bbox 793 523 890 586; x_wconf 83' lang='grc' dir='ltr'><strong><em>κὺνειν</em></strong></span> <span class='ocrx_word' id='word_1_18' title='bbox 914 525 1068 607; x_wconf 87' lang='lat' dir='ltr'>scriptum</span> <span class='ocrx_word' id='word_1_19' title='bbox 1094 543 1161 586; x_wconf 83' lang='lat' dir='ltr'>esee</span> <span class='ocrx_word' id='word_1_20' title='bbox 1185 524 1336 596; x_wconf 85' lang='lat' dir='ltr'>testatur,</span> 
     </span>
     <span class='ocr_line' id='line_1_4' title="bbox 144 625 1337 716; baseline -0.003 -22"><span class='ocrx_word' id='word_1_21' title='bbox 144 629 227 694; x_wconf 88' lang='lat' dir='ltr'>unde</span> <span class='ocrx_word' id='word_1_22' title='bbox 250 631 372 713; x_wconf 86' lang='lat' dir='ltr'>optime</span> <span class='ocrx_word' id='word_1_23' title='bbox 397 632 523 704; x_wconf 83' lang='grc' dir='ltr'><strong><em>μηκύνει</em></strong></span> <span class='ocrx_word' id='word_1_24' title='bbox 548 632 642 693; x_wconf 90' lang='lat' dir='ltr'>eruit.</span> <span class='ocrx_word' id='word_1_25' title='bbox 667 628 736 707; x_wconf 81' lang='lat' dir='ltr'>Quo</span> <span class='ocrx_word' id='word_1_26' title='bbox 755 629 897 694; x_wconf 91' lang='lat' dir='ltr'>nondum</span> <span class='ocrx_word' id='word_1_27' title='bbox 918 633 1047 716; x_wconf 82' lang='lat' dir='ltr'>cognito</span> <span class='ocrx_word' id='word_1_28' title='bbox 1067 632 1135 713; x_wconf 81' lang='lat' dir='ltr'>ipse</span> <span class='ocrx_word' id='word_1_29' title='bbox 1154 627 1188 691; x_wconf 94' lang='lat' dir='ltr'>in</span> <span class='ocrx_word' id='word_1_30' title='bbox 1206 625 1337 691; x_wconf 83' lang='lat' dir='ltr'>eandem</span> 
     </span>
     <span class='ocr_line' id='line_1_5' title="bbox 144 733 1337 815; baseline -0.002 -16"><span class='ocrx_word' id='word_1_31' title='bbox 144 739 333 800; x_wconf 84' lang='lat' dir='ltr'>sententiam</span> <span class='ocrx_word' id='word_1_32' title='bbox 364 736 407 800; x_wconf 79' lang='grc' dir='ltr'>ὑιὺ</span> <span class='ocrx_word' id='word_1_33' title='bbox 431 738 483 799; x_wconf 75' lang='grc' dir='ltr'>καὶ</span> <span class='ocrx_word' id='word_1_34' title='bbox 509 735 672 815; x_wconf 69' lang='grc' dir='ltr'><strong><em>ἐμφαίνειν</em></strong></span> <span class='ocrx_word' id='word_1_35' title='bbox 698 735 749 800; x_wconf 83' lang='lat' dir='ltr'>vel</span> <span class='ocrx_word' id='word_1_36' title='bbox 775 736 913 799; x_wconf 75' lang='grc' dir='ltr'><strong><em>ἐντείνειν</em></strong></span> <span class='ocrx_word' id='word_1_37' title='bbox 937 738 980 799; x_wconf 76' lang='lat' dir='ltr'>rai</span> <span class='ocrx_word' id='word_1_38' title='bbox 1005 758 1083 799; x_wconf 85' lang='grc' dir='ltr'><strong><em>π.π.</em></strong></span> <span class='ocrx_word' id='word_1_39' title='bbox 1108 733 1248 812; x_wconf 67' lang='grc' dir='ltr'><strong><em>γαστρός</em></strong></span> <span class='ocrx_word' id='word_1_40' title='bbox 1272 737 1337 797; x_wconf 78' lang='lat' dir='ltr'>ten·</span> 
     </span>
     <span class='ocr_line' id='line_1_6' title="bbox 145 837 1337 925; baseline -0.005 -19"><span class='ocrx_word' id='word_1_41' title='bbox 145 848 306 919; x_wconf 79' lang='lat' dir='ltr'>teneram,</span> <span class='ocrx_word' id='word_1_42' title='bbox 338 847 503 925; x_wconf 88' lang='lat' dir='ltr'>totumque</span> <span class='ocrx_word' id='word_1_43' title='bbox 534 839 640 905; x_wconf 90' lang='lat' dir='ltr'>locum</span> <span class='ocrx_word' id='word_1_44' title='bbox 672 844 769 904; x_wconf 89' lang='lat' dir='ltr'>etiam</span> <span class='ocrx_word' id='word_1_45' title='bbox 798 863 883 906; x_wconf 88' lang='lat' dir='ltr'>nunc</span> <span class='ocrx_word' id='word_1_46' title='bbox 905 844 952 907; x_wconf 89' lang='lat' dir='ltr'>ita</span> <span class='ocrx_word' id='word_1_47' title='bbox 974 839 1235 905; x_wconf 88' lang='lat' dir='ltr'>constituendum</span> <span class='ocrx_word' id='word_1_48' title='bbox 1257 837 1337 902; x_wconf 88' lang='lat' dir='ltr'>arbi·</span> 
     </span>
     <span class='ocr_line' id='line_1_7' title="bbox 144 942 1338 1028; baseline -0.003 -18"><span class='ocrx_word' id='word_1_49' title='bbox 144 956 226 1012; x_wconf 85' lang='lat' dir='ltr'>tror:</span> <span class='ocrx_word' id='word_1_50' title='bbox 263 948 335 1025; x_wconf 74' lang='grc' dir='ltr'><strong><em>πρὸς</em></strong></span> <span class='ocrx_word' id='word_1_51' title='bbox 371 943 419 1018; x_wconf 81' lang='grc' dir='ltr'>οὓς</span> <span class='ocrx_word' id='word_1_52' title='bbox 448 947 548 1028; x_wconf 75' lang='grc' dir='ltr'><strong><em>ῥητέον</em></strong></span> <span class='ocrx_word' id='word_1_53' title='bbox 579 942 624 1010; x_wconf 81' lang='grc' dir='ltr'>ὑτι</span> <span class='ocrx_word' id='word_1_54' title='bbox 658 947 866 1024; x_wconf 68' lang='grc' dir='ltr'><strong><em>ἀποτρίβεται</em></strong></span> <span class='ocrx_word' id='word_1_55' title='bbox 898 949 953 1020; x_wconf 72' lang='lat' dir='ltr'>rire</span> <span class='ocrx_word' id='word_1_56' title='bbox 989 946 1130 1010; x_wconf 78' lang='grc' dir='ltr'><strong><em>ὑπόνοιαν</em></strong></span> <span class='ocrx_word' id='word_1_57' title='bbox 1162 950 1217 1008; x_wconf 82' lang='grc' dir='ltr'><strong><em>τοὺ</em></strong></span> <span class='ocrx_word' id='word_1_58' title='bbox 1245 943 1338 1008; x_wconf 75' lang='grc' dir='ltr'><strong><em>ὑοιιεῖν</em></strong></span> 
     </span>
     <span class='ocr_line' id='line_1_8' title="bbox 144 1047 1339 1140; baseline -0.003 -22"><span class='ocrx_word' id='word_1_59' title='bbox 144 1047 222 1118; x_wconf 81' lang='grc' dir='ltr'><strong><em>εἶναι</em></strong></span> <span class='ocrx_word' id='word_1_60' title='bbox 249 1052 324 1140; x_wconf 78' lang='grc' dir='ltr'>(ὑεὺ</span> <span class='ocrx_word' id='word_1_61' title='bbox 332 1055 380 1137; x_wconf 85' lang='grc' dir='ltr'>ς),</span> <span class='ocrx_word' id='word_1_62' title='bbox 403 1053 446 1125; x_wconf 76' lang='grc' dir='ltr'>εἷς</span> <span class='ocrx_word' id='word_1_63' title='bbox 470 1052 633 1125; x_wconf 81' lang='grc' dir='ltr'><strong><em>ταπεινοὺς</em></strong></span> <span class='ocrx_word' id='word_1_64' title='bbox 659 1052 898 1131; x_wconf 68' lang='grc' dir='ltr'><strong><em>καταβαίνων</em></strong></span> <span class='ocrx_word' id='word_1_65' title='bbox 923 1054 1083 1131; x_wconf 70' lang='grc' dir='ltr'><strong><em>λόγους.</em></strong></span> <span class='ocrx_word' id='word_1_66' title='bbox 1109 1051 1153 1115; x_wconf 72' lang='grc' dir='ltr'>διὸ</span> <span class='ocrx_word' id='word_1_67' title='bbox 1174 1051 1228 1115; x_wconf 74' lang='grc' dir='ltr'>καὶ</span> <span class='ocrx_word' id='word_1_68' title='bbox 1248 1047 1339 1134; x_wconf 74' lang='grc' dir='ltr'>(μη)</span> 
     </span>
     <span class='ocr_line' id='line_1_9' title="bbox 146 1155 1339 1244; baseline -0.003 -21"><span class='ocrx_word' id='word_1_69' title='bbox 146 1159 281 1223; x_wconf 87' lang='grc' dir='ltr'><strong><em>κὺνειν</em></strong></span> <span class='ocrx_word' id='word_1_70' title='bbox 315 1159 357 1222; x_wconf 77' lang='grc' dir='ltr'>οὑ</span> <span class='ocrx_word' id='word_1_71' title='bbox 388 1159 455 1238; x_wconf 76' lang='grc' dir='ltr'><strong><em>περὶ</em></strong></span> <span class='ocrx_word' id='word_1_72' title='bbox 486 1168 542 1233; x_wconf 79' lang='grc' dir='ltr'>τῆς</span> <span class='ocrx_word' id='word_1_73' title='bbox 576 1159 722 1239; x_wconf 72' lang='grc' dir='ltr'><strong><em>γαστρός.</em></strong></span> <span class='ocrx_word' id='word_1_74' title='bbox 770 1159 878 1244; x_wconf 80' lang='lat' dir='ltr'>Atque</span> <span class='ocrx_word' id='word_1_75' title='bbox 905 1162 953 1224; x_wconf 80' lang='lat' dir='ltr'>ita</span> <span class='ocrx_word' id='word_1_76' title='bbox 975 1159 1059 1235; x_wconf 83' lang='lat' dir='ltr'>fere,</span> <span class='ocrx_word' id='word_1_77' title='bbox 1083 1167 1120 1222; x_wconf 85' lang='lat' dir='ltr'>ut</span> <span class='ocrx_word' id='word_1_78' title='bbox 1144 1158 1233 1234; x_wconf 84' lang='lat' dir='ltr'>dixi,</span> <span class='ocrx_word' id='word_1_79' title='bbox 1256 1155 1339 1221; x_wconf 76' lang='lat' dir='ltr'>Lud-</span> 
     </span>
     <span class='ocr_line' id='line_1_10' title="bbox 146 1264 1338 1350; baseline -0.001 -21"><span class='ocrx_word' id='word_1_80' title='bbox 146 1266 280 1330; x_wconf 85' lang='lat' dir='ltr'>winhiue</span> <span class='ocrx_word' id='word_1_81' title='bbox 301 1285 442 1350; x_wconf 89' lang='lat' dir='ltr'>quoque,</span> <span class='ocrx_word' id='word_1_82' title='bbox 463 1285 482 1330; x_wconf 83' lang='lat' dir='ltr'><strong>a</strong></span> <span class='ocrx_word' id='word_1_83' title='bbox 501 1285 563 1350; x_wconf 90' lang='lat' dir='ltr'>quo</span> <span class='ocrx_word' id='word_1_84' title='bbox 582 1273 690 1330; x_wconf 86' lang='lat' dir='ltr'>temen</span> <span class='ocrx_word' id='word_1_85' title='bbox 710 1264 811 1330; x_wconf 89' lang='lat' dir='ltr'>tribus</span> <span class='ocrx_word' id='word_1_86' title='bbox 829 1269 864 1329; x_wconf 92' lang='lat' dir='ltr'>in</span> <span class='ocrx_word' id='word_1_87' title='bbox 881 1268 975 1330; x_wconf 90' lang='lat' dir='ltr'>rebus</span> <span class='ocrx_word' id='word_1_88' title='bbox 986 1264 1196 1331; x_wconf 87' lang='lat' dir='ltr'>recedendum</span> <span class='ocrx_word' id='word_1_89' title='bbox 1209 1265 1338 1348; x_wconf 81' lang='lat' dir='ltr'>putari:</span> 
     </span>
     <span class='ocr_line' id='line_1_11' title="bbox 146 1368 1339 1456; baseline -0.001 -21"><span class='ocrx_word' id='word_1_90' title='bbox 146 1375 288 1456; x_wconf 93' lang='lat' dir='ltr'>primum</span> <span class='ocrx_word' id='word_1_91' title='bbox 311 1372 395 1456; x_wconf 90' lang='lat' dir='ltr'>quod</span> <span class='ocrx_word' id='word_1_92' title='bbox 415 1368 540 1436; x_wconf 76' lang='lat' dir='ltr'>Codicis</span> <span class='ocrx_word' id='word_1_93' title='bbox 559 1370 728 1436; x_wconf 86' lang='lat' dir='ltr'>lectionem</span> <span class='ocrx_word' id='word_1_94' title='bbox 750 1371 832 1454; x_wconf 83' lang='grc' dir='ltr'>ὑεὸν,</span> <span class='ocrx_word' id='word_1_95' title='bbox 853 1372 912 1437; x_wconf 80' lang='lat' dir='ltr'>etsi</span> <span class='ocrx_word' id='word_1_96' title='bbox 933 1371 1055 1438; x_wconf 86' lang='lat' dir='ltr'>soloeca</span> <span class='ocrx_word' id='word_1_97' title='bbox 1076 1380 1139 1448; x_wconf 87' lang='lat' dir='ltr'>eet,</span> <span class='ocrx_word' id='word_1_98' title='bbox 1161 1373 1292 1455; x_wconf 79' lang='lat' dir='ltr'>recepit.</span> <span class='ocrx_word' id='word_1_99' title='bbox 1316 1369 1339 1454; x_wconf 91' lang='lat'>¹)</span> 
     </span>
     <span class='ocr_line' id='line_1_12' title="bbox 147 1477 1339 1565; baseline -0.003 -22"><span class='ocrx_word' id='word_1_100' title='bbox 147 1477 260 1543; x_wconf 88' lang='lat' dir='ltr'>deinde</span> <span class='ocrx_word' id='word_1_101' title='bbox 300 1482 384 1563; x_wconf 89' lang='lat' dir='ltr'>qnod</span> <span class='ocrx_word' id='word_1_102' title='bbox 421 1481 510 1563; x_wconf 93' lang='lat' dir='ltr'>prius</span> <span class='ocrx_word' id='word_1_103' title='bbox 549 1480 661 1555; x_wconf 69' lang='grc' dir='ltr'><strong><em>λόγους</em></strong></span> <span class='ocrx_word' id='word_1_104' title='bbox 701 1481 852 1555; x_wconf 76' lang='lat' dir='ltr'>retinuit,</span> <span class='ocrx_word' id='word_1_105' title='bbox 895 1478 976 1562; x_wconf 90' lang='lat' dir='ltr'>qnod</span> <span class='ocrx_word' id='word_1_106' title='bbox 1016 1499 1076 1565; x_wconf 81' lang='lat' dir='ltr'>ego</span> <span class='ocrx_word' id='word_1_107' title='bbox 1119 1479 1261 1563; x_wconf 84' lang='lat' dir='ltr'>expunxi</span> <span class='ocrx_word' id='word_1_108' title='bbox 1296 1496 1339 1556; x_wconf 79' lang='lat' dir='ltr'>ae·</span> 
     </span>
     <span class='ocr_line' id='line_1_13' title="bbox 148 1582 1339 1669; baseline -0.003 -18"><span class='ocrx_word' id='word_1_109' title='bbox 148 1585 250 1651; x_wconf 90' lang='lat' dir='ltr'>cundo</span> <span class='ocrx_word' id='word_1_110' title='bbox 279 1592 422 1660; x_wconf 76' lang='lat' dir='ltr'>servato,</span> <span class='ocrx_word' id='word_1_111' title='bbox 455 1605 518 1669; x_wconf 91' lang='lat' dir='ltr'>quo</span> <span class='ocrx_word' id='word_1_112' title='bbox 547 1585 631 1650; x_wconf 83' lang='lat' dir='ltr'>iacto</span> <span class='ocrx_word' id='word_1_113' title='bbox 660 1588 760 1650; x_wconf 88' lang='lat' dir='ltr'>oratio</span> <span class='ocrx_word' id='word_1_114' title='bbox 784 1584 864 1648; x_wconf 90' lang='lat' dir='ltr'>mihi</span> <span class='ocrx_word' id='word_1_115' title='bbox 888 1587 1070 1649; x_wconf 80' lang='lat' dir='ltr'>concinnior</span> <span class='ocrx_word' id='word_1_116' title='bbox 1093 1604 1228 1649; x_wconf 85' lang='lat' dir='ltr'>evasura</span> <span class='ocrx_word' id='word_1_117' title='bbox 1250 1582 1339 1650; x_wconf 81' lang='lat' dir='ltr'>ride·</span> 
     </span>
     <span class='ocr_line' id='line_1_14' title="bbox 148 1689 1339 1776; baseline -0.004 -19"><span class='ocrx_word' id='word_1_118' title='bbox 148 1699 216 1767; x_wconf 88' lang='lat' dir='ltr'>tur,</span> <span class='ocrx_word' id='word_1_119' title='bbox 259 1691 395 1776; x_wconf 87' lang='lat' dir='ltr'>deniqne</span> <span class='ocrx_word' id='word_1_120' title='bbox 429 1693 513 1776; x_wconf 88' lang='lat' dir='ltr'>quod</span> <span class='ocrx_word' id='word_1_121' title='bbox 548 1690 744 1755; x_wconf 88' lang='lat' dir='ltr'>infinitivum</span> <span class='ocrx_word' id='word_1_122' title='bbox 781 1698 925 1765; x_wconf 75' lang='grc' dir='ltr'>μηκύνειν</span> <span class='ocrx_word' id='word_1_123' title='bbox 961 1692 1067 1756; x_wconf 87' lang='lat' dir='ltr'>nescio</span> <span class='ocrx_word' id='word_1_124' title='bbox 1101 1712 1159 1755; x_wconf 88' lang='lat' dir='ltr'>cur</span> <span class='ocrx_word' id='word_1_125' title='bbox 1191 1692 1227 1754; x_wconf 90' lang='lat' dir='ltr'>in</span> <span class='ocrx_word' id='word_1_126' title='bbox 1262 1689 1339 1753; x_wconf 87' lang='lat' dir='ltr'>indi·</span> 
     </span>
     <span class='ocr_line' id='line_1_15' title="bbox 147 1793 1339 1882; baseline -0.003 -18"><span class='ocrx_word' id='word_1_127' title='bbox 147 1802 290 1864; x_wconf 85' lang='lat' dir='ltr'>cetivum</span> <span class='ocrx_word' id='word_1_128' title='bbox 322 1800 493 1875; x_wconf 85' lang='lat' dir='ltr'>convertit,</span> <span class='ocrx_word' id='word_1_129' title='bbox 518 1817 592 1862; x_wconf 90' lang='lat' dir='ltr'>cum</span> <span class='ocrx_word' id='word_1_130' title='bbox 617 1795 698 1860; x_wconf 91' lang='lat' dir='ltr'>nihil</span> <span class='ocrx_word' id='word_1_131' title='bbox 723 1797 831 1861; x_wconf 79' lang='lat' dir='ltr'>tritius</span> <span class='ocrx_word' id='word_1_132' title='bbox 854 1801 896 1862; x_wconf 91' lang='lat' dir='ltr'>sit</span> <span class='ocrx_word' id='word_1_133' title='bbox 920 1818 1016 1882; x_wconf 88' lang='lat' dir='ltr'>quam</span> <span class='ocrx_word' id='word_1_134' title='bbox 1040 1798 1137 1862; x_wconf 86' lang='lat' dir='ltr'>verbe</span> <span class='ocrx_word' id='word_1_135' title='bbox 1161 1793 1339 1861; x_wconf 80' lang='lat' dir='ltr'>declarandi</span> 
     </span>
     <span class='ocr_line' id='line_1_16' title="bbox 146 1901 1339 1987; baseline -0.003 -18"><span class='ocrx_word' id='word_1_136' title='bbox 146 1905 181 1969; x_wconf 91' lang='lat' dir='ltr'>in</span> <span class='ocrx_word' id='word_1_137' title='bbox 204 1904 303 1970; x_wconf 84' lang='lat' dir='ltr'>altero</span> <span class='ocrx_word' id='word_1_138' title='bbox 328 1906 473 1969; x_wconf 89' lang='lat' dir='ltr'>membro</span> <span class='ocrx_word' id='word_1_139' title='bbox 497 1924 571 1969; x_wconf 90' lang='lat' dir='ltr'>cum</span> <span class='ocrx_word' id='word_1_140' title='bbox 591 1901 637 1967; x_wconf 77' lang='grc' dir='ltr'>ὅτι</span> <span class='ocrx_word' id='word_1_141' title='bbox 662 1903 819 1987; x_wconf 79' lang='lat' dir='ltr'>porticula</span> <span class='ocrx_word' id='word_1_142' title='bbox 842 1906 939 1976; x_wconf 84' lang='lat' dir='ltr'>strui.</span> <span class='ocrx_word' id='word_1_143' title='bbox 965 1906 998 1968; x_wconf 94' lang='lat' dir='ltr'>in</span> <span class='ocrx_word' id='word_1_144' title='bbox 1023 1904 1121 1969; x_wconf 87' lang='lat' dir='ltr'>altero</span> <span class='ocrx_word' id='word_1_145' title='bbox 1146 1923 1221 1967; x_wconf 90' lang='lat' dir='ltr'>cum</span> <span class='ocrx_word' id='word_1_146' title='bbox 1252 1920 1339 1966; x_wconf 82' lang='lat' dir='ltr'>acon·</span> 
     </span>
     <span class='ocr_line' id='line_1_17' title="bbox 146 2007 1339 2096; baseline -0.005 -19"><span class='ocrx_word' id='word_1_147' title='bbox 146 2013 279 2090; x_wconf 57' lang='lat' dir='ltr'>sativo„</span> <span class='ocrx_word' id='word_1_148' title='bbox 295 2016 350 2096; x_wconf 91' lang='lat' dir='ltr'>qui</span> <span class='ocrx_word' id='word_1_149' title='bbox 376 2011 510 2095; x_wconf 88' lang='lat' dir='ltr'>dicitur,</span> <span class='ocrx_word' id='word_1_150' title='bbox 535 2025 567 2076; x_wconf 86' lang='lat' dir='ltr'>et</span> <span class='ocrx_word' id='word_1_151' title='bbox 590 2008 758 2074; x_wconf 84' lang='lat' dir='ltr'>infinitivo.</span> <span class='ocrx_word' id='word_1_152' title='bbox 790 2009 945 2094; x_wconf 78' lang='lat' dir='ltr'>Exemplo</span> <span class='ocrx_word' id='word_1_153' title='bbox 969 2013 1033 2074; x_wconf 90' lang='lat' dir='ltr'>sint</span> <span class='ocrx_word' id='word_1_154' title='bbox 1056 2032 1094 2074; x_wconf 83' lang='lat' dir='ltr'>ex</span> <span class='ocrx_word' id='word_1_155' title='bbox 1116 2008 1268 2094; x_wconf 80' lang='lat' dir='ltr'>plurimis</span> <span class='ocrx_word' id='word_1_156' title='bbox 1284 2007 1339 2072; x_wconf 85' lang='lat' dir='ltr'>hoe</span> 
     </span>
     <span class='ocr_line' id='line_1_18' title="bbox 147 2115 1339 2204; baseline -0.006 -20"><span class='ocrx_word' id='word_1_157' title='bbox 147 2119 413 2203; x_wconf 84' lang='lat' dir='ltr'>Xenophonteum</span> <span class='ocrx_word' id='word_1_158' title='bbox 440 2116 569 2204; x_wconf 68' lang='lat' dir='ltr'>(Cyrop.</span> <span class='ocrx_word' id='word_1_159' title='bbox 595 2116 627 2196; x_wconf 86' lang='lat'>1,</span> <span class='ocrx_word' id='word_1_160' title='bbox 651 2115 738 2200; x_wconf 65' lang='lat'>1115</span> <span class='ocrx_word' id='word_1_161' title='bbox 766 2119 838 2201; x_wconf 79' lang='grc'>13);</span> <span class='ocrx_word' id='word_1_162' title='bbox 864 2119 880 2190; x_wconf 75' lang='grc' dir='ltr'><strong><em>ἡ</em></strong></span> <span class='ocrx_word' id='word_1_163' title='bbox 903 2117 934 2180; x_wconf 74' lang='grc' dir='ltr'>δὲ</span> <span class='ocrx_word' id='word_1_164' title='bbox 957 2117 1134 2201; x_wconf 63' lang='grc' dir='ltr'><strong><em>ηΜανδοὶνη)</em></strong></span> <span class='ocrx_word' id='word_1_165' title='bbox 1155 2116 1339 2192; x_wconf 74' lang='grc' dir='ltr'><strong><em>ὑπεκρίνατο</em></strong></span> 
     </span>
     <span class='ocr_line' id='line_1_19' title="bbox 149 2220 1339 2304; baseline -0.005 -14"><span class='ocrx_word' id='word_1_166' title='bbox 149 2223 194 2290; x_wconf 76' lang='grc' dir='ltr'>ὑπι</span> <span class='ocrx_word' id='word_1_167' title='bbox 218 2225 361 2303; x_wconf 79' lang='grc' dir='ltr'><strong><em>βούλοιτο</em></strong></span> <span class='ocrx_word' id='word_1_168' title='bbox 384 2226 441 2300; x_wconf 80' lang='grc' dir='ltr'>μὲν</span> <span class='ocrx_word' id='word_1_169' title='bbox 464 2221 595 2287; x_wconf 73' lang='grc' dir='ltr'><strong><em>ἅπαντα</em></strong></span> <span class='ocrx_word' id='word_1_170' title='bbox 619 2225 661 2304; x_wconf 76' lang='grc' dir='ltr'>τῷ</span> <span class='ocrx_word' id='word_1_171' title='bbox 686 2225 780 2301; x_wconf 76' lang='grc' dir='ltr'><strong><em>πατρὶ</em></strong></span> <span class='ocrx_word' id='word_1_172' title='bbox 805 2224 1007 2304; x_wconf 77' lang='grc' dir='ltr'><strong><em>χαρίζεσθαι.</em></strong></span> <span class='ocrx_word' id='word_1_173' title='bbox 1029 2224 1145 2287; x_wconf 70' lang='grc' dir='ltr'><strong><em>ἄκοντα</em></strong></span> <span class='ocrx_word' id='word_1_174' title='bbox 1166 2225 1272 2297; x_wconf 80' lang='grc' dir='ltr'><strong><em>μέντοι</em></strong></span> <span class='ocrx_word' id='word_1_175' title='bbox 1292 2220 1339 2285; x_wconf 71' lang='lat' dir='ltr'>riv</span> 
     </span>
     <span class='ocr_line' id='line_1_20' title="bbox 148 2325 1339 2408; baseline -0.003 -13"><span class='ocrx_word' id='word_1_176' title='bbox 148 2333 249 2396; x_wconf 74' lang='grc' dir='ltr'><strong><em>παῖδα</em></strong></span> <span class='ocrx_word' id='word_1_177' title='bbox 274 2331 417 2408; x_wconf 84' lang='grc' dir='ltr'><strong><em>χαλεπὸν</em></strong></span> <span class='ocrx_word' id='word_1_178' title='bbox 440 2325 517 2392; x_wconf 80' lang='grc' dir='ltr'><strong><em>εἶναι</em></strong></span> <span class='ocrx_word' id='word_1_179' title='bbox 541 2329 670 2404; x_wconf 68' lang='grc' dir='ltr'><strong><em>νομίζειν</em></strong></span> <span class='ocrx_word' id='word_1_180' title='bbox 695 2337 899 2399; x_wconf 78' lang='grc' dir='ltr'><strong><em>καταλιπεῖν,</em></strong></span> <span class='ocrx_word' id='word_1_181' title='bbox 926 2342 958 2393; x_wconf 88' lang='lat' dir='ltr'>et</span> <span class='ocrx_word' id='word_1_182' title='bbox 981 2348 1018 2392; x_wconf 84' lang='lat' dir='ltr'>ex</span> <span class='ocrx_word' id='word_1_183' title='bbox 1049 2331 1165 2392; x_wconf 85' lang='lat' dir='ltr'>nostris</span> <span class='ocrx_word' id='word_1_184' title='bbox 1193 2326 1339 2392; x_wconf 82' lang='lat' dir='ltr'>Scholion</span> 
     </span>
    </p>
   </div>
   <div class='ocr_carea' id='block_1_3' title="bbox 147 2434 1339 3055">
    <p class='ocr_par' dir='ltr' id='par_1_3' title="bbox 147 2434 1339 3055">
     <span class='ocr_line' id='line_1_21' title="bbox 147 2434 1338 2523; baseline -0.007 -20"><span class='ocrx_word' id='word_1_185' title='bbox 147 2436 402 2523; x_wconf 86' lang='lat' dir='ltr'>Porphyrianum</span> <span class='ocrx_word' id='word_1_186' title='bbox 438 2434 479 2501; x_wconf 75' lang='lat' dir='ltr'>ad</span> <span class='ocrx_word' id='word_1_187' title='bbox 511 2458 533 2497; x_wconf 87' lang='grc' dir='ltr'><strong><em>α</em></strong></span> <span class='ocrx_word' id='word_1_188' title='bbox 563 2434 646 2518; x_wconf 74' lang='grc'><strong>332,</strong></span> <span class='ocrx_word' id='word_1_189' title='bbox 682 2435 738 2498; x_wconf 90' lang='lat' dir='ltr'>nbi</span> <span class='ocrx_word' id='word_1_190' title='bbox 778 2444 844 2499; x_wconf 88' lang='lat' dir='ltr'>est:</span> <span class='ocrx_word' id='word_1_191' title='bbox 885 2435 937 2499; x_wconf 74' lang='lat' dir='ltr'>axi</span> <span class='ocrx_word' id='word_1_192' title='bbox 976 2438 1083 2507; x_wconf 80' lang='grc' dir='ltr'><strong><em>Ἑλένη</em></strong></span> <span class='ocrx_word' id='word_1_193' title='bbox 1117 2434 1338 2510; x_wconf 73' lang='grc' dir='ltr'><strong><em>συνεστιυμὲνη</em></strong></span> 
     </span>
     <span class='ocr_line' id='line_1_22' title="bbox 148 2537 1339 2620; baseline -0.003 -13"><span class='ocrx_word' id='word_1_194' title='bbox 148 2542 222 2616; x_wconf 77' lang='grc' dir='ltr'><strong><em>νέοις</em></strong></span> <span class='ocrx_word' id='word_1_195' title='bbox 250 2576 338 2592; x_wconf 87' lang='grc'>·-·</span> <span class='ocrx_word' id='word_1_196' title='bbox 366 2548 475 2620; x_wconf 67' lang='grc' dir='ltr'><strong><em>σαφῶς</em></strong></span> <span class='ocrx_word' id='word_1_197' title='bbox 501 2542 649 2615; x_wconf 77' lang='grc' dir='ltr'><strong><em>ε’δηλιυοεν</em></strong></span> <span class='ocrx_word' id='word_1_198' title='bbox 674 2538 718 2605; x_wconf 77' lang='grc' dir='ltr'>ὅτι</span> <span class='ocrx_word' id='word_1_199' title='bbox 744 2542 899 2620; x_wconf 69' lang='grc' dir='ltr'><strong><em>παρθένοις</em></strong></span> <span class='ocrx_word' id='word_1_200' title='bbox 924 2543 1012 2616; x_wconf 76' lang='grc' dir='ltr'><strong><em>μόνον</em></strong></span> <span class='ocrx_word' id='word_1_201' title='bbox 1037 2537 1070 2614; x_wconf 78' lang='grc' dir='ltr'>ἦν</span> <span class='ocrx_word' id='word_1_202' title='bbox 1093 2543 1222 2620; x_wconf 77' lang='grc' dir='ltr'><strong><em>αὑοχρὺν</em></strong></span> <span class='ocrx_word' id='word_1_203' title='bbox 1256 2573 1339 2590; x_wconf 88' lang='grc'>·--</span> 
     </span>
     <span class='ocr_line' id='line_1_23' title="bbox 148 2643 1339 2728; baseline -0.003 -14"><span class='ocrx_word' id='word_1_204' title='bbox 148 2658 219 2721; x_wconf 77' lang='grc' dir='ltr'><strong><em>ταῖς</em></strong></span> <span class='ocrx_word' id='word_1_205' title='bbox 253 2649 283 2713; x_wconf 75' lang='grc' dir='ltr'>δὲ</span> <span class='ocrx_word' id='word_1_206' title='bbox 320 2650 528 2726; x_wconf 71' lang='grc' dir='ltr'><strong><em>ναμηὺεὑοαις</em></strong></span> <span class='ocrx_word' id='word_1_207' title='bbox 559 2651 604 2726; x_wconf 74' lang='grc' dir='ltr'>μη</span> <span class='ocrx_word' id='word_1_208' title='bbox 637 2643 713 2711; x_wconf 86' lang='grc' dir='ltr'><strong><em>εἶναι</em></strong></span> <span class='ocrx_word' id='word_1_209' title='bbox 745 2647 883 2728; x_wconf 79' lang='grc' dir='ltr'><strong><em>αἰσχρόν.</em></strong></span> <span class='ocrx_word' id='word_1_210' title='bbox 931 2648 991 2712; x_wconf 80' lang='lat' dir='ltr'>sed</span> <span class='ocrx_word' id='word_1_211' title='bbox 1023 2648 1083 2713; x_wconf 84' lang='lat' dir='ltr'>hae</span> <span class='ocrx_word' id='word_1_212' title='bbox 1107 2650 1287 2720; x_wconf 80' lang='lat' dir='ltr'>minutiae.</span> <span class='ocrx_word' id='word_1_213' title='bbox 1308 2648 1339 2710; x_wconf 90' lang='lat' dir='ltr'>iu</span> 
     </span>
     <span class='ocr_line' id='line_1_24' title="bbox 149 2754 1339 2843; baseline -0.006 -21"><span class='ocrx_word' id='word_1_214' title='bbox 149 2760 264 2843; x_wconf 91' lang='lat' dir='ltr'>quibus</span> <span class='ocrx_word' id='word_1_215' title='bbox 288 2754 343 2821; x_wconf 86' lang='lat' dir='ltr'>alii</span> <span class='ocrx_word' id='word_1_216' title='bbox 369 2756 460 2820; x_wconf 84' lang='lat' dir='ltr'>aliter</span> <span class='ocrx_word' id='word_1_217' title='bbox 482 2758 641 2838; x_wconf 86' lang='lat' dir='ltr'>iudicent,</span> <span class='ocrx_word' id='word_1_218' title='bbox 666 2763 806 2819; x_wconf 79' lang='lat' dir='ltr'>nostram</span> <span class='ocrx_word' id='word_1_219' title='bbox 836 2758 870 2818; x_wconf 94' lang='lat' dir='ltr'>in</span> <span class='ocrx_word' id='word_1_220' title='bbox 902 2776 1030 2819; x_wconf 90' lang='lat' dir='ltr'>summa</span> <span class='ocrx_word' id='word_1_221' title='bbox 1061 2776 1094 2819; x_wconf 88' lang='lat' dir='ltr'>re</span> <span class='ocrx_word' id='word_1_222' title='bbox 1128 2756 1339 2831; x_wconf 77' lang='grc' dir='ltr'><strong><em>ουνέςιπτυοιν</em></strong></span> 
     </span>
     <span class='ocr_line' id='line_1_25' title="bbox 149 2861 1339 2946; baseline -0.005 -17"><span class='ocrx_word' id='word_1_223' title='bbox 149 2883 211 2929; x_wconf 91' lang='lat' dir='ltr'>non</span> <span class='ocrx_word' id='word_1_224' title='bbox 245 2868 408 2939; x_wconf 87' lang='lat' dir='ltr'>minuent,</span> <span class='ocrx_word' id='word_1_225' title='bbox 439 2883 501 2946; x_wconf 89' lang='lat' dir='ltr'>qua</span> <span class='ocrx_word' id='word_1_226' title='bbox 539 2862 655 2937; x_wconf 84' lang='lat' dir='ltr'>laetor,</span> <span class='ocrx_word' id='word_1_227' title='bbox 692 2881 834 2946; x_wconf 88' lang='lat' dir='ltr'>quaeque</span> <span class='ocrx_word' id='word_1_228' title='bbox 870 2861 951 2925; x_wconf 89' lang='lat' dir='ltr'>mihi</span> <span class='ocrx_word' id='word_1_229' title='bbox 985 2862 1103 2926; x_wconf 90' lang='lat' dir='ltr'>indicio</span> <span class='ocrx_word' id='word_1_230' title='bbox 1138 2869 1187 2926; x_wconf 87' lang='lat' dir='ltr'>est</span> <span class='ocrx_word' id='word_1_231' title='bbox 1220 2868 1339 2925; x_wconf 88' lang='lat' dir='ltr'>senten·</span> 
     </span>
     <span class='ocr_line' id='line_1_26' title="bbox 149 2966 1339 3055; baseline -0.004 -20"><span class='ocrx_word' id='word_1_232' title='bbox 149 2974 230 3035; x_wconf 82' lang='lat' dir='ltr'>tiam</span> <span class='ocrx_word' id='word_1_233' title='bbox 265 2967 556 3055; x_wconf 78' lang='lat' dir='ltr'>disputatiunculae</span> <span class='ocrx_word' id='word_1_234' title='bbox 590 2967 756 3032; x_wconf 77' lang='lat' dir='ltr'>lacunosae</span> <span class='ocrx_word' id='word_1_235' title='bbox 791 2968 920 3052; x_wconf 89' lang='lat' dir='ltr'>quidem</span> <span class='ocrx_word' id='word_1_236' title='bbox 954 2969 1009 3033; x_wconf 87' lang='lat' dir='ltr'>sed</span> <span class='ocrx_word' id='word_1_237' title='bbox 1038 2989 1102 3033; x_wconf 91' lang='lat' dir='ltr'>non</span> <span class='ocrx_word' id='word_1_238' title='bbox 1132 2966 1339 3032; x_wconf 84' lang='lat' dir='ltr'>difficillimae</span> 
     </span>
    </p>
   </div>
   <div class='ocr_carea' id='block_1_4' title="bbox 158 3145 327 3154">
    <p class='ocr_par' dir='ltr' id='par_1_4' title="bbox 158 3145 327 3154">
     <span class='ocr_line' id='line_1_27' title="bbox 158 3145 327 3154; baseline -0.006 0"><span class='ocrx_word' id='word_1_239' title='bbox 158 3145 327 3154; x_wconf 50' lang='grc' dir='ltr'><strong><em>*ιο-.-</em></strong></span> 
     </span>
    </p>
   </div>
   <div class='ocr_carea' id='block_1_5' title="bbox 148 3241 1339 3392">
    <p class='ocr_par' dir='ltr' id='par_1_5' title="bbox 148 3241 1339 3392">
     <span class='ocr_line' id='line_1_28' title="bbox 184 3241 1339 3310; baseline -0.002 -18"><span class='ocrx_word' id='word_1_240' title='bbox 184 3245 211 3310; x_wconf 93' lang='grc'>1)</span> <span class='ocrx_word' id='word_1_241' title='bbox 234 3244 344 3310; x_wconf 74' lang='lat' dir='ltr'>Repetite</span> <span class='ocrx_word' id='word_1_242' title='bbox 369 3244 486 3293; x_wconf 85' lang='lat' dir='ltr'>Dindortii</span> <span class='ocrx_word' id='word_1_243' title='bbox 511 3243 674 3293; x_wconf 75' lang='lat' dir='ltr'>observatione</span> <span class='ocrx_word' id='word_1_244' title='bbox 698 3245 769 3308; x_wconf 77' lang='lat' dir='ltr'>(App.</span> <span class='ocrx_word' id='word_1_245' title='bbox 789 3260 811 3308; x_wconf 92' lang='lat' dir='ltr'>p.</span> <span class='ocrx_word' id='word_1_246' title='bbox 831 3242 891 3308; x_wconf 75' lang='lat'>772)</span> <span class='ocrx_word' id='word_1_247' title='bbox 909 3243 938 3291; x_wconf 84' lang='lat' dir='ltr'>de</span> <span class='ocrx_word' id='word_1_248' title='bbox 954 3243 1040 3292; x_wconf 82' lang='lat' dir='ltr'>codicis</span> <span class='ocrx_word' id='word_1_249' title='bbox 1056 3243 1176 3308; x_wconf 79' lang='lat' dir='ltr'>scriptura</span> <span class='ocrx_word' id='word_1_250' title='bbox 1192 3241 1339 3291; x_wconf 76' lang='lat' dir='ltr'>Lndwichinr</span> 
     </span>
     <span class='ocr_line' id='line_1_29' title="bbox 148 3321 1339 3392; baseline -0.002 -17"><span class='ocrx_word' id='word_1_251' title='bbox 148 3326 238 3392; x_wconf 77' lang='lat' dir='ltr'>pergit:</span> <span class='ocrx_word' id='word_1_252' title='bbox 269 3328 338 3375; x_wconf 71' lang='lat' dir='ltr'>‚Nur</span> <span class='ocrx_word' id='word_1_253' title='bbox 360 3326 398 3375; x_wconf 88' lang='lat' dir='ltr'>die</span> <span class='ocrx_word' id='word_1_254' title='bbox 419 3325 524 3390; x_wconf 76' lang='lat' dir='ltr'>Aulgebe</span> <span class='ocrx_word' id='word_1_255' title='bbox 548 3327 606 3375; x_wconf 78' lang='lat' dir='ltr'>iiber</span> <span class='ocrx_word' id='word_1_256' title='bbox 629 3326 667 3374; x_wconf 87' lang='lat' dir='ltr'>die</span> <span class='ocrx_word' id='word_1_257' title='bbox 685 3326 764 3374; x_wconf 84' lang='lat' dir='ltr'>Liicke</span> <span class='ocrx_word' id='word_1_258' title='bbox 781 3326 813 3374; x_wconf 80' lang='lat' dir='ltr'>iet</span> <span class='ocrx_word' id='word_1_259' title='bbox 831 3325 932 3389; x_wconf 82' lang='lat' dir='ltr'>richtig;</span> <span class='ocrx_word' id='word_1_260' title='bbox 952 3327 975 3384; x_wconf 94' lang='grc'>1)</span> <span class='ocrx_word' id='word_1_261' title='bbox 994 3326 1114 3375; x_wconf 81' lang='lat' dir='ltr'>niihmlich</span> <span class='ocrx_word' id='word_1_262' title='bbox 1133 3325 1227 3374; x_wconf 87' lang='lat' dir='ltr'>sehrieb</span> <span class='ocrx_word' id='word_1_263' title='bbox 1245 3326 1288 3374; x_wconf 88' lang='lat' dir='ltr'>der</span> <span class='ocrx_word' id='word_1_264' title='bbox 1304 3321 1339 3373; x_wconf 78' lang='lat' dir='ltr'>ui·</span> 
     </span>
    </p>
   </div>
   <div class='ocr_carea' id='block_1_6' title="bbox 148 3411 1339 3561">
    <p class='ocr_par' dir='ltr' id='par_1_6' title="bbox 148 3411 1339 3561">
     <span class='ocr_line' id='line_1_30' title="bbox 148 3411 1339 3473; baseline -0.005 -6"><span class='ocrx_word' id='word_1_265' title='bbox 148 3416 242 3467; x_wconf 87' lang='lat' dir='ltr'>brarina</span> <span class='ocrx_word' id='word_1_266' title='bbox 267 3417 376 3465; x_wconf 77' lang='lat' dir='ltr'>wirklich</span> <span class='ocrx_word' id='word_1_267' title='bbox 400 3417 477 3466; x_wconf 87' lang='lat' dir='ltr'>nichta</span> <span class='ocrx_word' id='word_1_268' title='bbox 500 3417 597 3464; x_wconf 79' lang='lat' dir='ltr'>nudarer</span> <span class='ocrx_word' id='word_1_269' title='bbox 620 3417 654 3464; x_wconf 82' lang='lat' dir='ltr'>ule</span> <span class='ocrx_word' id='word_1_270' title='bbox 671 3416 727 3472; x_wconf 67' lang='grc' dir='ltr'>καις</span> <span class='ocrx_word' id='word_1_271' title='bbox 750 3430 797 3463; x_wconf 85' lang='lat' dir='ltr'>nur</span> <span class='ocrx_word' id='word_1_272' title='bbox 819 3415 871 3462; x_wconf 85' lang='lat' dir='ltr'>deae</span> <span class='ocrx_word' id='word_1_273' title='bbox 897 3431 938 3473; x_wconf 87' lang='lat' dir='ltr'>er,</span> <span class='ocrx_word' id='word_1_274' title='bbox 955 3431 995 3463; x_wconf 93' lang='lat' dir='ltr'>um</span> <span class='ocrx_word' id='word_1_275' title='bbox 1012 3416 1049 3464; x_wconf 90' lang='lat' dir='ltr'>die</span> <span class='ocrx_word' id='word_1_276' title='bbox 1067 3416 1130 3463; x_wconf 80' lang='lat' dir='ltr'>Zeile</span> <span class='ocrx_word' id='word_1_277' title='bbox 1148 3432 1176 3465; x_wconf 92' lang='lat' dir='ltr'>zu</span> <span class='ocrx_word' id='word_1_278' title='bbox 1194 3415 1286 3472; x_wconf 70' lang='lat' dir='ltr'>fullon,</span> <span class='ocrx_word' id='word_1_279' title='bbox 1306 3411 1339 3462; x_wconf 83' lang='lat' dir='ltr'>dir</span> 
     </span>
     <span class='ocr_line' id='line_1_31' title="bbox 149 3496 1339 3561; baseline -0.001 -11"><span class='ocrx_word' id='word_1_280' title='bbox 149 3499 298 3551; x_wconf 78' lang='lat' dir='ltr'>Buchetuben</span> <span class='ocrx_word' id='word_1_281' title='bbox 323 3519 341 3550; x_wconf 88' lang='grc' dir='ltr'><strong><em>α</em></strong></span> <span class='ocrx_word' id='word_1_282' title='bbox 365 3500 413 3548; x_wconf 86' lang='lat' dir='ltr'>und</span> <span class='ocrx_word' id='word_1_283' title='bbox 440 3519 447 3547; x_wconf 97' lang='grc' dir='ltr'><strong><em>ι</em></strong></span> <span class='ocrx_word' id='word_1_284' title='bbox 471 3506 542 3548; x_wconf 78' lang='lat' dir='ltr'>cirins</span> <span class='ocrx_word' id='word_1_285' title='bbox 569 3500 723 3547; x_wconf 79' lang='lat' dir='ltr'>enseinnnder</span> <span class='ocrx_word' id='word_1_286' title='bbox 750 3513 806 3561; x_wconf 80' lang='lat' dir='ltr'>zog;</span> <span class='ocrx_word' id='word_1_287' title='bbox 834 3497 881 3545; x_wconf 87' lang='lat' dir='ltr'>und</span> <span class='ocrx_word' id='word_1_288' title='bbox 907 3498 932 3550; x_wconf 82' lang='grc'>2)</span> <span class='ocrx_word' id='word_1_289' title='bbox 949 3496 1022 3545; x_wconf 83' lang='lat' dir='ltr'>bietet</span> <span class='ocrx_word' id='word_1_290' title='bbox 1039 3498 1076 3546; x_wconf 88' lang='lat' dir='ltr'>dic</span> <span class='ocrx_word' id='word_1_291' title='bbox 1095 3498 1256 3551; x_wconf 81' lang='lat' dir='ltr'>Hendschrift</span> <span class='ocrx_word' id='word_1_292' title='bbox 1272 3499 1339 3551; x_wconf 80' lang='grc' dir='ltr'><strong><em>κὺνοιι</em></strong></span> 
     </span>
    </p>
   </div>
   <div class='ocr_carea' id='block_1_7' title="bbox 148 3588 1339 4444">
    <p class='ocr_par' dir='ltr' id='par_1_7' title="bbox 148 3588 1339 4444">
     <span class='ocr_line' id='line_1_32' title="bbox 149 3588 1339 3654; baseline -0.003 -14"><span class='ocrx_word' id='word_1_293' title='bbox 149 3592 188 3641; x_wconf 82' lang='lat' dir='ltr'>irir</span> <span class='ocrx_word' id='word_1_294' title='bbox 212 3597 296 3651; x_wconf 70' lang='grc' dir='ltr'><strong><em>μὲνιιυ.</em></strong></span> <span class='ocrx_word' id='word_1_295' title='bbox 335 3590 460 3639; x_wconf 86' lang='lat' dir='ltr'>Viclleicht</span> <span class='ocrx_word' id='word_1_296' title='bbox 484 3606 532 3638; x_wconf 78' lang='lat' dir='ltr'>uer</span> <span class='ocrx_word' id='word_1_297' title='bbox 556 3591 676 3654; x_wconf 68' lang='lat' dir='ltr'>folgenden</span> <span class='ocrx_word' id='word_1_298' title='bbox 700 3589 738 3636; x_wconf 90' lang='lat' dir='ltr'>die</span> <span class='ocrx_word' id='word_1_299' title='bbox 757 3588 938 3653; x_wconf 76' lang='lat' dir='ltr'>urspringliche</span> <span class='ocrx_word' id='word_1_300' title='bbox 956 3589 1050 3636; x_wconf 86' lang='lat' dir='ltr'>Lesnrt:</span> <span class='ocrx_word' id='word_1_301' title='bbox 1070 3589 1126 3650; x_wconf 77' lang='grc' dir='ltr'><strong><em>πρὸς</em></strong></span> <span class='ocrx_word' id='word_1_302' title='bbox 1146 3589 1187 3646; x_wconf 68' lang='lat' dir='ltr'>cde</span> <span class='ocrx_word' id='word_1_303' title='bbox 1208 3594 1292 3652; x_wconf 60' lang='lat' dir='ltr'>imm</span> <span class='ocrx_word' id='word_1_304' title='bbox 1306 3591 1339 3643; x_wconf 67' lang='grc' dir='ltr'>ὑπ.</span> 
     </span>
     <span class='ocr_line' id='line_1_33' title="bbox 149 3674 1339 3744; baseline -0.002 -14"><span class='ocrx_word' id='word_1_305' title='bbox 149 3679 310 3744; x_wconf 66' lang='lat' dir='ltr'>exmpleum</span> <span class='ocrx_word' id='word_1_306' title='bbox 329 3681 375 3739; x_wconf 74' lang='grc' dir='ltr'>τὴν</span> <span class='ocrx_word' id='word_1_307' title='bbox 393 3677 503 3728; x_wconf 74' lang='grc' dir='ltr'><strong><em>ὑπόνοιαν</em></strong></span> <span class='ocrx_word' id='word_1_308' title='bbox 522 3681 568 3727; x_wconf 66' lang='lat' dir='ltr'>red</span> <span class='ocrx_word' id='word_1_309' title='bbox 586 3675 660 3727; x_wconf 75' lang='grc' dir='ltr'><strong><em>δοκεῖν</em></strong></span> <span class='ocrx_word' id='word_1_310' title='bbox 680 3674 738 3727; x_wconf 73' lang='grc' dir='ltr'><strong><em>εἶναι</em></strong></span> <span class='ocrx_word' id='word_1_311' title='bbox 758 3677 827 3726; x_wconf 75' lang='grc' dir='ltr'><strong><em>θεὸν</em></strong></span> <span class='ocrx_word' id='word_1_312' title='bbox 848 3677 880 3732; x_wconf 77' lang='grc' dir='ltr'>οἷς</span> <span class='ocrx_word' id='word_1_313' title='bbox 900 3679 1026 3734; x_wconf 81' lang='grc' dir='ltr'><strong><em>παποινοὺς</em></strong></span> <span class='ocrx_word' id='word_1_314' title='bbox 1044 3681 1132 3738; x_wconf 77' lang='grc' dir='ltr'><strong><em>λόγους</em></strong></span> <span class='ocrx_word' id='word_1_315' title='bbox 1150 3684 1339 3743; x_wconf 62' lang='grc' dir='ltr'><strong><em>καταβαίνων.</em></strong></span> 
     </span>
     <span class='ocr_line' id='line_1_34' title="bbox 149 3761 1339 3832; baseline 0.004 -13"><span class='ocrx_word' id='word_1_316' title='bbox 149 3769 185 3819; x_wconf 80' lang='grc' dir='ltr'>διὸ</span> <span class='ocrx_word' id='word_1_317' title='bbox 210 3771 249 3819; x_wconf 79' lang='grc' dir='ltr'>καὶ</span> <span class='ocrx_word' id='word_1_318' title='bbox 276 3767 411 3831; x_wconf 81' lang='grc' dir='ltr'><strong><em>μηκὺνοι</em></strong></span> <span class='ocrx_word' id='word_1_319' title='bbox 437 3771 473 3818; x_wconf 76' lang='lat' dir='ltr'>rit</span> <span class='ocrx_word' id='word_1_320' title='bbox 502 3768 556 3832; x_wconf 76' lang='grc' dir='ltr'>πιρὺ</span> <span class='ocrx_word' id='word_1_321' title='bbox 575 3775 620 3827; x_wconf 71' lang='grc' dir='ltr'>τῆς</span> <span class='ocrx_word' id='word_1_322' title='bbox 640 3761 777 3831; x_wconf 77' lang='grc' dir='ltr'><strong><em>γαππρὺς.”</em></strong></span> <span class='ocrx_word' id='word_1_323' title='bbox 797 3775 828 3832; x_wconf 90' lang='lat' dir='ltr'>(p.</span> <span class='ocrx_word' id='word_1_324' title='bbox 848 3769 915 3827; x_wconf 74' lang='grc'>451.)</span> <span class='ocrx_word' id='word_1_325' title='bbox 935 3769 1000 3817; x_wconf 83' lang='lat' dir='ltr'>Haec</span> <span class='ocrx_word' id='word_1_326' title='bbox 1018 3769 1066 3818; x_wconf 85' lang='lat' dir='ltr'>ille.</span> <span class='ocrx_word' id='word_1_327' title='bbox 1087 3772 1123 3818; x_wconf 84' lang='lat' dir='ltr'>Ne</span> <span class='ocrx_word' id='word_1_328' title='bbox 1141 3773 1195 3831; x_wconf 79' lang='lat' dir='ltr'>quir</span> <span class='ocrx_word' id='word_1_329' title='bbox 1212 3780 1294 3823; x_wconf 79' lang='lat' dir='ltr'>autem</span> <span class='ocrx_word' id='word_1_330' title='bbox 1310 3789 1339 3825; x_wconf 48' lang='grc' dir='ltr'>ιον</span> 
     </span>
     <span class='ocr_line' id='line_1_35' title="bbox 149 3844 1339 3924; baseline 0.004 -15"><span class='ocrx_word' id='word_1_331' title='bbox 149 3863 240 3911; x_wconf 82' lang='lat' dir='ltr'>loecum</span> <span class='ocrx_word' id='word_1_332' title='bbox 264 3844 328 3919; x_wconf 72' lang='lat' dir='ltr'>arti,</span> <span class='ocrx_word' id='word_1_333' title='bbox 350 3862 463 3924; x_wconf 83' lang='lat' dir='ltr'>quoniam</span> <span class='ocrx_word' id='word_1_334' title='bbox 486 3877 500 3909; x_wconf 83' lang='lat' dir='ltr'>u</span> <span class='ocrx_word' id='word_1_335' title='bbox 523 3862 601 3909; x_wconf 87' lang='lat' dir='ltr'>codice</span> <span class='ocrx_word' id='word_1_336' title='bbox 625 3862 736 3916; x_wconf 77' lang='lat' dir='ltr'>offertur,</span> <span class='ocrx_word' id='word_1_337' title='bbox 757 3859 842 3907; x_wconf 85' lang='lat' dir='ltr'>tollere</span> <span class='ocrx_word' id='word_1_338' title='bbox 861 3858 1012 3917; x_wconf 79' lang='lat' dir='ltr'>reformidet,</span> <span class='ocrx_word' id='word_1_339' title='bbox 1031 3861 1161 3911; x_wconf 81' lang='lat' dir='ltr'>adscribam</span> <span class='ocrx_word' id='word_1_340' title='bbox 1179 3864 1264 3914; x_wconf 84' lang='lat' dir='ltr'>itidem</span> <span class='ocrx_word' id='word_1_341' title='bbox 1281 3863 1339 3914; x_wconf 79' lang='lat' dir='ltr'>ex&#39;l</span> 
     </span>
     <span class='ocr_line' id='line_1_36' title="bbox 150 3941 1339 4010; baseline 0.003 -17"><span class='ocrx_word' id='word_1_342' title='bbox 150 3945 215 3993; x_wconf 85' lang='lat' dir='ltr'>eliud</span> <span class='ocrx_word' id='word_1_343' title='bbox 237 3944 377 4009; x_wconf 85' lang='lat' dir='ltr'>exemplum·</span> <span class='ocrx_word' id='word_1_344' title='bbox 389 3944 515 3992; x_wconf 78' lang='lat' dir='ltr'>coeusetivi</span> <span class='ocrx_word' id='word_1_345' title='bbox 530 3945 659 3992; x_wconf 86' lang='lat' dir='ltr'>cacitnnter</span> <span class='ocrx_word' id='word_1_346' title='bbox 676 3959 720 4007; x_wconf 89' lang='lat' dir='ltr'>pro</span> <span class='ocrx_word' id='word_1_347' title='bbox 739 3941 886 3989; x_wconf 80' lang='lat' dir='ltr'>nominativo</span> <span class='ocrx_word' id='word_1_348' title='bbox 904 3942 989 4005; x_wconf 80' lang='lat' dir='ltr'>positi,</span> <span class='ocrx_word' id='word_1_349' title='bbox 1008 3945 1069 4006; x_wconf 92' lang='lat' dir='ltr'>qnod</span> <span class='ocrx_word' id='word_1_350' title='bbox 1090 3945 1126 3992; x_wconf 87' lang='lat' dir='ltr'>vel</span> <span class='ocrx_word' id='word_1_351' title='bbox 1144 3946 1285 4010; x_wconf 77' lang='lat' dir='ltr'>flagitiosius</span> <span class='ocrx_word' id='word_1_352' title='bbox 1301 3950 1339 3996; x_wconf 69' lang='lat' dir='ltr'>ui</span> 
     </span>
     <span class='ocr_line' id='line_1_37' title="bbox 150 4024 1339 4095; baseline 0.004 -20"><span class='ocrx_word' id='word_1_353' title='bbox 150 4028 265 4076; x_wconf 75' lang='lat' dir='ltr'>Adsertor</span> <span class='ocrx_word' id='word_1_354' title='bbox 281 4027 306 4075; x_wconf 90' lang='lat' dir='ltr'>in</span> <span class='ocrx_word' id='word_1_355' title='bbox 324 4031 384 4091; x_wconf 84' lang='lat' dir='ltr'>App.</span> <span class='ocrx_word' id='word_1_356' title='bbox 403 4043 425 4090; x_wconf 88' lang='lat' dir='ltr'>p.</span> <span class='ocrx_word' id='word_1_357' title='bbox 445 4025 493 4078; x_wconf 79' lang='grc'>’157</span> <span class='ocrx_word' id='word_1_358' title='bbox 512 4025 605 4090; x_wconf 74' lang='lat' dir='ltr'>longior</span> <span class='ocrx_word' id='word_1_359' title='bbox 622 4032 678 4073; x_wconf 83' lang='lat' dir='ltr'>note</span> <span class='ocrx_word' id='word_1_360' title='bbox 696 4040 724 4072; x_wconf 82' lang='lat' dir='ltr'>ex</span> <span class='ocrx_word' id='word_1_361' title='bbox 742 4024 761 4071; x_wconf 88' lang='grc' dir='ltr'><strong>Τ</strong></span> <span class='ocrx_word' id='word_1_362' title='bbox 778 4025 807 4071; x_wconf 89' lang='lat' dir='ltr'>nd</span> <span class='ocrx_word' id='word_1_363' title='bbox 825 4040 847 4087; x_wconf 89' lang='lat' dir='ltr'>p.</span> <span class='ocrx_word' id='word_1_364' title='bbox 869 4025 928 4080; x_wconf 78' lang='lat'>185,</span> <span class='ocrx_word' id='word_1_365' title='bbox 948 4026 978 4071; x_wconf 83' lang='lat'>21</span> <span class='ocrx_word' id='word_1_366' title='bbox 1001 4025 1026 4088; x_wconf 78' lang='grc' dir='ltr'>ιδ</span> <span class='ocrx_word' id='word_1_367' title='bbox 1048 4026 1112 4085; x_wconf 76' lang='lat'>122),</span> <span class='ocrx_word' id='word_1_368' title='bbox 1131 4027 1155 4075; x_wconf 95' lang='lat' dir='ltr'>in</span> <span class='ocrx_word' id='word_1_369' title='bbox 1180 4044 1228 4091; x_wconf 85' lang='lat' dir='ltr'>qna</span> <span class='ocrx_word' id='word_1_370' title='bbox 1251 4034 1339 4095; x_wconf 73' lang='lat' dir='ltr'>praeter</span> 
     </span>
     <span class='ocr_line' id='line_1_38' title="bbox 150 4108 1339 4183; baseline 0.001 -18"><span class='ocrx_word' id='word_1_371' title='bbox 150 4120 242 4166; x_wconf 82' lang='lat' dir='ltr'>caetera</span> <span class='ocrx_word' id='word_1_372' title='bbox 259 4125 283 4164; x_wconf 85' lang='lat' dir='ltr'>et</span> <span class='ocrx_word' id='word_1_373' title='bbox 300 4117 356 4165; x_wconf 83' lang='lat' dir='ltr'>hoco</span> <span class='ocrx_word' id='word_1_374' title='bbox 375 4116 499 4180; x_wconf 67' lang='lat' dir='ltr'>leguntur‘</span> <span class='ocrx_word' id='word_1_375' title='bbox 518 4113 587 4175; x_wconf 70' lang='grc' dir='ltr'><strong><em>λέγει</em></strong></span> <span class='ocrx_word' id='word_1_376' title='bbox 599 4108 632 4162; x_wconf 71' lang='lat' dir='ltr'>dl</span> <span class='ocrx_word' id='word_1_377' title='bbox 652 4113 693 4162; x_wconf 76' lang='grc' dir='ltr'>καὶ</span> <span class='ocrx_word' id='word_1_378' title='bbox 713 4117 807 4175; x_wconf 75' lang='grc' dir='ltr'><strong><em>χρυσῆν</em></strong></span> <span class='ocrx_word' id='word_1_379' title='bbox 825 4113 869 4168; x_wconf 77' lang='grc' dir='ltr'>την</span> <span class='ocrx_word' id='word_1_380' title='bbox 885 4111 1023 4171; x_wconf 70' lang='grc' dir='ltr'><strong><em>ἠλακάτην·</em></strong></span> <span class='ocrx_word' id='word_1_381' title='bbox 1047 4115 1138 4177; x_wconf 75' lang='grc' dir='ltr'><strong><em>»χωρὶς</em></strong></span> <span class='ocrx_word' id='word_1_382' title='bbox 1152 4113 1176 4163; x_wconf 73' lang='grc' dir='ltr'>δ’</span> <span class='ocrx_word' id='word_1_383' title='bbox 1191 4114 1243 4167; x_wconf 51' lang='lat' dir='ltr'>att*</span> <span class='ocrx_word' id='word_1_384' title='bbox 1261 4118 1339 4183; x_wconf 65' lang='grc' dir='ltr'><strong><em>Ἑλένη</em></strong></span> 
     </span>
     <span class='ocr_line' id='line_1_39' title="bbox 150 4202 1339 4268; baseline 0.003 -13"><span class='ocrx_word' id='word_1_385' title='bbox 150 4204 277 4268; x_wconf 63' lang='grc' dir='ltr'><strong><em>ἄλοχον</em></strong></span> <span class='ocrx_word' id='word_1_386' title='bbox 295 4207 352 4267; x_wconf 78' lang='grc' dir='ltr'><strong><em>πόρε</em></strong></span> <span class='ocrx_word' id='word_1_387' title='bbox 371 4205 482 4265; x_wconf 75' lang='grc' dir='ltr'><strong><em>κάλλιμα</em></strong></span> <span class='ocrx_word' id='word_1_388' title='bbox 500 4202 576 4268; x_wconf 71' lang='grc' dir='ltr'><strong><em>δῶρα,</em></strong></span> <span class='ocrx_word' id='word_1_389' title='bbox 596 4208 691 4268; x_wconf 74' lang='grc' dir='ltr'><strong><em>χρυσῆν</em></strong></span> <span class='ocrx_word' id='word_1_390' title='bbox 709 4221 726 4251; x_wconf 86' lang='grc' dir='ltr'><strong><em>π</em></strong></span> <span class='ocrx_word' id='word_1_391' title='bbox 755 4202 882 4260; x_wconf 66' lang='grc' dir='ltr'><strong><em>ἠλακάτην</em></strong></span> <span class='ocrx_word' id='word_1_392' title='bbox 898 4204 1004 4264; x_wconf 69' lang='grc' dir='ltr'><strong><em>πάλαόν</em></strong></span> <span class='ocrx_word' id='word_1_393' title='bbox 1022 4205 1039 4256; x_wconf 79' lang='lat' dir='ltr'>a·</span> <span class='ocrx_word' id='word_1_394' title='bbox 1059 4203 1193 4255; x_wconf 75' lang='grc' dir='ltr'><strong><em>ὑπόκυκλον</em></strong></span> <span class='ocrx_word' id='word_1_395' title='bbox 1208 4203 1339 4259; x_wconf 57' lang='lat' dir='ltr'>haam-&#39;¹</span> 
     </span>
     <span class='ocr_line' id='line_1_40' title="bbox 151 4290 1339 4362; baseline 0.004 -15"><span class='ocrx_word' id='word_1_396' title='bbox 151 4298 200 4347; x_wconf 86' lang='lat' dir='ltr'>Hic</span> <span class='ocrx_word' id='word_1_397' title='bbox 217 4298 265 4346; x_wconf 84' lang='lat' dir='ltr'>iem</span> <span class='ocrx_word' id='word_1_398' title='bbox 283 4297 402 4346; x_wconf 82' lang='lat' dir='ltr'>Homerus</span> <span class='ocrx_word' id='word_1_399' title='bbox 419 4298 469 4362; x_wconf 85' lang='lat' dir='ltr'>ipse</span> <span class='ocrx_word' id='word_1_400' title='bbox 487 4297 525 4356; x_wconf 81' lang='grc' dir='ltr'>(δ,</span> <span class='ocrx_word' id='word_1_401' title='bbox 546 4298 606 4354; x_wconf 86' lang='grc'>130,</span> <span class='ocrx_word' id='word_1_402' title='bbox 627 4297 684 4356; x_wconf 82' lang='grc'>131)</span> <span class='ocrx_word' id='word_1_403' title='bbox 702 4293 810 4342; x_wconf 84' lang='lat' dir='ltr'>lectionis</span> <span class='ocrx_word' id='word_1_404' title='bbox 828 4290 956 4355; x_wconf 62' lang='grc' dir='ltr'><strong><em>ἄλοχος</em></strong></span> <span class='ocrx_word' id='word_1_405' title='bbox 974 4312 1021 4345; x_wconf 91' lang='lat' dir='ltr'>non</span> <span class='ocrx_word' id='word_1_406' title='bbox 1039 4301 1182 4349; x_wconf 81' lang='lat' dir='ltr'>recusandus</span> <span class='ocrx_word' id='word_1_407' title='bbox 1198 4302 1339 4352; x_wconf 65' lang='lat' dir='ltr'>auctotarit</span> 
     </span>
     <span class='ocr_line' id='line_1_41' title="bbox 148 4377 1124 4444; baseline -0.002 -12"><span class='ocrx_word' id='word_1_408' title='bbox 148 4380 204 4432; x_wconf 75' lang='lat' dir='ltr'>Alie</span> <span class='ocrx_word' id='word_1_409' title='bbox 221 4379 326 4429; x_wconf 74' lang='lat' dir='ltr'>eiusdem</span> <span class='ocrx_word' id='word_1_410' title='bbox 342 4378 485 4429; x_wconf 73' lang='lat' dir='ltr'>confusionis</span> <span class='ocrx_word' id='word_1_411' title='bbox 501 4380 608 4444; x_wconf 77' lang='lat' dir='ltr'>exempla</span> <span class='ocrx_word' id='word_1_412' title='bbox 625 4394 679 4428; x_wconf 86' lang='lat' dir='ltr'>cnm</span> <span class='ocrx_word' id='word_1_413' title='bbox 696 4377 836 4440; x_wconf 85' lang='lat' dir='ltr'>conquirere</span> <span class='ocrx_word' id='word_1_414' title='bbox 859 4377 928 4426; x_wconf 81' lang='lat' dir='ltr'>facile</span> <span class='ocrx_word' id='word_1_415' title='bbox 944 4379 988 4437; x_wconf 82' lang='lat' dir='ltr'>ait,</span> <span class='ocrx_word' id='word_1_416' title='bbox 1007 4381 1124 4431; x_wconf 81' lang='lat' dir='ltr'>omittam</span> 
     </span>
    </p>
   </div>
   <div class='ocr_carea' id='block_1_8' title="bbox 0 0 1500 4950">
    <p class='ocr_par' dir='ltr' id='par_1_8' title="bbox 0 0 1500 4950">
     <span class='ocr_line' id='line_1_42' title="bbox 0 0 1500 4950; baseline 0 0"><span class='ocrx_word' id='word_1_417' title='bbox 0 0 1500 4950; x_wconf 95' lang='lat' dir='ltr'> </span> 
     </span>
    </p>
   </div>
  </div>
 </body>
</html>
