2978 4950
677 264 718 334 19

95 461 188 540 μένον
231 462 275 533 εἰς
309 457 386 527 οἷιιον
421 461 661 538 ἀνακομισθῆναι
697 461 748 527 idn
783 458 938 525 Ὀδυσσέα
975 456 1078 546 αἴτιος.
1106 455 1235 537 γέγονεν
1274 457 1287 521 ὅ

93 567 223 648 Ἥλιος,
265 569 336 642 τοὺς
380 566 647 649 περιλειπομένους
681 569 877 641 ἀποκτείνας.
936 564 997 632 Sed
1032 567 1130 631 etiem
1166 586 1205 630 ex
1238 565 1289 630 his

97 676 207 742 verbis
230 674 415 741 foedissima
436 674 565 741 macula
584 681 632 741 est
653 675 807 759 eluenda,
824 694 904 761 quse
920 679 1024 738 totum
1046 672 1291 760 argumentandi

100 788 245 849 tenorem
271 785 318 847 itu
340 784 511 868 pervertit,
535 788 573 847 ut
596 785 731 869 scriptor
752 781 845 868 plane
868 780 1003 866 ineptire
1025 778 1182 846 videatur.
1207 777 1291 857 Quid

97 885 210 955 enimi
240 886 355 955 Ideone
386 890 492 975 potnit
524 887 635 954 Ulixes
666 888 829 956 servandis
859 889 916 972 iis,
947 887 1003 971 qui
1033 887 1067 951 in
1089 884 1189 971 ipsius
1210 904 1292 950 nave

97 999 205 1072 erant,
251 997 394 1066 maxims
422 1014 551 1080 operam
574 994 664 1070 dare,
689 1000 824 1082 quoniam
846 992 902 1060 Sol
925 1013 1019 1058 cansa
1041 992 1105 1056 fuit
1126 1011 1184 1057 our
1206 990 1292 1056 solus

96 1103 134 1167 in
158 1102 296 1186 patriam
319 1099 552 1167 reverteretur?
575 1101 633 1166 Est
656 1102 734 1168 haec
756 1099 892 1166 mirifica
914 1120 988 1166 sane
1012 1096 1182 1165 conclusio.
1224 1097 1294 1177 Qua

97 1204 313 1272 liberabimur
341 1210 597 1293 interpunctione
619 1207 735 1273 melius
759 1208 933 1272 constituta
954 1211 986 1271 et
1009 1204 1132 1270 duabus
1156 1203 1293 1270 literulis

98 1314 254 1398 repetitis.
287 1311 496 1379 scribendum
519 1320 584 1380 est:
610 1349 630 1363 -
644 1350 664 1363 -
688 1323 744 1389 τῆς
777 1313 925 1394 serapias
958 1312 1126 1393 φροντίζειν
1157 1311 1293 1377 έδθνατο.

100 1415 252 1484 ἔπειτα
284 1423 353 1483 τοῦ
383 1419 472 1497 μένον
502 1421 545 1493 εἷς
575 1415 651 1486 οἷκον
675 1421 918 1499 ἀνακομισθῆναι
941 1419 993 1483 τὸν
1018 1417 1173 1483 Ὀδυσσέα
1197 1418 1293 1490 αθτιοο

100 1523 233 1604 γέγονεν
264 1525 278 1590 θ
308 1522 414 1598 Ἥλιος
443 1544 527 1604 κτλ,
554 1534 586 1594 et
609 1527 800 1611 notandum,
824 1534 885 1592 trec
906 1545 1017 1592 causas
1041 1526 1195 1592 adducere
1217 1526 1294 1592 Por-

98 1631 272 1720 phyrium,
306 1653 362 1698 cur
398 1632 560 1700 Homerus
596 1655 648 1701 eos
681 1637 752 1698 κατ’
784 1631 895 1714 ἐξοχὴν
926 1637 1154 1699 commemoret
1187 1631 1295 1698 Ulixis

96 1738 255 1824 ἑταίρους,
275 1739 330 1824 qui
349 1740 389 1805 ob
409 1740 662 1822 facinuscontra
681 1740 766 1807 Solis
784 1741 880 1806 boves
893 1741 1101 1805 commissum
1112 1741 1293 1806 miserrimc

95 1844 269 1933 naufragio
293 1848 472 1931 perierunt,
500 1846 539 1913 de
561 1848 758 1934 reliquorum
782 1849 915 1913 interitu
938 1867 1021 1911 nunc
1045 1844 1147 1911 sileat.
1194 1844 1291 1912 Porro

96 1957 132 2018 et
154 1951 216 2016 boc
238 1950 432 2029 notandum,
456 1955 629 2040 tramitum
654 1975 692 2019 ex
716 1953 779 2020 alia
803 1953 841 2019 ad
866 1953 963 2019 aliam
986 1951 1056 2017 fieri
1078 1973 1134 2038 per
1153 1954 1290 2038 partion-

95 2057 166 2124 lam
195 2055 326 2141 ἔπειτα,
358 2077 439 2143 quae
466 2058 487 2125 l.
521 2057 673 2126 soracte
697 2061 902 2145 scriptaad,
926 2063 1033 2124 nostro
1057 2079 1181 2144 quoque
1202 2058 1289 2134 loco,

94 2168 135 2229 ut
174 2161 256 2240 ieci,
290 2165 530 2231 restituendam.
577 2164 704 2232 Harum
740 2171 849 2231 autern
884 2185 1050 2231 causarum
1069 2166 1191 2251 'prima
1224 2171 1289 2249 est,

95 2268 183 2354 qnod
216 2289 270 2335 eos
299 2270 401 2335 socios
430 2273 571 2337 maxime
602 2274 757 2358 respicere
781 2271 937 2348 solemus,
962 2273 1019 2357 qni
1040 2271 1131 2337 nobis
1154 2270 1292 2356 proximi

95 2381 190 2455 sunt;
217 2373 336 2460 ultera,
361 2376 444 2460 quod
467 2377 519 2442 his
542 2398 666 2464 quoque
686 2381 778 2444 sociis
806 2380 950 2454 arnissis,
977 2377 1085 2444 Ulixis
1108 2377 1292 2444 infortuniis

95 2481 189 2568 quasi
213 2479 365 2546 cumulus
388 2486 534 2562 accessit;
562 2486 672 2561 tertia,
695 2484 778 2570 qnod
803 2504 914 2550 eorum
937 2505 1024 2549 mors
1042 2484 1133 2550 nobis
1151 2486 1292 2550 maxime

95 2586 291 2674 deploranda
314 2587 459 2667 ridetur,
486 2593 541 2675 qui
564 2592 683 2657 servari
706 2595 889 2676 potuerant,
913 2593 976 2656 nisi
994 2593 1056 2678 ipsi
1076 2589 1216 2657 stultitia
1235 2611 1293 2657 sna

94 2696 131 2760 in
153 2693 357 2759 calamitates
380 2696 556 2763 irruissent.
588 2697 734 2763 Primam
757 2712 886 2763 causam
909 2698 1111 2764 emendatam
1136 2698 1291 2764 dedimus.

96 2799 281 2866 Secundam
316 2802 474 2886 quomodo
509 2803 672 2892 intelligat
706 2803 920 2892 Porphyrius,
957 2803 1103 2891 exemplo
1137 2803 1290 2872 illustrat.

91 2907 228 2986 Ὠσπερ
256 2901 306 2972 οὖν
338 2904 384 2970 ἀν
411 2932 459 2979 τις
481 2907 601 2987 λέγοι
626 2912 701 2995 (ite,
727 2948 767 2959 —
793 2911 877 2995 quod
907 2909 1090 2977 Dindorfins
1112 2911 1296 2978 dubitanter

96 3019 229 3079 tantum
251 3015 418 3099 proposuit
440 3018 475 3080 in
500 3016 720 3100 adnotatione,
740 3054 784 3065 -
804 3019 934 3083 omnino
956 3016 1129 3105 legendum
1153 3024 1202 3083 est
1223 3040 1294 3105 pro:

93 3119 133 3185 ri
154 3142 203 3192 τις
228 3119 361 3205 λέγει)
389 3118 412 3206 ¹)
437 3124 491 3186 τοῦ
515 3123 586 3194 τοὺς
610 3129 720 3203 Τρῶας
743 3121 914 3188 ἀπολέσθαι
939 3122 1035 3189 αθτιον
1059 3124 1213 3189 Ὀδυσσέα
1241 3145 1297 3205 γε·’

94 3226 202 3291 νέσθαι
234 3227 277 3291 τά
308 3225 376 3306 περὶ
406 3226 458 3290 τὸν
489 3226 582 3294 ἵππον
614 3228 901 3311 μηχανησάμενον,
933 3230 1033 3294 καίτοι
1061 3232 1120 3295 τῶν
1144 3231 1298 3298 πλεθστοιν

95 3331 364 3415 προαπολαλθτοιν
400 3334 458 3400 ὑπὸ
495 3334 689 3418 Ἀχιλλέως,
723 3335 960 3415 Νεοπτολέμου,
992 3336 1124 3409 Αἴαντος
1156 3339 1208 3404 καὶ
1240 3347 1298 3406 τῶν
1338 3415 1342 3429 Ι

94 3445 212 3505 λοιπῶν
246 3436 393 3520 ἀριστέων
419 3477 460 3489 -
475 3453 515 3491 4
533 3480 575 3491 -
600 3440 694 3514 οὕτως
729 3444 890 3508 κάνταῦθα
915 3441 1015 3507 αἰτίου
1037 3449 1090 3509 τοῦ
1113 3442 1202 3522 μόνον
1227 3447 1298 3511 ὑπο-

94 3545 234 3627 στρέψαι
266 3546 318 3610 τὸν
344 3545 502 3611 Ὀδυσσέα
536 3549 700 3628 γεγονότος
734 3550 841 3614 Ἠλίου
873 3549 994 3621 διιιαθυς
1027 3545 1112 3616 εἶπεν
1137 3550 1299 3631 „ascopa

95 3662 196 3720 τοῖσιν
227 3653 379 3737 ἀφείλετο
408 3651 551 3732 νόστιμον
583 3649 700 3735 ἦμαρ.”
721 3654 836 3695 *W*
861 3652 1010 3720 έπειτα
1033 3657 1066 3722 οὐ
1087 3657 1210 3722 πάντοιν
1229 3674 1299 3727 ιιτλ.
1333 3704 1337 3713 -

96 3760 184 3829 'Pota
214 3764 325 3826 antem
356 3759 435 3826 haec
469 3760 569 3825 altera
597 3782 692 3828 cansa
714 3766 747 3842 (a
770 3783 835 3827 v.v.
860 3757 899 3826 cis
922 3786 951 3827 ιι.
975 3757 1121 3840 μάλιστα
1144 3762 1168 3828 l.
1194 3763 1234 3829 11
1260 3764 1300 3832 ad

97 3888 166 3936 mv.
205 3864 347 3944 νθστιμιν
376 3863 460 3946 ἦμαρ
493 3866 517 3933 l.
553 3866 611 3953 20)
641 3868 731 3934 abest
762 3888 780 3933 a
811 3868 955 3934 Parisino
984 3868 1023 3933 D.
1048 3867 1085 3934 In
1108 3869 1300 3957 Halano,

97 3990 200 4060 quem
231 3974 333 4061 igitur
363 3971 467 4038 solnm
503 3972 620 4038 ducem
653 3971 827 4059 habemus,
858 3978 931 4038 ante
961 3972 1070 4040 έπειτα
1095 3975 1233 4054 „lacuna
1252 3984 1300 4044 est

96 4085 151 4146 iot
184 4078 352 4144 literarum
384 4079 519 4166 capax”,
545 4085 623 4165 quot
648 4081 779 4147 suntin
802 4100 865 4146 uno
889 4082 1014 4146 circiter
1036 4102 1130 4148 versu
1153 4082 1301 4150 editionis

97 4242 297 4256 ἢ

136 4340 162 4401 l)
181 4337 226 4387 nse
243 4338 281 4388 bic
298 4340 401 4389 usitatus
417 4340 492 4390 etiem
511 4342 574 4406 apud
593 4341 685 4391 Atticos
702 4342 787 4391 barum
805 4339 978 4406 particularum
995 4340 1059 4389 crdo.
1078 4341 1127 4390 Cir.
1146 4341 1172 4389 1..
1191 4341 1300 4405 Diodori,

98 4421 132 4471 ιδ
150 4419 261 4487 Inopi
279 4421 413 4473 Herdonii
431 4422 454 4482 1,
471 4422 568 4486 1158.
