2978 4950
706 192 781 310 νιν

188 435 224 512 i,
251 432 325 502 279.
362 434 399 498 ln
422 436 600 501 narratione
623 435 662 500 de
681 435 825 501 mirabili
848 435 990 505 Helenae
1009 439 1101 519 dolo,
1124 460 1186 528 quo
1204 437 1311 507 Graeco

146 564 226 629 equo
256 541 364 630 ligneo
394 540 558 608 latitantes
590 542 738 630 detegere
772 550 883 610 conata
912 551 988 632 est,
1006 545 1084 614 haec
1106 551 1180 613 sunt
1200 543 1312 613 Menelai

147 651 261 718 verba:

331 756 366 819 εἰι
390 755 417 820 δ’
441 754 652 832 ὀνομακλήδην
676 762 806 821 Δαναῶν
832 757 978 840 ὀνόμαζες
1003 761 1161 844 ἀρίστους,

328 864 452 927 πάντων
477 861 624 941 ’Λργείιον
646 863 748 939 Φωνὶνν
772 862 887 929 ιὀκουο’
911 863 1083 946 ἀλόχοισιν.

147 969 201 1038 Ad
235 969 371 1036 alterurn
406 989 535 1034 versum
571 967 692 1057 legitur
726 969 758 1034 in
795 970 836 1035 ll:
874 974 1047 1050 μιμουμένη
1081 974 1138 1048 τὴν
1173 968 1311 1045 'abinalia

148 1079 263 1161 Φωννὶν.
289 1077 321 1141 οὐ
345 1076 409 1155 γάρ
433 1074 471 1140 ἀν
496 1081 602 1139 πασῶν
626 1078 779 1148 ἠπίστατο
804 1079 863 1150 τοὶς
887 1079 1002 1156 φωνάς.
1028 1080 1045 1157 ἢ
1067 1079 1138 1153 ἴσως
1167 1081 1217 1144 οὖν
1234 1074 1310 1155 ripato

148 1193 206 1252 τῶν
230 1184 360 1264 ἀρίστοιν
383 1183 442 1252 ricc
465 1181 581 1263 Φοινάι.
629 1183 700 1248 Nisi
724 1184 870 1249 uberiora
892 1193 1035 1251 extarent
1062 1185 1147 1251 unde
1169 1186 1241 1251 haec
1259 1201 1310 1248 coa·

148 1297 250 1357 tracta
269 1309 336 1354 esse
354 1293 526 1374 appareret,
547 1286 675 1352 difficile
699 1288 779 1354 foret
803 1311 841 1354 ex
865 1291 915 1356 his
937 1291 1192 1378 qualemcunque
1211 1306 1311 1356 mnsam

148 1397 277 1473 elicere,
317 1396 435 1460 nedum
475 1395 626 1479 dispicere
661 1415 811 1477 quorsum
842 1401 1030 1482 pertineant.
1078 1399 1166 1466 Adeo
1194 1397 1311 1484 inprimit

147 1503 286 1569 ioculare
309 1509 357 1566 ost
381 1500 463 1566 illud
487 1504 520 1565 in
544 1502 637 1579 initio
658 1504 798 1586 positum
820 1503 901 1588 γάρ,
923 1507 1007 1590 quod
1022 1505 1199 1572 nulliusrei
1213 1520 1310 1570 causam

147 1610 261 1675 reddit.
309 1608 401 1673 Nunc
437 1629 475 1673 ex
512 1607 632 1673 scholio
671 1608 753 1692 quod
795 1609 922 1691 BHMQ
961 1621 1168 1679 servaverunt
1207 1613 1310 1676 miserat

148 1719 308 1782 cernimus
334 1713 486 1799 reliquias
504 1728 597 1779 not-ae
618 1714 801 1799 Nicanoris,
822 1717 859 1781 de
879 1739 966 1784 more
990 1720 1028 1784 ad
1052 1720 1309 1805 interpunctionem

148 1824 334 1910 pertinentis
364 1821 419 1887 sed
449 1819 548 1884 simul
578 1822 869 1905 interpretationem
902 1845 1026 1910 quoque
1051 1827 1227 1914 tangentis,
1248 1816 1308 1907 quel

147 1933 213 1996 iam
244 1929 352 1994 docuit
383 1925 636 1992 Friedlinderus.
683 1925 791 1993 Huius
814 1949 871 2013 ope
896 1933 927 1994 in
958 1939 1105 2017 excerpto
1138 1953 1178 1997 ex
1206 1924 1309 1995 ucri·

149 2036 288 2102 bendum
309 2033 477 2100 videmus:
507 2035 540 2096 οὗ
565 2033 627 2111 γάρ
651 2032 690 2097 ἀν
714 2041 820 2098 πασῶν
840 2037 991 2110 ἠπίστατο
1016 2040 1074 2110 τάς
1099 2037 1221 2120 Φονάς,
1242 2028 1309 2098 ἀλλ’

148 2142 219 2213 ἴσως
250 2141 314 2205 crito
330 2138 430 2217 ἠγνόει
455 2145 512 2204 τῶν
536 2138 666 2218 ἀρίστοιν
690 2139 749 2210 τάς
774 2140 897 2219 Φοινάς,
923 2148 1017 2228 atque
1040 2147 1087 2209 ita
1110 2163 1217 2210 revera
1237 2137 1308 2221 scrip

147 2253 223 2316 sisse
257 2253 335 2332 puto
370 2249 631 2331 epitomatorem,
665 2247 727 2309 nisi
758 2245 850 2331 plane
881 2268 984 2314 socors
1016 2259 1049 2316 et
1072 2253 1207 2316 oscitans
1227 2243 1307 2312 luent

147 2354 209 2421 Sed
243 2374 283 2418 ne
313 2352 372 2418 hac
403 2352 531 2436 quidem
562 2353 735 2417 necessaria
768 2356 958 2419 correctione
982 2356 1143 2432 adhibita,
1169 2356 1242 2421 bene
1259 2367 1307 2415 rem

148 2481 239 2526 suam
252 2461 385 2546 gessisse
398 2458 569 2522 censendus
582 2459 642 2520 erit
655 2457 800 2522 misellus
812 2461 954 2543 scriptor,
965 2463 1019 2545 qui
1032 2461 1239 2526 infantissime
1249 2454 1308 2522 dixit

148 2569 200 2632 οὑκ
225 2568 325 2644 ἀγνόει
350 2572 407 2628 τῶν
432 2564 561 2642 ἀρίστοιν
586 2564 659 2635 τάς
681 2566 833 2644 φωνάς,
855 2576 887 2630 et
911 2567 1022 2631 eodem
1047 2568 1200 2633 vocabulo
1224 2562 1306 2630 eadem

146 2695 273 2761 prorsus
295 2673 395 2737 forma
416 2671 464 2734 bis
485 2673 567 2734 intra
588 2671 811 2735 brevissimum
830 2675 970 2756 spatiurn
984 2673 1182 2762 ineleganter
1193 2671 1305 2758 repetito

145 2791 177 2847 et
212 2783 270 2844 τῶν
301 2780 430 2856 ἀρίστων
461 2777 591 2841 obscure
625 2777 726 2860 posito
759 2797 814 2861 pro
846 2785 904 2841 τῶν
935 2789 1089 2855 γυναικῶν
1114 2789 1171 2845 τῶν
1195 2781 1304 2860 ἀρίιιιιι.

146 2887 270 2967 Quanto
294 2887 411 2949 rectius
438 2889 467 2947 et
493 2882 642 2946 disertius
667 2883 795 2946 uberius
818 2883 978 2963 scholion,
1003 2926 1045 2935 -
1066 2891 1128 2952 etsi
1149 2888 1265 2954 tortasse
1279 2897 1306 2943 nt

145 2994 203 3058 hoc
235 2991 364 3076 quidem
396 2990 562 3055 Nicanoris
592 2989 688 3053 verba
719 2991 846 3077 integra
874 2992 1020 3076 exhibet,
1048 3033 1088 3042 —
1114 2999 1202 3058 τοῦτο
1226 2985 1306 3076 (aerbo

147 3099 270 3163 πάντοιν
302 3097 464 3177 ’Λργείιον)
489 3095 638 3173 ἑκατέροις
664 3095 793 3157 δύναται
818 3096 1044 3178 morbidandos,
1070 3105 1194 3176 μᾶλλον
1216 3099 1242 3163 ti
1261 3095 1305 3158 τοῖν

145 3205 225 3289 ἀνω,
257 3200 305 3267 ἵνα
338 3204 381 3278 μὴ
415 3202 604 3281 ἀλογώτερον
634 3199 761 3278 γένηται
794 3201 828 3265 τὸ
861 3202 1035 3282 ζήτημα.
1065 3209 1097 3271 οὐ
1123 3205 1243 3272 δυνατὸν
1260 3197 1306 3278 pit

145 3320 215 3383 ταῖς
240 3307 386 3374 ἀπάντιον
410 3305 548 3384 γυναιξὶν
573 3308 781 3386 δμοφωνῆοιιι,
807 3310 918 3374 ἀλλά
943 3320 1013 3383 ταῖς
1038 3320 1097 3378 τῶν
1116 3298 1305 3394 &passionali

145 3421 197 3486 xci
223 3419 252 3482 ἐν
278 3414 334 3480 ἔθει
359 3415 544 3494 ἐτύγχανεν.
594 3413 663 3479 Iam
689 3418 904 3501 unusquisque
928 3419 1032 3497 videt,
1058 3426 1090 3485 et
1113 3422 1196 3486 unde
1218 3426 1245 3485 et
1263 3430 1306 3500 qut

145 3532 212 3591 arte
237 3526 426 3609 epitomator
450 3520 566 3585 codicis
586 3520 612 3584 it
631 3542 688 3585 sua
706 3525 889 3606 sumpserit.
925 3522 1079 3590 Attamen
1105 3530 1141 3591 in
1164 3524 1306 3614 integriore

145 3632 312 3698 Nicanoris
335 3635 410 3694 nota
433 3630 614 3711 ceteroquin
639 3629 759 3712 optime
784 3630 901 3712 scripto
933 3651 1032 3695 unum
1066 3633 1249 3699 vocabulum
1272 3629 1307 3691 etl

145 3737 229 3823 quod
264 3757 316 3799 me
351 3733 504 3809 offendat,
540 3735 713 3797 scribarum
755 3740 833 3817 puto
875 3735 977 3820 culpa.
1024 3737 1150 3806 Haereo
1191 3743 1222 3804 in
1251 3748 1307 3802 root

146 3842 289 3924 ζήτημα,
321 3860 417 3924 quam
450 3841 517 3903 sive
551 3845 694 3903 veterum
729 3860 817 3903 moro
851 3843 1066 3927 interpreteris
1101 3867 1156 3930 per
1189 3839 1307 3932 quaestio

144 3971 222 4022 nem,
264 3951 331 4011 sive
364 3947 574 4010 recentiorum
615 3965 671 4028 per
711 3946 990 4026 increpationem,
1032 3971 1132 4036 aeque
1163 3955 1259 4038 inepte
1285 3950 1307 4011 at

144 4055 325 4121 indistincte
358 4054 487 4136 ponitur
517 4070 572 4134 pro
596 4071 632 4114 ea
657 4051 784 4123 fraude,
809 4073 871 4135 qua
895 4052 1016 4118 Helena
1039 4056 1150 4123 herotis
1173 4058 1308 4123 latitabits

144 4161 183 4227 ad
207 4179 318 4225 vocem
342 4156 495 4222 edendam
520 4153 666 4239 pellicere
690 4163 801 4221 conata
825 4163 883 4222 est.
919 4159 1026 4224 Unum
1047 4165 1236 4230 vocabulum
1251 4158 1308 4226 nori

144 4270 190 4331 rei
214 4262 433 4348 exprimendae
458 4268 568 4344 aptum
594 4271 625 4325 et
648 4266 850 4338 conveniens,
881 4268 974 4349 idque
1005 4268 1136 4336 fortasse
1166 4272 1308 4336 restituen-

144 4375 221 4438 dum
243 4372 318 4434 erit:
342 4367 390 4431 ἵνα
414 4371 457 4442 μὴ
483 4367 670 4446 ἀλογώτερον
694 4368 821 4444 γένηται
849 4371 881 4431 τὸ
906 4372 1201 4459 (ςρα)τήγιρμιι.
