2978 4950
700 147 768 216 442

144 372 164 386 ·
179 374 197 387 -
221 339 361 415 θεολογεῖ
381 340 423 403 τὰ
446 339 584 421 φυσικοί,
610 332 742 426 ipseque
765 339 925 405 Homerus
951 345 996 424 (p.
1023 339 1103 419 105)
1127 341 1183 405 οὐκ
1203 337 1315 414 »librari

143 445 251 510 ποίντα
276 447 440 523 θεολογεῖν.

190 713 225 780 O.
251 715 299 781 III
324 718 367 803 (p.
396 719 447 804 5):
481 720 517 783 Ei
546 717 574 783 δ’
600 721 732 795 οῖμαθεῖς
758 742 837 790 τινες
863 717 1009 798 ἄνθρωποι
1034 719 1090 793 τὴν
1115 719 1253 803 θμκρικῖιν
1270 721 1313 783 rit·

144 825 293 904 λνγορίαν
323 827 500 902 οῖγνοοῦσιν,
527 827 586 890 οὐδ’
611 827 654 897 είς
679 829 720 888 τοὶ
746 828 853 906 μθχια
879 834 933 899 τῆς
959 827 1071 890 ἐκείνου
1096 829 1210 907 σοφίας
1232 850 1313 891 κατα

143 928 340 1015 βεβήκασιν,
360 932 436 995 ἀλλ’
458 932 670 1009 οὶβασοίνιστος
693 935 797 1004 αὐτοῖς
813 935 829 1007 ἡ
843 940 898 1005 τῆς
911 933 1058 1005 οῖλνρθείας
1072 933 1168 1013 κρίσις
1180 932 1313 1014 ἔρριπται,

144 1035 196 1100 καὶ
218 1038 252 1099 τὸ
273 1037 452 1119 φιλοσόφως
473 1040 554 1119 ῥηθὲν
574 1041 627 1103 οὐκ
650 1038 780 1122 είδίτες,
802 1037 816 1102 ὃ
838 1040 969 1114 μυθικῶς
991 1038 1225 1118 δοκεῖπλοίσαι,
1243 1062 1314 1120 προσ-

143 1142 338 1223 αρμίζοοσιν,
367 1140 445 1208 οὗτοι
469 1147 526 1220 μὲν
549 1145 724 1223 ε’ρρέτωσαν.
771 1143 942 1209 Manifesta
967 1153 1157 1230 corruptum
1178 1151 1314 1222 661111-

146 1249 341 1330 αρμθζουσιν,
375 1253 536 1315 restitutio
576 1254 683 1315 minus
720 1237 897 1315 manifesta.
947 1250 1038 1330 Quod
1071 1249 1315 1338 wyttenbachius

144 1359 327 1423 dubitanter
344 1361 542 1443 proposuisse
561 1359 688 1423 videtur
706 1357 948 1439 προαρπθζουσιν
967 1378 1041 1422 cum
1062 1380 1102 1424 61
1113 1357 1315 1423 Mehlerinota

145 1470 273 1528 tantum
294 1467 461 1551 cognitum
479 1464 613 1529 babeam
632 1465 748 1548 quibus
761 1465 794 1528 id
807 1467 1005 1551 argumentis
1017 1464 1211 1530 stabiliverit
1220 1465 1315 1528 nescio.

144 1569 212 1634 Neo
242 1574 326 1635 certe
358 1570 531 1634 admodum
563 1571 696 1647 arridet;
723 1592 797 1635 nam
822 1590 902 1655 quse
925 1570 977 1634 hic
1001 1571 1207 1654 praecipiendi
1228 1564 1315 1635 notiot

145 1674 249 1741 Immo
270 1679 387 1760 requiri
407 1678 588 1762 putaverim
613 1676 697 1761 quod
721 1674 880 1763 significet
903 1677 1075 1759 increpare,
1100 1678 1314 1752 dormierimus

144 1782 269 1866 viciari,
295 1804 370 1848 nam
394 1782 528 1848 Homeri
554 1783 777 1848 detrectatores
801 1785 906 1869 tangi,
930 1782 1115 1861 Platonem,
1144 1784 1315 1870 Epicurum,

144 1886 289 1972 Zoilum,
321 1910 360 1953 er
393 1896 461 1955 tota
493 1889 597 1975 opella
628 1888 758 1973 planum
789 1887 834 1952 fit.
882 1888 934 1953 Sic
961 1911 991 1954 v.
1020 1911 1046 1952 6.
1072 1889 1167 1954 XXX
1193 1897 1235 1976 (p.
1258 1886 1315 1975 62):

145 1997 246 2070 πολλὴ
278 1995 309 2059 δὲ
344 1998 416 2059 κατ’
449 1993 526 2081 (sicl
560 1995 581 2060 1.
616 1998 697 2080 καθ)
733 1996 868 2075 Ὀμήρου
903 1996 1061 2075 τραγῳδία
1096 1996 1314 2075 σκκνοβοιτεῖτσι

144 2101 232 2180 παρα
256 2109 319 2171 τοῖς
342 2102 525 2179 οίγνομθνυς
552 2103 644 2167 αὐτὸν
669 2102 802 2165 ἐθέλουσι
823 2109 1038 2182 συκοφαντεῖν.
1085 2101 1194 2167 Unum
1217 2105 1315 2188 reperio

144 2207 356 2286 vocabulum,
392 2211 442 2272 cui
475 2208 528 2272 hic
560 2229 669 2273 sensus
699 2211 799 2284 inest,
825 2208 909 2292 quod
932 2207 1115 2272 dubitanter
1139 2216 1242 2274 nostro
1263 2209 1315 2272 looo

143 2332 200 2396 pro
232 2312 490 2394 προσαρμθζουσιν
520 2317 735 2400 reposuerim:
763 2349 782 2363 -
807 2315 858 2377 καί
892 2314 926 2377 τὸ
958 2314 1140 2396 φιλοσόφως
1171 2316 1250 2397 ῥηθὲν
1275 2315 1315 2379 οὐκ

143 2418 277 2504 εἰδότες,
307 2412 321 2483 ὃ
345 2424 474 2497 μυθικῶς
500 2421 584 2485 δοκεῖ
605 2420 727 2485 πλοίσαι
751 2446 775 2484 π
784 2422 993 2500 ροπκλακί
1001 2421 1020 2500 ζ
1027 2444 1150 2486 ουσιν.
1197 2421 1317 2509 Vulgata

144 2548 160 2590 e
184 2525 333 2591 lacunula
357 2527 439 2592 male
463 2527 588 2612 expleta
612 2535 680 2592 orta
704 2528 841 2594 videtur.

191 2792 226 2859 Ο.
251 2793 299 2858 IV
325 2798 365 2877 (p.
393 2792 446 2874 bl:
479 2793 553 2857 Οὐδ’
581 2793 758 2871 Ἐπικούρου
782 2793 903 2870 φροντίς
929 2794 1002 2868 ἡμῖν
1027 2826 1046 2840 -
1061 2826 1081 2840 ·
1107 2789 1237 2856 ἅπασαν
1257 2793 1316 2867 ὁμοῖν

144 2903 300 2972 ποιητικὴν
333 2898 431 2977 ὥσπερ
462 2900 587 2978 ὀλέθριον
616 2901 715 2975 μύθων
740 2901 848 2977 δέλεαρ
873 2901 1106 2978 ἀφοσιούμενος.
1157 2898 1316 2963 Mehlarua:

146 3008 238 3083 ‚fort
264 3008 322 3071 del.
349 3005 480 3082 μύθων.”
528 3006 598 3070 Non
623 3006 792 3079 faciemus,
819 3007 871 3069 scd
897 3008 1096 3088 transpositis
1122 3006 1245 3069 duabus
1261 3005 1316 3068 lite

145 3117 187 3177 ris
215 3114 386 3200 legendum
419 3115 616 3177 iubebimus:
649 3110 747 3191 ὥσπερ
772 3115 898 3190 ὀλέθριον
923 3114 1050 3186 θυμῶν
1075 3112 1196 3189 δέλεαρ.
1243 3108 1317 3176 Nihil

144 3224 230 3285 enim
253 3236 494 3305 —opportune
527 3224 594 3303 ipso
628 3227 774 3284 mouente
806 3218 960 3294 bicchiero,
996 3219 1034 3282 ad
1068 3242 1099 3303 p.
1127 3220 1184 3295 37,
1214 3258 1245 3266 -
1270 3219 1316 3281 hac

145 3329 326 3392 confusione
357 3329 561 3410 frequentius.
610 3326 697 3391 Solet
728 3326 910 3391 Heraclitus
941 3328 1051 3400 θυμοὺς
1084 3329 1118 3390 111
1151 3326 1264 3411 plurali
1288 3323 1317 3387 de

145 3435 307 3500 affectibus
339 3456 463 3520 ponere.
512 3433 623 3497 Posuit
656 3456 683 3497 6.
717 3433 794 3497 XIX
828 3433 870 3518 (p.
898 3431 969 3516 39):
1003 3435 1255 3509 ἐπισκοτουμίνου
1275 3433 1316 3494 τοῦ

144 3543 229 3608 κατὰ
262 3545 316 3615 τὴν
348 3545 490 3621 κεφαλὴν
520 3546 672 3618 λογισμοῦ
698 3552 761 3611 τοῖς
787 3541 853 3619 περί
879 3541 921 3603 ποῖ
946 3541 1055 3617 στέρνα
1081 3542 1206 3624 θυμοῖς,
1229 3539 1317 3625 posuit

144 3676 170 3717 6.
197 3653 272 3716 LIX
296 3654 339 3735 (p.
364 3650 457 3729 12l):
481 3651 513 3712 αῖ
535 3655 652 3727 πρῶται
673 3657 727 3721 τῆς
749 3647 866 3718 ἱκεσίας
888 3647 987 3726 φωναί
1010 3647 1079 3717 τοὺς
1093 3647 1224 3727 ἄρσενας
1236 3648 1316 3711 αὑτοῦ

144 3758 310 3843 (Achillis)
335 3757 445 3832 θυμοὺς
471 3754 670 3836 ἐξεθνίλυναν,
695 3757 795 3818 etsie
820 3756 1011 3838 saepissime.

189 3866 358 3951 Sequitur:
392 3865 442 3927 καί
468 3867 501 3926 τὸ
527 3863 725 3939 πικρότατον,
749 3864 847 3941 ἀρχὴν
873 3860 1006 3939 ἓκοίτεροι
1031 3867 1090 3925 τῶν
1116 3866 1189 3941 παρ’
1214 3865 1315 3930 ἑαυτοῖ,Δ

144 3974 309 4051 δογμοίτιυν
341 3970 464 4052 ἔχοντες
494 3968 644 4047 Ὅμηρον,
680 3970 740 4048 αφ’
772 3965 806 4032 οὗ
838 3971 879 4032 τα
912 3977 1050 4031 πλεῖστα
1079 3977 1135 4042 τῆς
1160 3972 1314 4046 ε’πιστιίμνς

144 4081 339 4162 ὠφέληνται,
371 4079 437 4154 περί
471 4082 574 4141 τοῦτον
607 4077 784 4154 οῖχαρίστως
810 4077 883 4139 είσίν
907 4075 1047 4150 ἀσεβεῖς.
1099 4075 1315 4165 Corrigenduut

145 4191 286 4274 primum
312 4187 373 4265 ὑφ’
398 4182 446 4267 οὗ,
476 4191 545 4248 tum
572 4183 767 4248 Mshleriana
787 4185 966 4246 coniectura
985 4187 1252 4269 interpretationis
1269 4202 1316 4265 ope

144 4293 347 4380 repudianda.
405 4291 468 4355 Hic
504 4291 589 4354 enim
623 4294 685 4354 ita:
725 4290 835 4367 „Fort
869 4289 1037 4370 αχοίριστοί
1069 4293 1142 4355 είσιν
1174 4288 1315 4371 οῖσεβιῖς.”
