<?xml version="1.0" encoding="UTF-8"?>
<!DOCTYPE html PUBLIC "-//W3C//DTD XHTML 1.0 Transitional//EN"
    "http://www.w3.org/TR/xhtml1/DTD/xhtml1-transitional.dtd">
<html xmlns="http://www.w3.org/1999/xhtml" xml:lang="en" lang="en">
 <head>
  <title>
</title>
<meta http-equiv="Content-Type" content="text/html;charset=utf-8" />
  <meta name='ocr-system' content='tesseract 3.04.00' />
  <meta name='ocr-capabilities' content='ocr_page ocr_carea ocr_par ocr_line ocrx_word'/>
</head>
<body>
  <div class='ocr_page' id='page_1' title='image "./adodysseameiusq00polagoog_0528.png"; bbox 0 0 2978 4950; ppageno 0'>
   <div class='ocr_carea' id='block_1_1' title="bbox 621 202 686 278">
    <p class='ocr_par' dir='ltr' id='par_1_1' title="bbox 621 202 686 278">
     <span class='ocr_line' id='line_1_1' title="bbox 621 202 686 278; baseline -0.015 0"><span class='ocrx_word' id='word_1_1' title='bbox 621 202 686 278; x_wconf 74' lang='lat' dir='ltr'><strong>les</strong></span> 
     </span>
    </p>
   </div>
   <div class='ocr_carea' id='block_1_2' title="bbox 57 394 1248 492">
    <p class='ocr_par' dir='ltr' id='par_1_2' title="bbox 57 394 1248 492">
     <span class='ocr_line' id='line_1_2' title="bbox 57 394 1248 492; baseline -0.013 -19"><span class='ocrx_word' id='word_1_2' title='bbox 57 405 186 492; x_wconf 85' lang='lat' dir='ltr'><strong>saepius</strong></span> <span class='ocrx_word' id='word_1_3' title='bbox 220 405 398 491; x_wconf 80' lang='lat' dir='ltr'><strong>attigerunt</strong></span> <span class='ocrx_word' id='word_1_4' title='bbox 431 403 658 489; x_wconf 74' lang='lat' dir='ltr'><strong>grammatici,</strong></span> <span class='ocrx_word' id='word_1_5' title='bbox 694 421 850 486; x_wconf 82' lang='lat' dir='ltr'><strong>nusquam</strong></span> <span class='ocrx_word' id='word_1_6' title='bbox 886 397 1060 464; x_wconf 82' lang='lat' dir='ltr'><strong>dilucidius</strong></span> <span class='ocrx_word' id='word_1_7' title='bbox 1095 415 1191 480; x_wconf 91' lang='lat' dir='ltr'><strong>quam</strong></span> <span class='ocrx_word' id='word_1_8' title='bbox 1215 394 1248 458; x_wconf 92' lang='lat' dir='ltr'><strong>in</strong></span> 
     </span>
    </p>
   </div>
   <div class='ocr_carea' id='block_1_3' title="bbox 57 501 1251 1242">
    <p class='ocr_par' dir='ltr' id='par_1_3' title="bbox 57 501 1251 1242">
     <span class='ocr_line' id='line_1_3' title="bbox 57 501 1249 596; baseline -0.014 -16"><span class='ocrx_word' id='word_1_9' title='bbox 57 509 180 580; x_wconf 81' lang='lat' dir='ltr'><strong>scholio</strong></span> <span class='ocrx_word' id='word_1_10' title='bbox 213 510 254 576; x_wconf 77' lang='lat' dir='ltr'><strong>ad</strong></span> <span class='ocrx_word' id='word_1_11' title='bbox 285 509 407 596; x_wconf 71' lang='lat' dir='ltr'><strong>nquitt.</strong></span> <span class='ocrx_word' id='word_1_12' title='bbox 441 529 487 575; x_wconf 86' lang='lat' dir='ltr'><strong>ve.</strong></span> <span class='ocrx_word' id='word_1_13' title='bbox 521 506 627 575; x_wconf 71' lang='lat' dir='ltr'><strong>leit:</strong></span> <span class='ocrx_word' id='word_1_14' title='bbox 658 507 701 572; x_wconf 73' lang='lat' dir='ltr'><strong>cci</strong></span> <span class='ocrx_word' id='word_1_15' title='bbox 729 505 875 586; x_wconf 73' lang='grc' dir='ltr'><strong><em>μειράκια</em></strong></span> <span class='ocrx_word' id='word_1_16' title='bbox 899 504 991 570; x_wconf 81' lang='grc' dir='ltr'><strong><em>τοιυτ)</em></strong></span> <span class='ocrx_word' id='word_1_17' title='bbox 1016 501 1100 581; x_wconf 76' lang='grc' dir='ltr'><strong><em>λέγω</em></strong></span> <span class='ocrx_word' id='word_1_18' title='bbox 1125 507 1183 567; x_wconf 75' lang='lat' dir='ltr'><strong>raia</strong></span> <span class='ocrx_word' id='word_1_19' title='bbox 1207 501 1249 579; x_wconf 77' lang='grc' dir='ltr'><strong><em>τῶ</em></strong></span> 
     </span>
     <span class='ocr_line' id='line_1_4' title="bbox 58 608 1250 703; baseline -0.011 -18"><span class='ocrx_word' id='word_1_20' title='bbox 58 618 155 699; x_wconf 74' lang='grc' dir='ltr'><strong><em>μύρῳ.</em></strong></span> <span class='ocrx_word' id='word_1_21' title='bbox 178 616 229 683; x_wconf 80' lang='lat' dir='ltr'><strong>Ad</strong></span> <span class='ocrx_word' id='word_1_22' title='bbox 248 637 342 703; x_wconf 87' lang='lat' dir='ltr'><strong>quem</strong></span> <span class='ocrx_word' id='word_1_23' title='bbox 356 636 484 682; x_wconf 83' lang='lat' dir='ltr'><strong>versum</strong></span> <span class='ocrx_word' id='word_1_24' title='bbox 496 613 634 681; x_wconf 84' lang='lat' dir='ltr'><strong>scholia:</strong></span> <span class='ocrx_word' id='word_1_25' title='bbox 647 610 739 684; x_wconf 77' lang='grc' dir='ltr'><strong><em>οὕτως</em></strong></span> <span class='ocrx_word' id='word_1_26' title='bbox 753 611 903 686; x_wconf 77' lang='grc' dir='ltr'><strong>Ἀττικῶς</strong></span> <span class='ocrx_word' id='word_1_27' title='bbox 918 611 986 695; x_wconf 80' lang='grc'><strong>(1.-</strong></span> <span class='ocrx_word' id='word_1_28' title='bbox 1000 609 1057 695; x_wconf 78' lang='grc' dir='ltr'><strong>κοὶ)</strong></span> <span class='ocrx_word' id='word_1_29' title='bbox 1071 608 1139 675; x_wconf 71' lang='grc' dir='ltr'><strong><em>ἀντὶ</em></strong></span> <span class='ocrx_word' id='word_1_30' title='bbox 1153 613 1206 674; x_wconf 83' lang='grc' dir='ltr'><strong><em>τοῦ</em></strong></span> <span class='ocrx_word' id='word_1_31' title='bbox 1220 609 1250 672; x_wconf 81' lang='grc' dir='ltr'><strong>ἐν</strong></span> 
     </span>
     <span class='ocr_line' id='line_1_5' title="bbox 58 714 1251 808; baseline -0.01 -17"><span class='ocrx_word' id='word_1_32' title='bbox 58 724 275 808; x_wconf 75' lang='grc' dir='ltr'><strong><em>μυροπολείῳ,</em></strong></span> <span class='ocrx_word' id='word_1_33' title='bbox 299 722 362 788; x_wconf 69' lang='lat' dir='ltr'><strong>cirri</strong></span> <span class='ocrx_word' id='word_1_34' title='bbox 385 720 663 798; x_wconf 67' lang='lat' dir='ltr'><strong>reexspectem</strong></span> <span class='ocrx_word' id='word_1_35' title='bbox 687 722 755 794; x_wconf 84' lang='grc' dir='ltr'><strong><em>τοὺς</em></strong></span> <span class='ocrx_word' id='word_1_36' title='bbox 779 720 891 793; x_wconf 78' lang='grc' dir='ltr'><strong><em>τὸτονς</em></strong></span> <span class='ocrx_word' id='word_1_37' title='bbox 916 722 1093 788; x_wconf 73' lang='grc' dir='ltr'><strong><em>καλοῦντες.</em></strong></span> <span class='ocrx_word' id='word_1_38' title='bbox 1140 714 1251 782; x_wconf 79' lang='lat' dir='ltr'><strong>Fuisse</strong></span> 
     </span>
     <span class='ocr_line' id='line_1_6' title="bbox 58 823 1249 916; baseline -0.014 -16"><span class='ocrx_word' id='word_1_39' title='bbox 58 833 145 899; x_wconf 84' lang='lat' dir='ltr'><strong>inter</strong></span> <span class='ocrx_word' id='word_1_40' title='bbox 173 837 312 908; x_wconf 84' lang='lat' dir='ltr'><strong>veteres,</strong></span> <span class='ocrx_word' id='word_1_41' title='bbox 344 832 400 916; x_wconf 89' lang='lat' dir='ltr'><strong>qni</strong></span> <span class='ocrx_word' id='word_1_42' title='bbox 430 835 462 895; x_wconf 87' lang='lat' dir='ltr'><strong>et</strong></span> <span class='ocrx_word' id='word_1_43' title='bbox 492 829 544 895; x_wconf 90' lang='lat' dir='ltr'><strong>hic</strong></span> <span class='ocrx_word' id='word_1_44' title='bbox 573 835 605 893; x_wconf 94' lang='lat' dir='ltr'><strong>et</strong></span> <span class='ocrx_word' id='word_1_45' title='bbox 628 852 641 892; x_wconf 89' lang='grc' dir='ltr'><strong><em>ο</em></strong></span> <span class='ocrx_word' id='word_1_46' title='bbox 666 825 732 896; x_wconf 85' lang='grc'><strong>479</strong></span> <span class='ocrx_word' id='word_1_47' title='bbox 756 825 866 892; x_wconf 76' lang='grc' dir='ltr'><strong><em>ἄντλον</em></strong></span> <span class='ocrx_word' id='word_1_48' title='bbox 891 828 1173 910; x_wconf 76' lang='lat' dir='ltr'><strong>interpretarentur</strong></span> <span class='ocrx_word' id='word_1_49' title='bbox 1194 823 1249 894; x_wconf 79' lang='grc' dir='ltr'><strong><em>την</em></strong></span> 
     </span>
     <span class='ocr_line' id='line_1_7' title="bbox 60 926 1248 1021; baseline -0.013 -15"><span class='ocrx_word' id='word_1_50' title='bbox 60 938 224 1006; x_wconf 70' lang='grc' dir='ltr'><strong><em>θάλασσαν</em></strong></span> <span class='ocrx_word' id='word_1_51' title='bbox 253 938 319 1004; x_wconf 82' lang='lat' dir='ltr'><strong>fere</strong></span> <span class='ocrx_word' id='word_1_52' title='bbox 350 935 496 1003; x_wconf 85' lang='lat' dir='ltr'><strong>conficias</strong></span> <span class='ocrx_word' id='word_1_53' title='bbox 527 957 566 1002; x_wconf 79' lang='lat' dir='ltr'><strong>cx</strong></span> <span class='ocrx_word' id='word_1_54' title='bbox 596 935 760 1021; x_wconf 76' lang='lat' dir='ltr'><strong>Euripidis</strong></span> <span class='ocrx_word' id='word_1_55' title='bbox 792 955 853 999; x_wconf 91' lang='lat' dir='ltr'><strong>usu</strong></span> <span class='ocrx_word' id='word_1_56' title='bbox 888 932 1033 1019; x_wconf 90' lang='lat' dir='ltr'><strong>(Hecuba</strong></span> <span class='ocrx_word' id='word_1_57' title='bbox 1068 951 1114 994; x_wconf 85' lang='lat' dir='ltr'><strong>re.</strong></span> <span class='ocrx_word' id='word_1_58' title='bbox 1149 926 1248 1014; x_wconf 81' lang='lat'>1625)</span> 
     </span>
     <span class='ocr_line' id='line_1_8' title="bbox 60 1036 1250 1130; baseline -0.013 -16"><span class='ocrx_word' id='word_1_59' title='bbox 60 1052 94 1114; x_wconf 93' lang='lat' dir='ltr'><strong>et</strong></span> <span class='ocrx_word' id='word_1_60' title='bbox 115 1045 249 1113; x_wconf 86' lang='lat' dir='ltr'><strong>fortasse</strong></span> <span class='ocrx_word' id='word_1_61' title='bbox 272 1065 312 1111; x_wconf 89' lang='lat' dir='ltr'><strong>ex</strong></span> <span class='ocrx_word' id='word_1_62' title='bbox 335 1041 490 1130; x_wconf 72' lang='lat' dir='ltr'><strong>Aeschyli</strong></span> <span class='ocrx_word' id='word_1_63' title='bbox 512 1041 598 1127; x_wconf 80' lang='lat' dir='ltr'><strong>Sept.</strong></span> <span class='ocrx_word' id='word_1_64' title='bbox 624 1040 694 1109; x_wconf 86' lang='lat' dir='ltr'><strong>adr.</strong></span> <span class='ocrx_word' id='word_1_65' title='bbox 721 1040 862 1118; x_wconf 78' lang='lat' dir='ltr'><strong>Thebas,</strong></span> <span class='ocrx_word' id='word_1_66' title='bbox 886 1061 924 1107; x_wconf 85' lang='lat' dir='ltr'><strong>rs</strong></span> <span class='ocrx_word' id='word_1_67' title='bbox 948 1037 1024 1116; x_wconf 82' lang='lat'><strong>796,</strong></span> <span class='ocrx_word' id='word_1_68' title='bbox 1046 1036 1137 1123; x_wconf 70' lang='lat'><strong>(8021</strong></span> <span class='ocrx_word' id='word_1_69' title='bbox 1160 1043 1192 1101; x_wconf 88' lang='lat' dir='ltr'><strong>et</strong></span> <span class='ocrx_word' id='word_1_70' title='bbox 1211 1056 1250 1100; x_wconf 86' lang='lat' dir='ltr'><strong>ex</strong></span> 
     </span>
     <span class='ocr_line' id='line_1_9' title="bbox 60 1153 236 1242; baseline -0.006 -22"><span class='ocrx_word' id='word_1_71' title='bbox 60 1153 236 1242; x_wconf 81' lang='lat' dir='ltr'><strong>Hesycbio.</strong></span> 
     </span>
    </p>
   </div>
   <div class='ocr_carea' id='block_1_4' title="bbox 620 1363 688 1430">
    <p class='ocr_par' dir='ltr' id='par_1_4' title="bbox 620 1363 688 1430">
     <span class='ocr_line' id='line_1_10' title="bbox 620 1363 688 1430; baseline 0 -1"><span class='ocrx_word' id='word_1_72' title='bbox 620 1363 688 1430; x_wconf 86' lang='lat' dir='ltr'><strong>VII.</strong></span> 
     </span>
    </p>
   </div>
   <div class='ocr_carea' id='block_1_5' title="bbox 63 1571 1260 2291">
    <p class='ocr_par' dir='ltr' id='par_1_5' title="bbox 63 1571 1260 2291">
     <span class='ocr_line' id='line_1_11' title="bbox 110 1571 1256 1661; baseline -0.003 -19"><span class='ocrx_word' id='word_1_73' title='bbox 110 1577 198 1658; x_wconf 83' lang='lat' dir='ltr'><strong>Quae</strong></span> <span class='ocrx_word' id='word_1_74' title='bbox 227 1578 261 1640; x_wconf 92' lang='lat' dir='ltr'><strong>in</strong></span> <span class='ocrx_word' id='word_1_75' title='bbox 293 1573 460 1640; x_wconf 89' lang='lat' dir='ltr'><strong>duodecim</strong></span> <span class='ocrx_word' id='word_1_76' title='bbox 492 1577 702 1658; x_wconf 83' lang='lat' dir='ltr'><strong>posteriorum</strong></span> <span class='ocrx_word' id='word_1_77' title='bbox 722 1574 889 1639; x_wconf 42' lang='lat' dir='ltr'><strong>xlibrorum</strong></span> <span class='ocrx_word' id='word_1_78' title='bbox 921 1573 1048 1641; x_wconf 77' lang='lat' dir='ltr'><strong>scholiis</strong></span> <span class='ocrx_word' id='word_1_79' title='bbox 1071 1571 1256 1661; x_wconf 82' lang='lat' dir='ltr'><strong>corrigenda</strong></span> 
     </span>
     <span class='ocr_line' id='line_1_12' title="bbox 63 1680 1258 1770; baseline -0.005 -20"><span class='ocrx_word' id='word_1_80' title='bbox 63 1688 252 1770; x_wconf 87' lang='lat' dir='ltr'><strong>supersunt,</strong></span> <span class='ocrx_word' id='word_1_81' title='bbox 289 1682 439 1748; x_wconf 85' lang='lat' dir='ltr'><strong>brevibus</strong></span> <span class='ocrx_word' id='word_1_82' title='bbox 473 1680 541 1746; x_wconf 89' lang='lat' dir='ltr'><strong>illis</strong></span> <span class='ocrx_word' id='word_1_83' title='bbox 576 1688 670 1766; x_wconf 88' lang='lat' dir='ltr'><strong>atque</strong></span> <span class='ocrx_word' id='word_1_84' title='bbox 705 1680 832 1745; x_wconf 85' lang='lat' dir='ltr'><strong>exiliter</strong></span> <span class='ocrx_word' id='word_1_85' title='bbox 866 1680 1011 1766; x_wconf 85' lang='lat' dir='ltr'><strong>scriptis,</strong></span> <span class='ocrx_word' id='word_1_86' title='bbox 1047 1687 1171 1765; x_wconf 83' lang='lat' dir='ltr'><strong>praeter</strong></span> <span class='ocrx_word' id='word_1_87' title='bbox 1200 1680 1258 1745; x_wconf 87' lang='lat' dir='ltr'><strong>illa</strong></span> 
     </span>
     <span class='ocr_line' id='line_1_13' title="bbox 64 1786 1258 1877; baseline -0.003 -20"><span class='ocrx_word' id='word_1_88' title='bbox 64 1811 148 1877; x_wconf 86' lang='lat' dir='ltr'><strong>quae</strong></span> <span class='ocrx_word' id='word_1_89' title='bbox 181 1792 247 1874; x_wconf 87' lang='lat' dir='ltr'><strong>iam</strong></span> <span class='ocrx_word' id='word_1_90' title='bbox 279 1791 313 1853; x_wconf 87' lang='lat' dir='ltr'><strong>in</strong></span> <span class='ocrx_word' id='word_1_91' title='bbox 348 1787 606 1854; x_wconf 76' lang='lat' dir='ltr'><strong>antecedentibus</strong></span> <span class='ocrx_word' id='word_1_92' title='bbox 645 1786 856 1853; x_wconf 81' lang='lat' dir='ltr'><strong>multifariam</strong></span> <span class='ocrx_word' id='word_1_93' title='bbox 892 1808 999 1873; x_wconf 84' lang='lat' dir='ltr'><strong>sparsa</strong></span> <span class='ocrx_word' id='word_1_94' title='bbox 1033 1791 1258 1860; x_wconf 80' lang='lat' dir='ltr'><strong>tractavimus.</strong></span> 
     </span>
     <span class='ocr_line' id='line_1_14' title="bbox 65 1893 1258 1980; baseline -0.007 -15"><span class='ocrx_word' id='word_1_95' title='bbox 65 1918 103 1965; x_wconf 83' lang='lat' dir='ltr'><strong>es</strong></span> <span class='ocrx_word' id='word_1_96' title='bbox 138 1919 223 1962; x_wconf 87' lang='lat' dir='ltr'><strong>nunc</strong></span> <span class='ocrx_word' id='word_1_97' title='bbox 256 1897 290 1961; x_wconf 89' lang='lat' dir='ltr'><strong>in</strong></span> <span class='ocrx_word' id='word_1_98' title='bbox 325 1893 478 1959; x_wconf 88' lang='lat' dir='ltr'><strong>ultimum</strong></span> <span class='ocrx_word' id='word_1_99' title='bbox 513 1900 609 1979; x_wconf 89' lang='lat' dir='ltr'><strong>caput</strong></span> <span class='ocrx_word' id='word_1_100' title='bbox 641 1893 761 1980; x_wconf 81' lang='lat' dir='ltr'><strong>epilogi</strong></span> <span class='ocrx_word' id='word_1_101' title='bbox 794 1896 895 1958; x_wconf 86' lang='lat' dir='ltr'><strong>instar</strong></span> <span class='ocrx_word' id='word_1_102' title='bbox 926 1894 1143 1959; x_wconf 89' lang='lat' dir='ltr'><strong>coniiciemne.</strong></span> <span class='ocrx_word' id='word_1_103' title='bbox 1190 1893 1258 1957; x_wconf 91' lang='lat' dir='ltr'><strong>Pri·</strong></span> 
     </span>
     <span class='ocr_line' id='line_1_15' title="bbox 65 2000 1256 2089; baseline -0.006 -18"><span class='ocrx_word' id='word_1_104' title='bbox 65 2025 159 2071; x_wconf 89' lang='lat' dir='ltr'><strong>mum</strong></span> <span class='ocrx_word' id='word_1_105' title='bbox 190 2001 321 2089; x_wconf 88' lang='lat' dir='ltr'><strong>prodeat</strong></span> <span class='ocrx_word' id='word_1_106' title='bbox 353 2007 402 2066; x_wconf 85' lang='lat' dir='ltr'><strong>sat</strong></span> <span class='ocrx_word' id='word_1_107' title='bbox 432 2000 577 2085; x_wconf 86' lang='lat' dir='ltr'><strong>amplum</strong></span> <span class='ocrx_word' id='word_1_108' title='bbox 609 2000 782 2088; x_wconf 81' lang='lat' dir='ltr'><strong>Porphyrii</strong></span> <span class='ocrx_word' id='word_1_109' title='bbox 812 2000 952 2066; x_wconf 85' lang='lat' dir='ltr'><strong>scholion</strong></span> <span class='ocrx_word' id='word_1_110' title='bbox 982 2000 1016 2065; x_wconf 90' lang='lat' dir='ltr'><strong>in</strong></span> <span class='ocrx_word' id='word_1_111' title='bbox 1040 2000 1256 2085; x_wconf 83' lang='lat' dir='ltr'><strong>Appendicem</strong></span> 
     </span>
     <span class='ocr_line' id='line_1_16' title="bbox 65 2105 1260 2195; baseline -0.006 -18"><span class='ocrx_word' id='word_1_112' title='bbox 65 2109 173 2177; x_wconf 89' lang='lat' dir='ltr'><strong>nescio</strong></span> <span class='ocrx_word' id='word_1_113' title='bbox 206 2129 269 2195; x_wconf 91' lang='lat' dir='ltr'><strong>qua</strong></span> <span class='ocrx_word' id='word_1_114' title='bbox 295 2107 335 2174; x_wconf 91' lang='lat' dir='ltr'><strong>de</strong></span> <span class='ocrx_word' id='word_1_115' title='bbox 365 2128 460 2173; x_wconf 89' lang='lat' dir='ltr'><strong>causa</strong></span> <span class='ocrx_word' id='word_1_116' title='bbox 482 2106 618 2173; x_wconf 89' lang='lat' dir='ltr'><strong>relatum</strong></span> <span class='ocrx_word' id='word_1_117' title='bbox 646 2109 688 2193; x_wconf 91' lang='lat' dir='ltr'><strong>(p.</strong></span> <span class='ocrx_word' id='word_1_118' title='bbox 715 2105 791 2190; x_wconf 79' lang='lat'><strong>789,</strong></span> <span class='ocrx_word' id='word_1_119' title='bbox 816 2106 905 2191; x_wconf 82' lang='lat'>790),</span> <span class='ocrx_word' id='word_1_120' title='bbox 931 2107 1012 2191; x_wconf 91' lang='lat' dir='ltr'><strong>quod</strong></span> <span class='ocrx_word' id='word_1_121' title='bbox 1037 2106 1131 2191; x_wconf 87' lang='lat' dir='ltr'><strong>paulo</strong></span> <span class='ocrx_word' id='word_1_122' title='bbox 1154 2127 1260 2172; x_wconf 89' lang='lat' dir='ltr'><strong>emen·</strong></span> 
     </span>
     <span class='ocr_line' id='line_1_17' title="bbox 67 2213 1028 2291; baseline -0.003 -9"><span class='ocrx_word' id='word_1_123' title='bbox 67 2217 176 2283; x_wconf 85' lang='lat' dir='ltr'><strong>datius</strong></span> <span class='ocrx_word' id='word_1_124' title='bbox 200 2215 349 2281; x_wconf 86' lang='lat' dir='ltr'><strong>exhibere</strong></span> <span class='ocrx_word' id='word_1_125' title='bbox 373 2215 516 2291; x_wconf 89' lang='lat' dir='ltr'><strong>conabor,</strong></span> <span class='ocrx_word' id='word_1_126' title='bbox 542 2221 664 2279; x_wconf 90' lang='lat' dir='ltr'><strong>caetera</strong></span> <span class='ocrx_word' id='word_1_127' title='bbox 687 2217 751 2278; x_wconf 82' lang='lat' dir='ltr'><strong>inm</strong></span> <span class='ocrx_word' id='word_1_128' title='bbox 776 2213 903 2278; x_wconf 91' lang='lat' dir='ltr'><strong>minuta</strong></span> <span class='ocrx_word' id='word_1_129' title='bbox 926 2218 1028 2279; x_wconf 89' lang='lat' dir='ltr'><strong>erunt.</strong></span> 
     </span>
    </p>
   </div>
   <div class='ocr_carea' id='block_1_6' title="bbox 62 2428 1267 4432">
    <p class='ocr_par' dir='ltr' id='par_1_6' title="bbox 62 2428 1267 4432">
     <span class='ocr_line' id='line_1_18' title="bbox 112 2428 1258 2516; baseline -0.001 -20"><span class='ocrx_word' id='word_1_130' title='bbox 112 2430 262 2516; x_wconf 88' lang='lat' dir='ltr'><strong>Namque</strong></span> <span class='ocrx_word' id='word_1_131' title='bbox 296 2429 334 2495; x_wconf 92' lang='lat' dir='ltr'><strong>ad</strong></span> <span class='ocrx_word' id='word_1_132' title='bbox 371 2455 385 2495; x_wconf 91' lang='grc' dir='ltr'><strong><em>ν</em></strong></span> <span class='ocrx_word' id='word_1_133' title='bbox 412 2430 430 2494; x_wconf 93' lang='lat' dir='ltr'><strong>l</strong></span> <span class='ocrx_word' id='word_1_134' title='bbox 468 2431 523 2506; x_wconf 82' lang='lat' dir='ltr'><strong>„in</strong></span> <span class='ocrx_word' id='word_1_135' title='bbox 552 2428 659 2495; x_wconf 87' lang='lat' dir='ltr'><strong>codice</strong></span> <span class='ocrx_word' id='word_1_136' title='bbox 688 2429 806 2496; x_wconf 86' lang='lat' dir='ltr'><strong>Veneto</strong></span> <span class='ocrx_word' id='word_1_137' title='bbox 839 2429 870 2494; x_wconf 83' lang='lat' dir='ltr'>N</span> <span class='ocrx_word' id='word_1_138' title='bbox 903 2430 979 2495; x_wconf 89' lang='lat' dir='ltr'><strong>haec</strong></span> <span class='ocrx_word' id='word_1_139' title='bbox 1003 2429 1162 2515; x_wconf 73' lang='lat' dir='ltr'><strong>adscripta</strong></span> <span class='ocrx_word' id='word_1_140' title='bbox 1183 2436 1258 2495; x_wconf 88' lang='lat' dir='ltr'><strong>sunt</strong></span> 
     </span>
     <span class='ocr_line' id='line_1_19' title="bbox 65 2534 1260 2624; baseline -0.002 -20"><span class='ocrx_word' id='word_1_141' title='bbox 65 2537 269 2624; x_wconf 86' lang='lat' dir='ltr'><strong>(Porphyrii,</strong></span> <span class='ocrx_word' id='word_1_142' title='bbox 303 2543 339 2601; x_wconf 93' lang='lat' dir='ltr'><strong>ut</strong></span> <span class='ocrx_word' id='word_1_143' title='bbox 370 2534 522 2620; x_wconf 80' lang='lat' dir='ltr'><strong>videtur).</strong></span> <span class='ocrx_word' id='word_1_144' title='bbox 552 2557 631 2621; x_wconf 87' lang='lat' dir='ltr'><strong>qnae</strong></span> <span class='ocrx_word' id='word_1_145' title='bbox 655 2535 840 2622; x_wconf 85' lang='lat' dir='ltr'><strong>rhapsodias</strong></span> <span class='ocrx_word' id='word_1_146' title='bbox 863 2546 892 2601; x_wconf 87' lang='lat'><strong>11</strong></span> <span class='ocrx_word' id='word_1_147' title='bbox 916 2538 1022 2620; x_wconf 90' lang='lat' dir='ltr'><strong>potius</strong></span> <span class='ocrx_word' id='word_1_148' title='bbox 1047 2536 1183 2602; x_wconf 87' lang='lat' dir='ltr'><strong>adscribi</strong></span> <span class='ocrx_word' id='word_1_149' title='bbox 1208 2536 1260 2602; x_wconf 92' lang='lat' dir='ltr'><strong>de·</strong></span> 
     </span>
     <span class='ocr_line' id='line_1_20' title="bbox 63 2641 1263 2731; baseline -0.002 -20"><span class='ocrx_word' id='word_1_150' title='bbox 63 2643 219 2711; x_wconf 86' lang='lat' dir='ltr'><strong>bebant.”</strong></span> <span class='ocrx_word' id='word_1_151' title='bbox 253 2641 376 2731; x_wconf 88' lang='lat' dir='ltr'><strong>(Dind.)</strong></span> <span class='ocrx_word' id='word_1_152' title='bbox 406 2641 570 2707; x_wconf 79' lang='lat' dir='ltr'><strong>Exhibebo</strong></span> <span class='ocrx_word' id='word_1_153' title='bbox 594 2648 739 2718; x_wconf 88' lang='lat' dir='ltr'><strong>tantum,</strong></span> <span class='ocrx_word' id='word_1_154' title='bbox 765 2663 845 2726; x_wconf 85' lang='lat' dir='ltr'><strong>quae</strong></span> <span class='ocrx_word' id='word_1_155' title='bbox 869 2641 1025 2728; x_wconf 88' lang='lat' dir='ltr'><strong>probabili</strong></span> <span class='ocrx_word' id='word_1_156' title='bbox 1048 2641 1174 2708; x_wconf 87' lang='lat' dir='ltr'><strong>medela</strong></span> <span class='ocrx_word' id='word_1_157' title='bbox 1196 2664 1263 2709; x_wconf 89' lang='lat' dir='ltr'><strong>cor-</strong></span> 
     </span>
     <span class='ocr_line' id='line_1_21' title="bbox 62 2737 1261 2839; baseline -0.001 -23"><span class='ocrx_word' id='word_1_158' title='bbox 62 2753 173 2839; x_wconf 72' lang='lat' dir='ltr'><strong>rigere</strong></span> <span class='ocrx_word' id='word_1_159' title='bbox 200 2769 290 2834; x_wconf 90' lang='lat' dir='ltr'><strong>posse</strong></span> <span class='ocrx_word' id='word_1_160' title='bbox 320 2749 405 2814; x_wconf 90' lang='lat' dir='ltr'><strong>mihi</strong></span> <span class='ocrx_word' id='word_1_161' title='bbox 435 2748 554 2814; x_wconf 85' lang='lat' dir='ltr'><strong>videor.</strong></span> <span class='ocrx_word' id='word_1_162' title='bbox 589 2749 652 2814; x_wconf 65' lang='lat' dir='ltr'><strong>nie</strong></span> <span class='ocrx_word' id='word_1_163' title='bbox 683 2750 715 2814; x_wconf 81' lang='lat' dir='ltr'><strong>rt</strong></span> <span class='ocrx_word' id='word_1_164' title='bbox 748 2787 788 2798; x_wconf 92' lang='lat'>-</span> <span class='ocrx_word' id='word_1_165' title='bbox 815 2749 930 2835; x_wconf 89' lang='lat' dir='ltr'><strong>incipit</strong></span> <span class='ocrx_word' id='word_1_166' title='bbox 956 2785 997 2798; x_wconf 88' lang='lat'>-</span> <span class='ocrx_word' id='word_1_167' title='bbox 1023 2749 1191 2821; x_wconf 74' lang='grc' dir='ltr'><strong><em>Ὀδυσσεὺς</em></strong></span> <span class='ocrx_word' id='word_1_168' title='bbox 1222 2737 1261 2832; x_wconf 70' lang='grc' dir='ltr'><strong><em>τῇ</em></strong></span> 
     </span>
     <span class='ocr_line' id='line_1_22' title="bbox 64 2854 1261 2938; baseline 0 -15"><span class='ocrx_word' id='word_1_169' title='bbox 64 2858 127 2938; x_wconf 69' lang='grc' dir='ltr'><strong>μέν</strong></span> <span class='ocrx_word' id='word_1_170' title='bbox 151 2855 312 2938; x_wconf 75' lang='grc' dir='ltr'><strong><em>Πηνελόπη</em></strong></span> <span class='ocrx_word' id='word_1_171' title='bbox 336 2854 458 2931; x_wconf 78' lang='grc' dir='ltr'><strong><em>ηλικέοιν</em></strong></span> <span class='ocrx_word' id='word_1_172' title='bbox 484 2879 518 2918; x_wconf 84' lang='grc' dir='ltr'><strong><em>τε</em></strong></span> <span class='ocrx_word' id='word_1_173' title='bbox 543 2855 596 2930; x_wconf 74' lang='grc' dir='ltr'><strong>ἤδη</strong></span> <span class='ocrx_word' id='word_1_174' title='bbox 621 2857 735 2936; x_wconf 83' lang='grc' dir='ltr'><strong><em>ἕχούση</em></strong></span> <span class='ocrx_word' id='word_1_175' title='bbox 760 2855 812 2920; x_wconf 74' lang='grc' dir='ltr'><strong>καὶ</strong></span> <span class='ocrx_word' id='word_1_176' title='bbox 837 2856 972 2936; x_wconf 83' lang='grc' dir='ltr'><strong><em>φιλούση</em></strong></span> <span class='ocrx_word' id='word_1_177' title='bbox 997 2857 1089 2921; x_wconf 75' lang='grc' dir='ltr'><strong><em>αὑτὸν</em></strong></span> <span class='ocrx_word' id='word_1_178' title='bbox 1112 2859 1166 2922; x_wconf 78' lang='grc' dir='ltr'><strong>οὐκ</strong></span> <span class='ocrx_word' id='word_1_179' title='bbox 1196 2857 1261 2933; x_wconf 67' lang='lat' dir='ltr'><strong>iti·</strong></span> 
     </span>
     <span class='ocr_line' id='line_1_23' title="bbox 63 2953 1262 3042; baseline -0.001 -12"><span class='ocrx_word' id='word_1_180' title='bbox 63 2980 167 3030; x_wconf 86' lang='grc' dir='ltr'><strong><em>λωσεν</em></strong></span> <span class='ocrx_word' id='word_1_181' title='bbox 191 2953 222 3035; x_wconf 71' lang='grc' dir='ltr'><strong>ὃς</strong></span> <span class='ocrx_word' id='word_1_182' title='bbox 247 2956 299 3038; x_wconf 77' lang='grc' dir='ltr'><strong>ἦν,</strong></span> <span class='ocrx_word' id='word_1_183' title='bbox 326 2963 369 3039; x_wconf 76' lang='grc' dir='ltr'><strong><em>τῷ</em></strong></span> <span class='ocrx_word' id='word_1_184' title='bbox 393 2961 424 3026; x_wconf 75' lang='grc' dir='ltr'><strong>δὲ</strong></span> <span class='ocrx_word' id='word_1_185' title='bbox 448 2961 634 3042; x_wconf 72' lang='grc' dir='ltr'><strong><em>Τηλεμάχῳ</em></strong></span> <span class='ocrx_word' id='word_1_186' title='bbox 657 2960 793 3040; x_wconf 78' lang='grc' dir='ltr'><strong><em>νέῳὸντι</em></strong></span> <span class='ocrx_word' id='word_1_187' title='bbox 815 2962 1124 3038; x_wconf 63' lang='lat' dir='ltr'><strong>aelemosinam</strong></span> <span class='ocrx_word' id='word_1_188' title='bbox 1147 2961 1262 3029; x_wconf 80' lang='lat' dir='ltr'><strong>Variae</strong></span> 
     </span>
     <span class='ocr_line' id='line_1_24' title="bbox 64 3067 1263 3160; baseline -0.001 -23"><span class='ocrx_word' id='word_1_189' title='bbox 64 3093 108 3138; x_wconf 86' lang='lat' dir='ltr'><strong>ex</strong></span> <span class='ocrx_word' id='word_1_190' title='bbox 137 3067 308 3160; x_wconf 68' lang='lat' dir='ltr'><strong>Aristotele</strong></span> <span class='ocrx_word' id='word_1_191' title='bbox 339 3067 507 3134; x_wconf 89' lang='lat' dir='ltr'><strong>solutionis</strong></span> <span class='ocrx_word' id='word_1_192' title='bbox 538 3083 650 3132; x_wconf 86' lang='lat' dir='ltr'><strong>causae</strong></span> <span class='ocrx_word' id='word_1_193' title='bbox 675 3067 869 3132; x_wconf 89' lang='lat' dir='ltr'><strong>adferuntur.</strong></span> <span class='ocrx_word' id='word_1_194' title='bbox 902 3072 996 3133; x_wconf 84' lang='grc' dir='ltr'><strong><em>Ἔστι</em></strong></span> <span class='ocrx_word' id='word_1_195' title='bbox 1022 3068 1142 3151; x_wconf 67' lang='lat' dir='ltr'><strong>escae,</strong></span> <span class='ocrx_word' id='word_1_196' title='bbox 1168 3074 1263 3153; x_wconf 74' lang='lat' dir='ltr'><strong>&lt;paule</strong></span> 
     </span>
     <span class='ocr_line' id='line_1_25' title="bbox 65 3170 1261 3258; baseline -0.003 -14"><span class='ocrx_word' id='word_1_197' title='bbox 65 3174 305 3258; x_wconf 77' lang='grc' dir='ltr'><strong><em>Ἀριστοτέλης,</em></strong></span> <span class='ocrx_word' id='word_1_198' title='bbox 330 3170 376 3238; x_wconf 74' lang='grc' dir='ltr'><strong><em>ὅτι</em></strong></span> <span class='ocrx_word' id='word_1_199' title='bbox 401 3183 463 3246; x_wconf 85' lang='grc' dir='ltr'><strong><em>τοῖς</em></strong></span> <span class='ocrx_word' id='word_1_200' title='bbox 487 3173 544 3252; x_wconf 77' lang='grc' dir='ltr'><strong>μὲν</strong></span> <span class='ocrx_word' id='word_1_201' title='bbox 568 3171 625 3238; x_wconf 76' lang='grc' dir='ltr'><strong><em>ἔδει</em></strong></span> <span class='ocrx_word' id='word_1_202' title='bbox 649 3177 687 3244; x_wconf 75' lang='grc' dir='ltr'><strong>ὥς</strong></span> <span class='ocrx_word' id='word_1_203' title='bbox 713 3173 751 3238; x_wconf 74' lang='grc' dir='ltr'><strong>ἂν</strong></span> <span class='ocrx_word' id='word_1_204' title='bbox 775 3175 922 3255; x_wconf 76' lang='grc' dir='ltr'><strong><em>μετέχειν</em></strong></span> <span class='ocrx_word' id='word_1_205' title='bbox 950 3175 1099 3253; x_wconf 82' lang='grc' dir='ltr'><strong><em>μέλλουσι</em></strong></span> <span class='ocrx_word' id='word_1_206' title='bbox 1121 3181 1175 3242; x_wconf 80' lang='grc' dir='ltr'><strong><em>τοῖν</em></strong></span> <span class='ocrx_word' id='word_1_207' title='bbox 1200 3202 1261 3243; x_wconf 82' lang='grc' dir='ltr'><strong><em>κιν-</em></strong></span> 
     </span>
     <span class='ocr_line' id='line_1_26' title="bbox 67 3280 1264 3365; baseline -0.001 -16"><span class='ocrx_word' id='word_1_208' title='bbox 67 3283 159 3350; x_wconf 73' lang='grc' dir='ltr'><strong><em>δύνου</em></strong></span> <span class='ocrx_word' id='word_1_209' title='bbox 179 3283 287 3347; x_wconf 73' lang='grc' dir='ltr'><strong><em>εἰπεῖν.</em></strong></span> <span class='ocrx_word' id='word_1_210' title='bbox 313 3317 355 3330; x_wconf 92' lang='grc'><strong>--</strong></span> <span class='ocrx_word' id='word_1_211' title='bbox 369 3281 418 3346; x_wconf 75' lang='grc' dir='ltr'><strong>δνσὶ</strong></span> <span class='ocrx_word' id='word_1_212' title='bbox 445 3285 547 3344; x_wconf 78' lang='grc' dir='ltr'><strong><em>τοῦτον</em></strong></span> <span class='ocrx_word' id='word_1_213' title='bbox 572 3281 603 3345; x_wconf 74' lang='lat' dir='ltr'><strong>ti</strong></span> <span class='ocrx_word' id='word_1_214' title='bbox 628 3280 679 3345; x_wconf 78' lang='grc' dir='ltr'><strong><em>κοιὶ</em></strong></span> <span class='ocrx_word' id='word_1_215' title='bbox 706 3290 744 3362; x_wconf 71' lang='grc' dir='ltr'><strong><em>τῇ</em></strong></span> <span class='ocrx_word' id='word_1_216' title='bbox 766 3282 940 3365; x_wconf 74' lang='grc' dir='ltr'><strong><em>Εὐρυκλείηι</em></strong></span> <span class='ocrx_word' id='word_1_217' title='bbox 959 3283 1149 3349; x_wconf 79' lang='grc' dir='ltr'><strong><em>ἐκκοιλὺττει</em></strong></span> <span class='ocrx_word' id='word_1_218' title='bbox 1170 3284 1264 3349; x_wconf 76' lang='grc' dir='ltr'><strong><em>οὗτοι</em></strong></span> 
     </span>
     <span class='ocr_line' id='line_1_27' title="bbox 66 3386 1263 3474; baseline 0.001 -20"><span class='ocrx_word' id='word_1_219' title='bbox 66 3390 215 3473; x_wconf 75' lang='grc' dir='ltr'><strong><em>χρησίμῳ</em></strong></span> <span class='ocrx_word' id='word_1_220' title='bbox 240 3388 365 3469; x_wconf 76' lang='grc' dir='ltr'><strong><em>ἐσομένη</em></strong></span> <span class='ocrx_word' id='word_1_221' title='bbox 389 3387 460 3466; x_wconf 79' lang='grc' dir='ltr'><strong>πρὸς</strong></span> <span class='ocrx_word' id='word_1_222' title='bbox 486 3389 539 3461; x_wconf 79' lang='grc' dir='ltr'><strong><em>την</em></strong></span> <span class='ocrx_word' id='word_1_223' title='bbox 565 3389 653 3466; x_wconf 74' lang='grc' dir='ltr'><strong><em>θυρῶν</em></strong></span> <span class='ocrx_word' id='word_1_224' title='bbox 677 3386 868 3468; x_wconf 78' lang='grc' dir='ltr'><strong><em>οΞσΦοὶλειοιν.</em></strong></span> <span class='ocrx_word' id='word_1_225' title='bbox 899 3387 1048 3474; x_wconf 85' lang='lat' dir='ltr'><strong>Oportet:</strong></span> <span class='ocrx_word' id='word_1_226' title='bbox 1074 3389 1263 3457; x_wconf 81' lang='grc' dir='ltr'><strong><em>έκκοιλύττει</em></strong></span> 
     </span>
     <span class='ocr_line' id='line_1_28' title="bbox 67 3494 1265 3580; baseline -0.002 -16"><span class='ocrx_word' id='word_1_227' title='bbox 67 3496 207 3564; x_wconf 74' lang='grc' dir='ltr'><strong><em>αὑτὸν.</em></strong></span> <span class='ocrx_word' id='word_1_228' title='bbox 231 3494 338 3560; x_wconf 80' lang='lat' dir='ltr'><strong>Simul</strong></span> <span class='ocrx_word' id='word_1_229' title='bbox 357 3499 389 3560; x_wconf 90' lang='lat' dir='ltr'><strong>et</strong></span> <span class='ocrx_word' id='word_1_230' title='bbox 408 3494 697 3579; x_wconf 88' lang='lat' dir='ltr'><strong>interpunctionem</strong></span> <span class='ocrx_word' id='word_1_231' title='bbox 717 3500 876 3559; x_wconf 85' lang='lat' dir='ltr'><strong>mutatam</strong></span> <span class='ocrx_word' id='word_1_232' title='bbox 896 3501 1030 3580; x_wconf 83' lang='lat' dir='ltr'><strong>oportet,</strong></span> <span class='ocrx_word' id='word_1_233' title='bbox 1043 3497 1265 3563; x_wconf 88' lang='lat' dir='ltr'><strong>concinnitatis</strong></span> 
     </span>
     <span class='ocr_line' id='line_1_29' title="bbox 68 3601 1264 3688; baseline -0.002 -17"><span class='ocrx_word' id='word_1_234' title='bbox 68 3623 169 3671; x_wconf 84' lang='lat' dir='ltr'><strong>cansa</strong></span> <span class='ocrx_word' id='word_1_235' title='bbox 197 3601 365 3688; x_wconf 88' lang='lat' dir='ltr'><strong>participio</strong></span> <span class='ocrx_word' id='word_1_236' title='bbox 388 3603 422 3665; x_wconf 92' lang='lat' dir='ltr'><strong>in</strong></span> <span class='ocrx_word' id='word_1_237' title='bbox 445 3601 656 3666; x_wconf 85' lang='lat' dir='ltr'><strong>indicativum</strong></span> <span class='ocrx_word' id='word_1_238' title='bbox 680 3606 835 3678; x_wconf 86' lang='lat' dir='ltr'><strong>correcto,</strong></span> <span class='ocrx_word' id='word_1_239' title='bbox 862 3603 895 3665; x_wconf 90' lang='lat' dir='ltr'><strong>in</strong></span> <span class='ocrx_word' id='word_1_240' title='bbox 918 3602 1003 3667; x_wconf 88' lang='lat' dir='ltr'><strong>hunc</strong></span> <span class='ocrx_word' id='word_1_241' title='bbox 1024 3603 1173 3668; x_wconf 91' lang='lat' dir='ltr'><strong>modum:</strong></span> <span class='ocrx_word' id='word_1_242' title='bbox 1199 3601 1264 3669; x_wconf 80' lang='grc' dir='ltr'><strong><em>ἔστι</em></strong></span> 
     </span>
     <span class='ocr_line' id='line_1_30' title="bbox 69 3703 1266 3792; baseline -0.001 -17"><span class='ocrx_word' id='word_1_243' title='bbox 69 3708 174 3792; x_wconf 73' lang='grc' dir='ltr'><strong><em>Φάννιι</em></strong></span> <span class='ocrx_word' id='word_1_244' title='bbox 188 3744 229 3756; x_wconf 87' lang='grc'><strong>-</strong></span> <span class='ocrx_word' id='word_1_245' title='bbox 243 3703 291 3773; x_wconf 75' lang='grc' dir='ltr'><strong><em>ὅτι</em></strong></span> <span class='ocrx_word' id='word_1_246' title='bbox 311 3716 373 3778; x_wconf 82' lang='grc' dir='ltr'><strong><em>τοῖς</em></strong></span> <span class='ocrx_word' id='word_1_247' title='bbox 390 3708 446 3784; x_wconf 76' lang='grc' dir='ltr'><strong>μέν</strong></span> <span class='ocrx_word' id='word_1_248' title='bbox 467 3705 525 3770; x_wconf 82' lang='grc' dir='ltr'><strong><em>ἔδει</em></strong></span> <span class='ocrx_word' id='word_1_249' title='bbox 553 3744 587 3754; x_wconf 83' lang='lat'>-</span> <span class='ocrx_word' id='word_1_250' title='bbox 603 3707 719 3772; x_wconf 75' lang='grc' dir='ltr'><strong><em>εἰπεῖν·</em></strong></span> <span class='ocrx_word' id='word_1_251' title='bbox 740 3707 890 3772; x_wconf 70' lang='lat' dir='ltr'><strong>stivam</strong></span> <span class='ocrx_word' id='word_1_252' title='bbox 912 3709 975 3788; x_wconf 72' lang='lat' dir='ltr'><strong>peip</strong></span> <span class='ocrx_word' id='word_1_253' title='bbox 998 3705 1032 3782; x_wconf 72' lang='grc' dir='ltr'><strong>ἦν</strong></span> <span class='ocrx_word' id='word_1_254' title='bbox 1055 3707 1128 3774; x_wconf 75' lang='grc' dir='ltr'><strong><em>ἄνευ</em></strong></span> <span class='ocrx_word' id='word_1_255' title='bbox 1152 3709 1266 3775; x_wconf 81' lang='grc' dir='ltr'><strong><em>τούτων</em></strong></span> 
     </span>
     <span class='ocr_line' id='line_1_31' title="bbox 70 3812 1265 3899; baseline -0.003 -17"><span class='ocrx_word' id='word_1_256' title='bbox 70 3815 228 3882; x_wconf 70' lang='grc' dir='ltr'><strong><em>ἐπιθέσθαι</em></strong></span> <span class='ocrx_word' id='word_1_257' title='bbox 257 3823 320 3886; x_wconf 79' lang='grc' dir='ltr'><strong><em>τοῖς</em></strong></span> <span class='ocrx_word' id='word_1_258' title='bbox 353 3821 538 3890; x_wconf 69' lang='grc' dir='ltr'><strong><em>μνηστῆρσι·</em></strong></span> <span class='ocrx_word' id='word_1_259' title='bbox 573 3812 639 3897; x_wconf 68' lang='grc' dir='ltr'><strong>(διὰ</strong></span> <span class='ocrx_word' id='word_1_260' title='bbox 671 3819 775 3878; x_wconf 77' lang='grc' dir='ltr'><strong><em>τοῦτον</em></strong></span> <span class='ocrx_word' id='word_1_261' title='bbox 810 3814 840 3878; x_wconf 77' lang='grc' dir='ltr'><strong>δὲ</strong></span> <span class='ocrx_word' id='word_1_262' title='bbox 864 3837 895 3879; x_wconf 86' lang='grc' dir='ltr'><strong>κ.</strong></span> <span class='ocrx_word' id='word_1_263' title='bbox 921 3838 951 3879; x_wconf 91' lang='grc' dir='ltr'><strong><em>τ.</em></strong></span> <span class='ocrx_word' id='word_1_264' title='bbox 975 3816 1148 3899; x_wconf 64' lang='lat' dir='ltr'><strong>eupompi</strong></span> <span class='ocrx_word' id='word_1_265' title='bbox 1172 3816 1265 3897; x_wconf 74' lang='grc' dir='ltr'><strong><em>έκνσι-</em></strong></span> 
     </span>
     <span class='ocr_line' id='line_1_32' title="bbox 70 3919 1265 4001; baseline -0.001 -13"><span class='ocrx_word' id='word_1_266' title='bbox 70 3921 185 3988; x_wconf 64' lang='lat' dir='ltr'><strong>aiere</strong></span> <span class='ocrx_word' id='word_1_267' title='bbox 216 3922 308 3985; x_wconf 73' lang='lat' dir='ltr'><strong>aricio</strong></span> <span class='ocrx_word' id='word_1_268' title='bbox 332 3943 423 4001; x_wconf 82' lang='grc' dir='ltr'><strong><em>χρησ.</em></strong></span> <span class='ocrx_word' id='word_1_269' title='bbox 449 3921 534 3995; x_wconf 79' lang='grc' dir='ltr'><strong><em>ἐσομ.</em></strong></span> <span class='ocrx_word' id='word_1_270' title='bbox 561 3919 633 3999; x_wconf 75' lang='grc' dir='ltr'><strong>πρὸς</strong></span> <span class='ocrx_word' id='word_1_271' title='bbox 658 3943 688 3984; x_wconf 88' lang='grc' dir='ltr'><strong><em>τ.</em></strong></span> <span class='ocrx_word' id='word_1_272' title='bbox 713 3922 800 3999; x_wconf 75' lang='grc' dir='ltr'><strong><em>θυρῶν</em></strong></span> <span class='ocrx_word' id='word_1_273' title='bbox 824 3921 906 4001; x_wconf 78' lang='grc' dir='ltr'><strong><em>οὶσΦ.</em></strong></span> <span class='ocrx_word' id='word_1_274' title='bbox 930 3945 959 3986; x_wconf 90' lang='grc' dir='ltr'><strong>ιι.</strong></span> <span class='ocrx_word' id='word_1_275' title='bbox 985 3945 1015 3986; x_wconf 91' lang='grc' dir='ltr'><strong><em>τ.</em></strong></span> <span class='ocrx_word' id='word_1_276' title='bbox 1040 3946 1069 3987; x_wconf 95' lang='grc' dir='ltr'><strong><em>τ.</em></strong></span> <span class='ocrx_word' id='word_1_277' title='bbox 1094 3924 1265 4001; x_wconf 72' lang='lat' dir='ltr'><strong>deportand-</strong></span> 
     </span>
     <span class='ocr_line' id='line_1_33' title="bbox 72 4023 1265 4110; baseline -0.003 -15"><span class='ocrx_word' id='word_1_278' title='bbox 72 4029 131 4095; x_wconf 75' lang='grc' dir='ltr'><strong><em>διον</em></strong></span> <span class='ocrx_word' id='word_1_279' title='bbox 165 4030 332 4108; x_wconf 55' lang='grc' dir='ltr'><strong>ἡσυχίαν)</strong></span> <span class='ocrx_word' id='word_1_280' title='bbox 366 4032 443 4092; x_wconf 74' lang='grc' dir='ltr'><strong><em>τοῖσι</em></strong></span> <span class='ocrx_word' id='word_1_281' title='bbox 476 4027 501 4091; x_wconf 71' lang='grc' dir='ltr'><strong>δ’</strong></span> <span class='ocrx_word' id='word_1_282' title='bbox 531 4029 591 4106; x_wconf 79' lang='grc' dir='ltr'><strong>οὐχ</strong></span> <span class='ocrx_word' id='word_1_283' title='bbox 622 4023 713 4110; x_wconf 71' lang='grc' dir='ltr'><strong><em>οἶμοι,</em></strong></span> <span class='ocrx_word' id='word_1_284' title='bbox 736 4027 825 4092; x_wconf 73' lang='grc' dir='ltr'><strong><em>οὶλλοὶ</em></strong></span> <span class='ocrx_word' id='word_1_285' title='bbox 850 4028 1141 4094; x_wconf 67' lang='lat' dir='ltr'><strong>sacertotem</strong></span> <span class='ocrx_word' id='word_1_286' title='bbox 1164 4029 1265 4108; x_wconf 72' lang='lat' dir='ltr'><strong>accepia</strong></span> 
     </span>
     <span class='ocr_line' id='line_1_34' title="bbox 73 4129 1266 4218; baseline 0 -16"><span class='ocrx_word' id='word_1_287' title='bbox 73 4137 128 4202; x_wconf 71' lang='lat' dir='ltr'><strong>eat</strong></span> <span class='ocrx_word' id='word_1_288' title='bbox 159 4136 222 4218; x_wconf 65' lang='lat' dir='ltr'><strong>itte</strong></span> <span class='ocrx_word' id='word_1_289' title='bbox 254 4133 373 4216; x_wconf 69' lang='grc' dir='ltr'><strong><em>ἑκάστῳ</em></strong></span> <span class='ocrx_word' id='word_1_290' title='bbox 402 4134 455 4199; x_wconf 72' lang='lat' dir='ltr'><strong>ecl</strong></span> <span class='ocrx_word' id='word_1_291' title='bbox 485 4132 565 4214; x_wconf 75' lang='grc' dir='ltr'><strong><em>μόνῳ</em></strong></span> <span class='ocrx_word' id='word_1_292' title='bbox 597 4133 774 4217; x_wconf 70' lang='grc' dir='ltr'><strong><em>ἐκφαίνει,</em></strong></span> <span class='ocrx_word' id='word_1_293' title='bbox 804 4129 854 4197; x_wconf 76' lang='grc' dir='ltr'><strong><em>ἵνοο</em></strong></span> <span class='ocrx_word' id='word_1_294' title='bbox 879 4137 923 4209; x_wconf 79' lang='grc' dir='ltr'><strong>μη</strong></span> <span class='ocrx_word' id='word_1_295' title='bbox 949 4135 1128 4211; x_wconf 74' lang='grc' dir='ltr'><strong><em>έκλοιλησοις</em></strong></span> <span class='ocrx_word' id='word_1_296' title='bbox 1152 4161 1198 4208; x_wconf 93' lang='grc' dir='ltr'><strong><em>τις</em></strong></span> <span class='ocrx_word' id='word_1_297' title='bbox 1224 4138 1266 4209; x_wconf 76' lang='grc' dir='ltr'><strong>οἷς</strong></span> 
     </span>
     <span class='ocr_line' id='line_1_35' title="bbox 75 4239 1266 4323; baseline 0 -15"><span class='ocrx_word' id='word_1_298' title='bbox 75 4239 175 4322; x_wconf 70' lang='grc' dir='ltr'><strong><em>ἕτερον</em></strong></span> <span class='ocrx_word' id='word_1_299' title='bbox 198 4245 253 4317; x_wconf 79' lang='grc' dir='ltr'><strong><em>την</em></strong></span> <span class='ocrx_word' id='word_1_300' title='bbox 276 4241 379 4306; x_wconf 72' lang='grc' dir='ltr'><strong><em>αἰτίαν</em></strong></span> <span class='ocrx_word' id='word_1_301' title='bbox 404 4239 562 4320; x_wconf 74' lang='grc' dir='ltr'><strong><em>οὶνινέγκη.</em></strong></span> <span class='ocrx_word' id='word_1_302' title='bbox 608 4239 645 4304; x_wconf 93' lang='lat' dir='ltr'><strong>In</strong></span> <span class='ocrx_word' id='word_1_303' title='bbox 668 4239 1032 4323; x_wconf 60' lang='lat' dir='ltr'><strong>wenemecumbe.</strong></span> <span class='ocrx_word' id='word_1_304' title='bbox 1079 4243 1195 4309; x_wconf 86' lang='lat' dir='ltr'><strong>Paucis</strong></span> <span class='ocrx_word' id='word_1_305' title='bbox 1217 4246 1266 4308; x_wconf 91' lang='lat' dir='ltr'><strong>in·</strong></span> 
     </span>
     <span class='ocr_line' id='line_1_36' title="bbox 77 4343 1267 4432; baseline 0.001 -18"><span class='ocrx_word' id='word_1_306' title='bbox 77 4347 234 4415; x_wconf 87' lang='lat' dir='ltr'><strong>teriectis:</strong></span> <span class='ocrx_word' id='word_1_307' title='bbox 260 4346 325 4412; x_wconf 79' lang='grc' dir='ltr'><strong><em>ἓστι</em></strong></span> <span class='ocrx_word' id='word_1_308' title='bbox 349 4347 380 4413; x_wconf 76' lang='grc' dir='ltr'><strong>δὲ</strong></span> <span class='ocrx_word' id='word_1_309' title='bbox 404 4350 500 4413; x_wconf 80' lang='grc' dir='ltr'><strong><em>εἰπεῖν</em></strong></span> <span class='ocrx_word' id='word_1_310' title='bbox 525 4346 577 4411; x_wconf 75' lang='lat' dir='ltr'><strong>nal</strong></span> <span class='ocrx_word' id='word_1_311' title='bbox 598 4343 644 4411; x_wconf 74' lang='grc' dir='ltr'><strong><em>ὅτι</em></strong></span> <span class='ocrx_word' id='word_1_312' title='bbox 665 4347 827 4426; x_wconf 70' lang='grc' dir='ltr'><strong><em>ηὐλαβήθη</em></strong></span> <span class='ocrx_word' id='word_1_313' title='bbox 849 4348 893 4425; x_wconf 79' lang='grc' dir='ltr'><strong>μη</strong></span> <span class='ocrx_word' id='word_1_314' title='bbox 913 4352 1081 4432; x_wconf 77' lang='grc' dir='ltr'><strong><em>τεριχοιρης</em></strong></span> <span class='ocrx_word' id='word_1_315' title='bbox 1103 4349 1267 4415; x_wconf 71' lang='lat' dir='ltr'><strong>ciusdem</strong></span> 
     </span>
    </p>
   </div>
   <div class='ocr_carea' id='block_1_7' title="bbox 0 0 1519 4950">
    <p class='ocr_par' dir='ltr' id='par_1_7' title="bbox 0 0 1519 4950">
     <span class='ocr_line' id='line_1_37' title="bbox 0 0 1519 4950; baseline 0 0"><span class='ocrx_word' id='word_1_316' title='bbox 0 0 1519 4950; x_wconf 95' lang='lat' dir='ltr'><strong> </strong></span> 
     </span>
    </p>
   </div>
  </div>
 </body>
</html>
