2978 4950
711 164 777 239 att

196 387 231 446 ιι,
264 359 337 427 169.
370 360 562 426 Admonitus
592 363 632 428 ab
665 362 809 428 Echeneo
834 383 922 437 eene,
946 367 983 426 ut
1007 362 1137 428 Ulixem
1161 360 1308 449 supplicem

150 474 283 535 comiter
318 471 490 553 exciperet,
524 476 594 533 tum
624 470 753 534 demum
787 470 872 533 hunc
903 490 957 533 rex
989 468 1146 533 Alcinous
1166 465 1251 547 ὦρσεν
1268 471 1309 532 ἐπ’

150 576 321 657 ἐσχαρόφιν
352 575 403 638 καί
435 575 486 638 ἐπὶ
515 576 611 653 όρόνου
637 571 699 640 εἷσε
724 580 864 655 Φαεινοῡ.
891 574 976 639 Hinc
1002 577 1162 639 αίτιῶνταί
1184 599 1255 645 τινες
1273 577 1309 639 τόν

148 687 301 748 Ἀλκίνοον
323 684 361 751 ὥς
386 680 544 760 Φιλόξενον
569 680 643 744 όντα
668 684 717 745 ἐπὶ
745 684 899 755 τοσαύτης
922 680 998 758 ιόρας
1025 683 1163 761 ἐρρῖφθαι
1188 683 1236 745 tet
1253 684 1309 745 αόνει

147 792 197 855 τόν
231 791 396 853 Ὀδυσσέα.
432 788 502 867 πρὸς
531 784 579 858 οὓς
612 788 734 851 λεκτέον
766 787 810 852 ότι
840 791 893 852 oria
919 788 952 851 ἐκ
976 789 1167 866 τυραννίδος
1190 784 1309 866 είχετίρ

147 895 365 994 ἀρχήν,,ἀλλ’
389 896 445 964 είς
470 890 533 966 οὓς
559 894 574 957 ἐ
582 897 777 958 πέλασεν.
799 897 890 958 ὁπότε
912 888 961 958 οὖν
981 894 1152 971 ἐβούλευσε
1172 895 1206 957 τό
1225 893 1308 967 κοινόν,

147 1002 267 1073 εόκότιος
303 1002 397 1064 αὐτόν
411 1046 532 1062 ......
568 1001 736 1073 ἀνίστησιν.
776 999 839 1084 (Τ.)
876 1000 913 1063 In
944 1000 994 1064 his
1024 1002 1199 1078 repossidere
1228 1018 1309 1063 ruerus

148 1108 386 1195 typothetarum
414 1125 500 1170 orror
530 1126 597 1170 esee
630 1106 756 1170 videtur
787 1126 841 1190 pro
873 1107 1069 1190 τυραννίδος,
1094 1106 1151 1172 eed
1175 1106 1246 1191 quid
1264 1105 1308 1169 sub

148 1216 252 1282 verbis
271 1215 406 1298 pessime
427 1214 583 1296 corruptis
603 1213 645 1283 είς
664 1214 712 1282 οὓς
735 1214 887 1276 ἐπέλασεν
907 1214 1035 1296 lateret,
1057 1213 1114 1277 diu
1133 1212 1308 1295 multumque

146 1322 298 1406 quaesivi.
333 1316 371 1381 In
394 1318 501 1381 codice
524 1337 592 1381 esee
617 1318 801 1402 perhibetur
824 1316 995 1381 ἀπέλυσεν.
1039 1317 1181 1383 Multum
1205 1318 1306 1391 dubito,

146 1428 200 1493 eod
234 1428 261 1490 si
295 1426 341 1488 ita
376 1425 530 1508 scriptum
562 1444 670 1489 revera
710 1431 776 1506 est,
815 1444 878 1488 non
914 1424 1065 1507 dispicio,
1104 1446 1161 1489 cur
1195 1432 1307 1489 monstro

147 1534 308 1598 ἀπέλυσεν
342 1536 521 1594 monstrum
554 1529 705 1593 ἐπέλασεν
741 1530 848 1594 locum
872 1531 981 1594 cedere
1004 1530 1128 1595 iussum
1152 1534 1204 1595 sit.
1245 1528 1307 1594 Fieri

148 1644 267 1725 potest,
299 1643 336 1700 ut
366 1635 501 1700 editores
533 1637 665 1700 verbum
691 1635 833 1701 lonicum
857 1634 1003 1716 πελάζειν
1026 1640 1251 1724 cogitaverint,
1269 1635 1307 1700 cui

148 1748 200 1811 hic
223 1764 286 1809 une
308 1749 392 1807 certe
415 1744 518 1806 virtus
541 1753 608 1818 est,
634 1752 669 1806 ut
693 1745 735 1806 eit
761 1744 916 1819 „verbum
941 1743 1019 1807 bene
1043 1743 1226 1809 Graecum.”
1250 1741 1306 1807 Seu

148 1854 247 1917 tentia
277 1850 475 1932 apertissima
506 1855 571 1924 est,
600 1849 676 1913 adeo
702 1854 739 1913 ot
762 1848 800 1912 de
824 1869 861 1913 es
883 1848 973 1912 nulla
996 1853 1096 1934 possit
1120 1853 1237 1915 moveri
1255 1866 1306 1913 cou-

148 1957 309 2022 troversia.
345 1952 516 2019 Monemur
539 1953 714 2019 identidem
735 1954 867 2019 eandam
886 1976 954 2020 rem
976 1955 1015 2020 de
1037 1975 1136 2043 regno
1154 1955 1305 2021 Phaeacum

148 2069 181 2128 in
215 2061 346 2136 nostris,
372 2060 406 2123 in
429 2058 567 2125 Scholiis
590 2060 695 2125 lliacie
719 2061 757 2126 de
780 2064 1029 2147 Agamemnonis
1052 2065 1086 2126 in
1111 2062 1249 2127 Achaeos
1264 2064 1304 2123 in·

148 2171 243 2257 perio.
268 2165 304 2231 In
329 2168 444 2230 nostrie
468 2165 588 2251 legitur
611 2169 632 2230 i.
653 2187 681 2231 a.
706 2169 720 2231 t
744 2165 829 2242 259,
851 2167 907 2231 ubi
927 2168 966 2232 de
988 2167 1195 2253 Aseymnetis
1213 2166 1304 2232 mendo

148 2276 200 2340 fit:
235 2275 260 2338 οί
293 2273 326 2335 ἐκ
358 2277 411 2335 τοῦ
436 2272 532 2347 δόμου
557 2274 672 2344 παντός
697 2277 868 2349 ἐπίλεκτοι,
894 2274 964 2352 οὐχί
989 2275 1015 2338 oi
1038 2276 1203 2352 βασιλεῖς,
1224 2284 1252 2340 et
1268 2292 1327 2337 etv

148 2382 356 2469 plicatissima
386 2378 425 2442 ad
457 2381 471 2440 ό
504 2377 581 2443 39οε
617 2379 705 2453 δῆλον
728 2380 758 2444 δέ
783 2380 817 2443 ἐκ
837 2379 950 2443 τούτων
974 2376 1019 2443 ότι
1043 2381 1254 2462 ἀριστοκρατία
1272 2378 1305 2445 τίς

146 2493 246 2558 έστιν,
272 2483 412 2563 ἐξέχει
437 2485 475 2548 δέ
500 2486 537 2548 ἐν
561 2488 701 2557 αὐτοῖς
723 2488 736 2550 ό
758 2484 917 2557 Ἀλκίνους
938 2485 1054 2551 δώδεκα
1074 2487 1164 2551 όντων
1182 2489 1306 2572 (praeeat

146 2594 284 2676 οὖσιν),
321 2594 357 2661 ὡς
395 2592 408 2653 ό
445 2589 513 2664 ἑξῆς
546 2594 653 2672 στίχος
686 2595 780 2664 δηλοῖ.
825 2591 872 2656 lta
895 2592 968 2670 EQ,
992 2614 1049 2657 nec
1074 2594 1215 2657 multum
1238 2592 1312 2657 ahter

146 2706 251 2767 noster
281 2696 324 2761 T:
357 2699 391 2760 ἐκ
420 2701 527 2760 τούτου
552 2699 640 2770 δῆλον
665 2696 711 2761 ότι
735 2701 954 2777 ἀριστοκρατία
980 2697 1030 2774 ἦν,
1056 2700 1145 2763 όποία
1172 2701 1222 2762 καί
1244 2701 1258 2772 ό
1279 2697 1314 2763 είς

141 2814 235 2873 Ἴλιον
270 2805 388 2879 ἐγένετο
421 2806 570 2881 στρατεία
597 2807 704 2888 (puto:
730 2807 820 2867 όποία
846 2808 917 2867 κάν
942 2816 987 2883 τῇ
1012 2804 1071 2869 ἐπ’
1094 2807 1187 2870 Ἴλιον
1211 2808 1331 2883 tyerno

145 2904 338 2992 experta).
369 2906 497 2982 ἕκαστος
522 2914 578 2986 μὲν
601 2914 664 2989 γόορ
688 2919 745 2974 τῶν
769 2912 847 2975 ίδίων
872 2908 981 2990 ἦρχεν,
1008 2908 1051 2982 είς
1077 2915 1108 2976 δέ
1133 2914 1146 2976 ό
1171 2920 1224 2985 τὴν
1249 2914 1340 2974 τόν

145 3046 202 3085 των
227 3017 326 3094 ἀρχὴν
351 3020 546 3093 κεκτημένος.
584 3017 742 3082 Similiter
761 3018 799 3081 de
820 3018 950 3082 Graecis
968 3017 1095 3083 Troiam
1117 3021 1346 3084 obsidentibnfi

146 3129 182 3195 od
218 3136 243 3187 A
279 3124 321 3184 54
355 3128 407 3207 (ex
432 3123 510 3201 BL),
545 3126 692 3201 ἀγορήνδε
725 3127 902 3188 καλέσσατο
930 3128 1004 3189 λαὸν
1028 3127 1219 3204 Ἀχιλλεόςῑ
1244 3127 1346 3189 odra*

145 3234 261 3312 κροίτοερ
286 3228 367 3307 potr,
393 3232 424 3293 οὐ
449 3232 596 3304 μισόοιτός
622 3228 665 3304 ἦν.
691 3236 745 3303 τὴν
769 3231 799 3294 δὲ
825 3233 973 3309 στρατιάν
993 3234 1006 3295 ό
1027 3234 1120 3296 όέλων
1140 3243 1262 3310 συνῆγε.
1278 3249 1346 3281 -ἱ

145 3346 248 3409 ἄλλως
281 3361 315 3398 τε
348 3337 398 3398 καί
431 3337 522 3408 αὐτὸς
557 3341 681 3414 ἡγεῖται
711 3348 765 3411 τῆς
791 3339 933 3416 ὑπαίθρου
956 3345 1117 3416 στρατιάς.
1143 3337 1189 3403 ότι
1214 3341 1273 3418 γὰρ
1292 3323 1346 3400 οἱ

147 3445 282 3526 τυραννίς
315 3448 403 3505 τοῦτο
438 3439 470 3514 ἦν
502 3446 533 3506 ἐκ
565 3451 622 3508 τῶν
654 3445 753 3519 λόγων
778 3446 892 3508 αὐτῶν
916 3445 1004 3518 δῆλον
1028 3447 1080 3508 καί
1106 3448 1249 3522 αάλιστα
1271 3451 1346 3508 rofi

145 3560 174 3623 ἐν
209 3559 277 3621 ταῖς
312 3558 432 3624 λιταῖς,
465 3571 527 3634 quo
556 3550 624 3614 loco
650 3550 853 3615 manifestum
880 3561 927 3615 est
952 3552 1068 3636 requiri
1094 3553 1127 3615 ἐκ
1151 3561 1209 3616 τῶν
1232 3553 1346 3629 λόγον’

145 3664 290 3739 αὐτοί,
336 3660 355 3718 i.
393 3677 420 3719 e.
466 3656 611 3721 Achillis.
661 3658 772 3742 Itaque
816 3658 854 3721 de
890 3661 1046 3722 sententia
1083 3663 1183 3724 nostri
1220 3657 1333 3723 scholi

144 3773 283 3846 pertentat,
320 3784 414 3848 quam
451 3766 496 3827 sic
533 3765 679 3828 everbie
704 3768 819 3828 misere
842 3765 1021 3848 depravatis
1044 3765 1227 3830 elicuerim:
1259 3767 1346 3844 τρία·

144 3877 192 3949 ,ὓς
233 3871 355 3936 λεκτέον
392 3868 437 3935 ότι
479 3872 531 3933 οὐκ
564 3873 597 3935 ἐκ
630 3872 798 3949 τυραννίδος
835 3868 902 3951 εἶχε
938 3874 992 3945 τόρν
1028 3873 1145 3953 ἀρχήν,
1184 3875 1258 3938 ἀλλ’
1289 3874 1302 3935 ε’
1334 3884 1346 3921 2

145 3992 245 4055 ζςρις
268 3980 497 4053 ἐπρώτευσε
509 4003 534 4041 ν.
574 3977 620 4042 De
645 3981 740 4043 verbo
764 3980 925 4056 πρωτεύειν
949 3981 1133 4043 testimonia
1157 3979 1346 4043 adsentor·

147 4090 241 4171 celio,
273 4087 374 4147 inanis
406 4084 573 4171 diligentia
605 4094 660 4149 est.
708 4085 756 4149 Ne
780 4089 850 4168 quis
873 4085 910 4147 de
935 4088 1166 4150 constructione
1188 4087 1323 4150 dubitet,

147 4216 242 4275 uuum
278 4191 466 4275 producam,
500 4190 647 4255 isocratis
678 4194 724 4275 (in
760 4190 845 4255 Orat.
879 4192 917 4255 de
941 4191 1021 4255 Pace
1046 4193 1063 4275 ᾗ
1086 4194 1129 4253 24
1154 4214 1183 4276 p.
1211 4192 1319 4273 loti)

154 4312 205 4401 ιρῇ
233 4300 263 4367 δέ
295 4297 363 4367 τοὺς
390 4298 550 4374 πρωτεύειν
575 4299 604 4359 ἐν
628 4306 689 4368 τοῖς
712 4296 861 4371 Ἕλλησιν
886 4296 1048 4373 ἀξιοῦντας
1073 4298 1210 4362 τοιούτων
1233 4295 1346 4376 {pyr-7²
