2978 4950
717 142 781 214 4111

147 338 243 403 Ἴλιον
267 332 442 402 malcolm?
468 374 507 385 -
533 358 634 422 neque
658 338 792 402 verbum
817 339 921 421 ipsum
950 338 1126 422 suspicione
1152 353 1255 401 carere
1279 352 1339 418 pu·

150 447 300 510 tuvorim.
348 441 488 518 Conieci,
514 443 568 508 sed
593 444 791 509 dubitanter:
817 443 868 507 νοιί
893 444 926 507 τὸ
951 451 1130 507 τελευταῖον
1155 441 1302 514 νοουοίννον
1324 475 1339 490 ·

149 550 270 616 ἔπειθεν
302 549 394 615 αὐτὸν
427 545 487 614 ὅτι
518 550 773 628 πεπροίἰίντοον
807 549 955 635 aldor)
986 546 1250 631 Ποσειδώνιος)
1282 548 1341 619 εἰς

150 659 276 725 ἔλεον.
325 657 374 722 lta
404 678 435 720 v.
461 677 488 722 o.
513 656 552 722 ad
584 681 603 720 κ
634 657 699 720 235
726 656 791 735 οἰνῳ
816 656 976 735 Προιμνείῳ
1001 656 1092 721 audit
1115 657 1156 736 τῷ
1180 653 1340 731 πραΰνοντν

149 766 185 831 τί
210 765 311 840 μένος.
357 761 522 828 Sententia
544 763 609 827 sere
633 763 742 828 cadem
768 768 799 827 ct
822 762 899 826 alibi
923 761 1042 849 legitur
1067 770 1098 826 et
1120 762 1281 845 imprimis
1302 758 1341 824 ad

150 873 165 936 ἰ
198 869 285 952 570,
318 870 373 933 ubi
402 867 556 933 Alcinous
587 868 719 939 πολλοὺς
753 870 929 942 ἀποστολῆς
953 873 1188 947 τετυχνκίτσοτ,
1214 866 1284 942 ἅμα
1309 867 1341 931 δὲ

149 983 204 1042 τοῦ
230 975 381 1053 νοονοορίου
400 973 607 1048 σεσωσμένους
628 976 715 1053 ὁρῶν,
742 973 924 1055 ἐνόμιζεν
947 976 992 1045 ὥς
1017 972 1092 1052 οἰροο
1117 975 1180 1037 recl
1206 976 1222 1047 ἦ
1248 973 1341 1050 δργίρ

149 1087 220 1148 τοῦ
254 1082 497 1151 Ποσειδῶνος
530 1083 752 1144 πέποντοιο.
802 1079 866 1145 Cur
893 1101 954 1144 non
978 1089 1084 1145 nostro
1107 1101 1231 1164 quoque
1254 1080 1342 1158 loco,

148 1190 352 1273 caeteroquin
375 1186 561 1262 simillimo,
587 1187 748 1251 πέπνυται
769 1189 979 1251 immutatum
1001 1189 1211 1260 servaverim,
1232 1191 1342 1270 sponte

147 1301 250 1381 patet.
300 1292 377 1374 Quis
401 1293 486 1357 dicat
509 1292 671 1356 πέποιυτοιί
694 1316 741 1362 τις
765 1295 806 1363 εἰς
833 1290 936 1358 ἔλεονί

200 1400 288 1466 Haeo
311 1399 349 1465 de
373 1398 501 1465 scholiis
525 1399 564 1464 nd
587 1419 706 1465 nonum
730 1398 848 1464 librom
873 1403 905 1463 in
930 1405 1105 1484 praesentia
1128 1399 1295 1465 sufficiant.

720 1615 776 1681 VI.

197 1832 236 1898 In
271 1833 372 1897 fronte
407 1831 523 1897 decimi
558 1831 631 1896 libri
668 1830 866 1914 Dindorfius‚
899 1833 1088 1899 Buttmanni
1119 1840 1342 1903 anctoritatem

150 1947 300 2022 secutus,
328 1940 405 2003 haec
436 1938 603 2003 collocarit
627 1940 780 2015 οἰνὲφοιλκ
807 1959 845 2002 cx
871 1939 914 2018 Q:
940 1940 983 2003 διὸ
1008 1941 1076 2010 τοὺς
1100 1944 1209 2015 τόπους
1235 1945 1342 2016 ἁπλῶς

150 2045 243 2124 λέγει
272 2046 462 2129 ,Κυκλώπων
487 2045 513 2109 δ’
538 2046 569 2116 ἐς
590 2045 706 2123 γοοῑοον”
724 2045 854 2131 (1106),
871 2048 1015 2121 „Alollas
1038 2048 1063 2127 ῤ’
1083 2050 1112 2119 ἐς
1132 2049 1239 2124 νῆσον”
1252 2051 1284 2134 (κ
1299 2049 1341 2134 l),

151 2158 229 2217 ποῦ
254 2153 285 2218 δέ
310 2154 383 2217 εἰσιν
408 2148 502 2216 οὗτοι
528 2151 544 2226 ἢ
571 2157 629 2216 ποῦ
656 2152 794 2227 κείμεναι
819 2154 919 2218 οὐκέτι
942 2153 1104 2234 διωσοιφεῑ.
1132 2159 1344 2229 πληοοντνκοῖς

150 2260 184 2326 33
218 2261 333 2340 ρνἰμοοσν
365 2261 517 2340 κέχρηται
552 2259 603 2321 hrot
635 2260 689 2332 rio
713 2266 771 2323 τῶν
796 2259 920 2339 ἑτοιίρων
943 2262 1197 2338 συμποιρουσίοιν,
1221 2266 1252 2327 in
1278 2265 1344 2327 ima

150 2368 273 2453 pagina
307 2365 496 2430 admonens:
535 2365 615 2442 „hoc
644 2363 784 2430 scholion
816 2367 848 2429 in
881 2365 908 2447 Q
937 2367 1131 2452 adscriptum
1164 2369 1203 2434 ad
1236 2393 1245 2432 ο
1278 2369 1343 2432 564

150 2472 218 2538 huc
253 2470 379 2536 rettulit
412 2469 639 2535 Buttmannus.
703 2469 840 2535 Videtur
874 2472 1090 2559 fragmentum
1127 2495 1194 2538 esse
1232 2475 1344 2539 scholii

150 2577 326 2664 longioris:
351 2576 556 2661 quamobrem
582 2580 740 2640 intactum
765 2576 879 2662 reliqui
904 2579 1216 2662 δνο,(]υο(1Βυ11ω.
1239 2582 1271 2644 in
1293 2581 1343 2644 δνοί

151 2687 186 2750 ον’
221 2683 360 2749 mutat.''
407 2681 476 2747 lam
507 2690 579 2746 onte
609 2683 728 2747 multos
759 2704 855 2748 annos
888 2682 1026 2749 (iubatus
1052 2685 1220 2768 (Mnemos.
1246 2687 1286 2751 N.
1311 2687 1341 2751 S.

151 2791 224 2858 Vol.
258 2790 273 2855 I
304 2812 334 2876 p.
371 2790 427 2862 12,
465 2788 564 2868 1873)
598 2789 722 2864 docuit,
749 2791 969 2877 coniungenda
998 2792 1163 2857 haeresse
1187 2815 1259 2857 cnm
1284 2795 1342 2870 iis,

151 2918 236 2984 quac
266 2917 304 2961 ax
335 2896 444 2961 ecdem
477 2896 583 2960 codice
616 2894 669 2980 (Q)
701 2896 740 2960 ad
772 2918 819 2960 vs.
846 2898 911 2960 565
935 2898 1148 2983 praecedentis
1171 2898 1245 2963 libri
1269 2921 1343 2964 cnm

151 3004 308 3071 lemmate
332 3001 409 3066 ἔνθεν
433 3002 464 3066 δὲ
489 3000 618 3081 προτέρω
642 3002 727 3067 edita
750 3006 875 3067 suntin
896 3004 1343 3083 huncmodnmrrrspmtavn·

154 3110 256 3182 anm
292 3111 385 3174 αὐτοῦ
422 3108 473 3172 nal
511 3111 554 3183 μὴ
590 3107 701 3178 εἰδότος
733 3113 790 3171 ποῦ
824 3107 930 3172 ἔπεισι.
966 3110 1105 3186 περιττὸν
1136 3112 1171 3174 τὸ
1195 3113 1339 3191 προτέρω,

153 3237 292 3303 quornm
324 3219 403 3281 ratio
433 3219 478 3279 ita
502 3215 632 3279 demum
658 3224 819 3299 perspecta
842 3219 911 3279 erit.
961 3213 1061 3281 Cuius
1084 3221 1231 3304 vestigiis
1254 3221 1344 3282 insis-

153 3331 228 3389 tens
263 3324 385 3387 duabus
415 3322 566 3387 adhibitis
599 3323 843 3386 correctionibus
874 3325 980 3387 omnia
1003 3326 1048 3386 ita
1071 3323 1242 3388 ordinanda
1265 3328 1344 3388 exis-

152 3434 255 3497 timo:
287 3433 394 3494 Ἔνθεν
426 3428 456 3492 δὲ
489 3429 617 3507 προτέρω
650 3429 785 3504 πλέομεν
812 3429 1006 3508 οἰκκχνίμενον
1036 3423 1121 3507 ἦτορτ
1147 3429 1285 3508 περιττὸν
1311 3433 1344 3494 τὸ

150 3536 349 3618 προτέρω,
374 3535 645 3612 περνπλοοννδέντος
682 3537 775 3598 αὐτοῦ
801 3535 850 3598 uxi
876 3538 919 3610 μὴ
948 3533 1058 3605 εἰδότος
1084 3539 1141 3597 ποῦ
1166 3535 1273 3599 ἕτερον.
1301 3537 1343 3600 διὸ

147 3648 226 3716 τοὺς
256 3645 366 3715 τόπους
398 3643 506 3712 οἰπλῶς
537 3643 625 3718 λέγει
658 3641 853 3718 ,Κυκλώπων
879 3641 904 3704 δ’
929 3643 957 3712 ἐς
982 3641 1120 3724 νωΐοον,”
1147 3643 1292 3718 ,Αἰολίην
1317 3644 1343 3723 ῥ’

148 3754 182 3824 ἐς
209 3750 333 3832 νῆσον,”
359 3750 467 3827 τίνος
498 3746 529 3810 δέ
553 3749 627 3811 εἰσιν
650 3743 744 3811 οοῦτοον
769 3749 786 3822 ἦ
813 3753 870 3811 ποῦ
895 3748 1032 3821 νείμενοον
1058 3747 1157 3811 οοίκίτν
1183 3748 1342 3827 ὃνοοσοιφεῖ.

145 3861 366 3930 πλωίυντνκοῖς
400 3855 432 3919 δὲ
461 3856 575 3935 ῥήμασι
608 3856 758 3934 κέχρηται
783 3854 834 3918 διὰ
859 3857 912 3927 τίρν
936 3861 993 3918 τῶν
1018 3854 1142 3934 ἑταίρων
1168 3879 1344 3933 συμπυρου-

145 3969 235 4033 σίοιν.
285 3964 317 4028 ln
354 3963 404 4026 liis
440 3965 564 4025 inverso
599 3961 707 4024 ordino
740 3963 829 4044 posui
855 3968 994 4036 περιττὸν
1029 3964 1086 4043 (sic
1111 3963 1230 4044 optimc
1254 3961 1372 4027 Butt-

143 4093 291 4143 mannus
325 4070 441 4136 codicis
472 4068 641 4134 lectionem
677 4067 861 4146 περίττωσεν
895 4071 1042 4151 correxit)
1078 4068 1112 4130 τὸ
1149 4069 1278 4146 προτέρω
1314 4079 1346 4135 et

144 4178 426 4259 περιπλοννοέντος
453 4178 546 4239 soron
571 4189 652 4259 κτλ,
676 4196 750 4239 nam
775 4174 818 4239 διὸ
842 4174 911 4246 τοὺς
936 4173 1046 4243 τόπους
1074 4191 1140 4237 κτλ.
1167 4177 1342 4240 arctissime

143 4309 226 4356 com
262 4287 413 4372 genetivo
445 4283 589 4348 absoluto
613 4283 778 4347 cohaerent
802 4302 902 4365 neque
925 4282 996 4345 hinc
1021 4301 1075 4364 pcr
1098 4281 1177 4345 ilino
1204 4285 1342 4366 περιττὸν

200 4396 207 4426 1
