<?xml version="1.0" encoding="UTF-8"?>
<!DOCTYPE html PUBLIC "-//W3C//DTD XHTML 1.0 Transitional//EN"
    "http://www.w3.org/TR/xhtml1/DTD/xhtml1-transitional.dtd">
<html xmlns="http://www.w3.org/1999/xhtml" xml:lang="en" lang="en">
 <head>
  <title>
</title>
<meta http-equiv="Content-Type" content="text/html;charset=utf-8" />
  <meta name='ocr-system' content='tesseract 3.04.00' />
  <meta name='ocr-capabilities' content='ocr_page ocr_carea ocr_par ocr_line ocrx_word'/>
</head>
<body>
  <div class='ocr_page' id='page_1' title='image "./adodysseameiusq00polagoog_0253.png"; bbox 0 0 2978 4950; ppageno 0'>
   <div class='ocr_carea' id='block_1_1' title="bbox 747 237 811 305">
    <p class='ocr_par' dir='ltr' id='par_1_1' title="bbox 747 237 811 305">
     <span class='ocr_line' id='line_1_1' title="bbox 747 237 811 305; baseline -0.016 0"><span class='ocrx_word' id='word_1_1' title='bbox 747 237 811 305; x_wconf 70' lang='lat'>221</span> 
     </span>
    </p>
   </div>
   <div class='ocr_carea' id='block_1_2' title="bbox 137 409 1455 4445">
    <p class='ocr_par' dir='ltr' id='par_1_2' title="bbox 137 409 1455 4445">
     <span class='ocr_line' id='line_1_2' title="bbox 174 409 1369 511; baseline 0.004 -19"><span class='ocrx_word' id='word_1_2' title='bbox 174 445 293 492; x_wconf 83' lang='lat' dir='ltr'>rerum</span> <span class='ocrx_word' id='word_1_3' title='bbox 326 431 374 491; x_wconf 90' lang='lat' dir='ltr'>est</span> <span class='ocrx_word' id='word_1_4' title='bbox 408 427 442 489; x_wconf 94' lang='lat' dir='ltr'>in</span> <span class='ocrx_word' id='word_1_5' title='bbox 477 409 663 511; x_wconf 74' lang='lat' dir='ltr'>repetitione</span> <span class='ocrx_word' id='word_1_6' title='bbox 699 429 898 510; x_wconf 78' lang='lat' dir='ltr'>caeteroquin</span> <span class='ocrx_word' id='word_1_7' title='bbox 934 427 1127 504; x_wconf 90' lang='lat' dir='ltr'>abiicienda,</span> <span class='ocrx_word' id='word_1_8' title='bbox 1160 437 1283 505; x_wconf 79' lang='grc' dir='ltr'><strong><em>κρατεῖν</em></strong></span> <span class='ocrx_word' id='word_1_9' title='bbox 1315 434 1369 498; x_wconf 84' lang='grc' dir='ltr'>πού</span> 
     </span>
     <span class='ocr_line' id='line_1_3' title="bbox 174 531 1371 616; baseline 0.005 -21"><span class='ocrx_word' id='word_1_10' title='bbox 174 533 343 610; x_wconf 85' lang='grc' dir='ltr'><strong><em>ούρανοῦ</em></strong></span> <span class='ocrx_word' id='word_1_11' title='bbox 379 553 435 614; x_wconf 94' lang='lat' dir='ltr'>pro</span> <span class='ocrx_word' id='word_1_12' title='bbox 469 537 522 596; x_wconf 86' lang='grc' dir='ltr'>πού</span> <span class='ocrx_word' id='word_1_13' title='bbox 558 532 744 615; x_wconf 80' lang='grc' dir='ltr'><strong><em>Ὀλύμπου,</em></strong></span> <span class='ocrx_word' id='word_1_14' title='bbox 779 531 874 616; x_wconf 91' lang='lat' dir='ltr'>idque</span> <span class='ocrx_word' id='word_1_15' title='bbox 908 533 1144 598; x_wconf 85' lang='lat' dir='ltr'>adsciscendum</span> <span class='ocrx_word' id='word_1_16' title='bbox 1154 556 1162 611; x_wconf 91' lang='lat'>;</span> <span class='ocrx_word' id='word_1_17' title='bbox 1195 535 1254 600; x_wconf 91' lang='lat' dir='ltr'>hoc</span> <span class='ocrx_word' id='word_1_18' title='bbox 1285 540 1371 601; x_wconf 90' lang='lat' dir='ltr'>enim</span> 
     </span>
     <span class='ocr_line' id='line_1_4' title="bbox 175 638 1371 726; baseline 0.006 -24"><span class='ocrx_word' id='word_1_19' title='bbox 175 639 271 702; x_wconf 90' lang='lat' dir='ltr'>unice</span> <span class='ocrx_word' id='word_1_20' title='bbox 311 640 430 722; x_wconf 85' lang='lat' dir='ltr'>requiri</span> <span class='ocrx_word' id='word_1_21' title='bbox 470 638 523 704; x_wconf 85' lang='lat' dir='ltr'>vel</span> <span class='ocrx_word' id='word_1_22' title='bbox 565 638 699 703; x_wconf 89' lang='lat' dir='ltr'>Homeri</span> <span class='ocrx_word' id='word_1_23' title='bbox 742 638 838 702; x_wconf 88' lang='lat' dir='ltr'>verba</span> <span class='ocrx_word' id='word_1_24' title='bbox 880 638 1000 704; x_wconf 88' lang='lat' dir='ltr'>docent.</span> <span class='ocrx_word' id='word_1_25' title='bbox 1060 639 1152 704; x_wconf 89' lang='lat' dir='ltr'>Hanc</span> <span class='ocrx_word' id='word_1_26' title='bbox 1192 644 1296 726; x_wconf 81' lang='lat' dir='ltr'>ipsam</span> <span class='ocrx_word' id='word_1_27' title='bbox 1331 645 1371 709; x_wconf 93' lang='lat' dir='ltr'>ob</span> 
     </span>
     <span class='ocr_line' id='line_1_5' title="bbox 176 744 1370 833; baseline 0.008 -27"><span class='ocrx_word' id='word_1_28' title='bbox 176 763 307 807; x_wconf 89' lang='lat' dir='ltr'>cansam</span> <span class='ocrx_word' id='word_1_29' title='bbox 349 744 481 808; x_wconf 87' lang='lat' dir='ltr'>eandem</span> <span class='ocrx_word' id='word_1_30' title='bbox 525 747 714 809; x_wconf 89' lang='lat' dir='ltr'>sententiam</span> <span class='ocrx_word' id='word_1_31' title='bbox 757 745 805 808; x_wconf 91' lang='lat' dir='ltr'>bis</span> <span class='ocrx_word' id='word_1_32' title='bbox 847 748 1015 828; x_wconf 79' lang='lat' dir='ltr'>repetitam</span> <span class='ocrx_word' id='word_1_33' title='bbox 1059 749 1217 831; x_wconf 89' lang='lat' dir='ltr'>suspicor,</span> <span class='ocrx_word' id='word_1_34' title='bbox 1255 770 1370 833; x_wconf 86' lang='lat' dir='ltr'>nempe</span> 
     </span>
     <span class='ocr_line' id='line_1_6' title="bbox 175 849 1369 937; baseline 0.007 -25"><span class='ocrx_word' id='word_1_35' title='bbox 175 849 332 926; x_wconf 82' lang='lat' dir='ltr'>scribam,</span> <span class='ocrx_word' id='word_1_36' title='bbox 368 853 435 915; x_wconf 84' lang='lat' dir='ltr'>sive</span> <span class='ocrx_word' id='word_1_37' title='bbox 470 849 635 915; x_wconf 84' lang='lat' dir='ltr'>Harleiani</span> <span class='ocrx_word' id='word_1_38' title='bbox 670 853 737 915; x_wconf 86' lang='lat' dir='ltr'>sive</span> <span class='ocrx_word' id='word_1_39' title='bbox 769 853 837 915; x_wconf 90' lang='lat' dir='ltr'>eius</span> <span class='ocrx_word' id='word_1_40' title='bbox 869 851 1051 937; x_wconf 79' lang='lat' dir='ltr'>archetypi,</span> <span class='ocrx_word' id='word_1_41' title='bbox 1087 874 1160 917; x_wconf 92' lang='lat' dir='ltr'>cum</span> <span class='ocrx_word' id='word_1_42' title='bbox 1192 875 1225 918; x_wconf 92' lang='lat' dir='ltr'>se</span> <span class='ocrx_word' id='word_1_43' title='bbox 1250 875 1369 920; x_wconf 89' lang='lat' dir='ltr'>errasse</span> 
     </span>
     <span class='ocr_line' id='line_1_7' title="bbox 175 956 1369 1045; baseline 0.006 -27"><span class='ocrx_word' id='word_1_44' title='bbox 175 956 342 1034; x_wconf 73' lang='lat' dir='ltr'>sensisset,</span> <span class='ocrx_word' id='word_1_45' title='bbox 373 956 483 1021; x_wconf 89' lang='lat' dir='ltr'>eadem</span> <span class='ocrx_word' id='word_1_46' title='bbox 515 959 611 1022; x_wconf 87' lang='lat' dir='ltr'>verba</span> <span class='ocrx_word' id='word_1_47' title='bbox 634 958 667 1022; x_wconf 94' lang='lat' dir='ltr'>in</span> <span class='ocrx_word' id='word_1_48' title='bbox 692 959 837 1045; x_wconf 84' lang='lat' dir='ltr'>margine</span> <span class='ocrx_word' id='word_1_49' title='bbox 865 960 1013 1032; x_wconf 86' lang='lat' dir='ltr'>iterasse,</span> <span class='ocrx_word' id='word_1_50' title='bbox 1039 963 1072 1022; x_wconf 97' lang='lat' dir='ltr'>at</span> <span class='ocrx_word' id='word_1_51' title='bbox 1095 981 1179 1024; x_wconf 92' lang='lat' dir='ltr'>nnnc</span> <span class='ocrx_word' id='word_1_52' title='bbox 1203 960 1369 1025; x_wconf 87' lang='lat' dir='ltr'>emendate</span> 
     </span>
     <span class='ocr_line' id='line_1_8' title="bbox 174 1061 1368 1149; baseline 0.005 -25"><span class='ocrx_word' id='word_1_53' title='bbox 174 1063 309 1145; x_wconf 87' lang='lat' dir='ltr'>scripta,</span> <span class='ocrx_word' id='word_1_54' title='bbox 346 1063 431 1148; x_wconf 90' lang='lat' dir='ltr'>quod</span> <span class='ocrx_word' id='word_1_55' title='bbox 466 1084 540 1128; x_wconf 90' lang='lat' dir='ltr'>eum</span> <span class='ocrx_word' id='word_1_56' title='bbox 576 1063 615 1128; x_wconf 89' lang='lat' dir='ltr'>ad</span> <span class='ocrx_word' id='word_1_57' title='bbox 647 1066 661 1127; x_wconf 86' lang='grc' dir='ltr'><strong><em>ύ</em></strong></span> <span class='ocrx_word' id='word_1_58' title='bbox 689 1063 729 1129; x_wconf 84' lang='grc'>75</span> <span class='ocrx_word' id='word_1_59' title='bbox 765 1066 808 1148; x_wconf 87' lang='lat' dir='ltr'>(p.</span> <span class='ocrx_word' id='word_1_60' title='bbox 843 1061 919 1141; x_wconf 76' lang='lat'>362,</span> <span class='ocrx_word' id='word_1_61' title='bbox 953 1062 972 1126; x_wconf 88' lang='grc'><strong>3</strong></span> <span class='ocrx_word' id='word_1_62' title='bbox 1001 1065 1080 1149; x_wconf 86' lang='lat' dir='ltr'>not.)</span> <span class='ocrx_word' id='word_1_63' title='bbox 1110 1084 1233 1149; x_wconf 90' lang='lat' dir='ltr'>quoque</span> <span class='ocrx_word' id='word_1_64' title='bbox 1258 1066 1368 1131; x_wconf 89' lang='lat' dir='ltr'>fecisse</span> 
     </span>
     <span class='ocr_line' id='line_1_9' title="bbox 173 1170 1367 1255; baseline 0.003 -24"><span class='ocrx_word' id='word_1_65' title='bbox 173 1173 398 1253; x_wconf 80' lang='lat' dir='ltr'>comperimus.</span> <span class='ocrx_word' id='word_1_66' title='bbox 448 1172 491 1234; x_wconf 83' lang='lat' dir='ltr'>At</span> <span class='ocrx_word' id='word_1_67' title='bbox 513 1191 569 1234; x_wconf 90' lang='lat' dir='ltr'>cur</span> <span class='ocrx_word' id='word_1_68' title='bbox 592 1173 727 1255; x_wconf 91' lang='lat' dir='ltr'>repetita</span> <span class='ocrx_word' id='word_1_69' title='bbox 750 1170 870 1235; x_wconf 89' lang='lat' dir='ltr'>dicitur</span> <span class='ocrx_word' id='word_1_70' title='bbox 892 1171 1064 1254; x_wconf 84' lang='lat' dir='ltr'>sententia,</span> <span class='ocrx_word' id='word_1_71' title='bbox 1089 1192 1144 1235; x_wconf 90' lang='lat' dir='ltr'>cur</span> <span class='ocrx_word' id='word_1_72' title='bbox 1167 1171 1367 1236; x_wconf 81' lang='lat' dir='ltr'>abiicienda?</span> 
     </span>
     <span class='ocr_line' id='line_1_10' title="bbox 137 1269 1366 1364; baseline 0.005 -27"><span class='ocrx_word' id='word_1_73' title='bbox 137 1269 251 1337; x_wconf 69' lang='lat' dir='ltr'>’lissa</span> <span class='ocrx_word' id='word_1_74' title='bbox 283 1296 352 1345; x_wconf 90' lang='lat' dir='ltr'>eam</span> <span class='ocrx_word' id='word_1_75' title='bbox 385 1296 481 1361; x_wconf 89' lang='lat' dir='ltr'>qnam</span> <span class='ocrx_word' id='word_1_76' title='bbox 513 1277 596 1349; x_wconf 86' lang='lat' dir='ltr'>dixi,</span> <span class='ocrx_word' id='word_1_77' title='bbox 629 1276 680 1342; x_wconf 89' lang='lat' dir='ltr'>vel</span> <span class='ocrx_word' id='word_1_78' title='bbox 705 1298 768 1341; x_wconf 91' lang='lat' dir='ltr'>nno</span> <span class='ocrx_word' id='word_1_79' title='bbox 792 1276 849 1341; x_wconf 90' lang='lat' dir='ltr'>illo</span> <span class='ocrx_word' id='word_1_80' title='bbox 877 1276 962 1353; x_wconf 83' lang='grc' dir='ltr'><strong><em>μεπιὶ</em></strong></span> <span class='ocrx_word' id='word_1_81' title='bbox 986 1275 1017 1340; x_wconf 70' lang='grc' dir='ltr'>δὲ</span> <span class='ocrx_word' id='word_1_82' title='bbox 1041 1277 1197 1353; x_wconf 74' lang='grc' dir='ltr'><strong><em>ταύτην</em></strong></span> <span class='ocrx_word' id='word_1_83' title='bbox 1222 1298 1366 1364; x_wconf 92' lang='lat' dir='ltr'>compro·</span> 
     </span>
     <span class='ocr_line' id='line_1_11' title="bbox 172 1376 1368 1468; baseline 0.006 -27"><span class='ocrx_word' id='word_1_84' title='bbox 172 1376 290 1459; x_wconf 89' lang='lat' dir='ltr'>batur,</span> <span class='ocrx_word' id='word_1_85' title='bbox 326 1383 410 1467; x_wconf 93' lang='lat' dir='ltr'>quod</span> <span class='ocrx_word' id='word_1_86' title='bbox 444 1385 477 1448; x_wconf 91' lang='lat' dir='ltr'>in</span> <span class='ocrx_word' id='word_1_87' title='bbox 507 1396 649 1448; x_wconf 86' lang='lat' dir='ltr'>extrema</span> <span class='ocrx_word' id='word_1_88' title='bbox 680 1390 776 1468; x_wconf 89' lang='lat' dir='ltr'>parte·</span> <span class='ocrx_word' id='word_1_89' title='bbox 799 1382 880 1447; x_wconf 89' lang='lat' dir='ltr'>nihil</span> <span class='ocrx_word' id='word_1_90' title='bbox 913 1383 1009 1447; x_wconf 89' lang='lat' dir='ltr'>habet</span> <span class='ocrx_word' id='word_1_91' title='bbox 1041 1387 1093 1448; x_wconf 89' lang='lat' dir='ltr'>cni</span> <span class='ocrx_word' id='word_1_92' title='bbox 1128 1385 1300 1468; x_wconf 84' lang='lat' dir='ltr'>referatur,</span> <span class='ocrx_word' id='word_1_93' title='bbox 1334 1386 1368 1448; x_wconf 89' lang='lat' dir='ltr'>in</span> 
     </span>
     <span class='ocr_line' id='line_1_12' title="bbox 170 1483 1398 1578; baseline 0.005 -31"><span class='ocrx_word' id='word_1_94' title='bbox 170 1483 272 1553; x_wconf 89' lang='lat' dir='ltr'>initio</span> <span class='ocrx_word' id='word_1_95' title='bbox 313 1492 432 1575; x_wconf 89' lang='lat' dir='ltr'>optime</span> <span class='ocrx_word' id='word_1_96' title='bbox 466 1491 632 1575; x_wconf 89' lang='lat' dir='ltr'>respondet</span> <span class='ocrx_word' id='word_1_97' title='bbox 664 1490 921 1575; x_wconf 85' lang='lat' dir='ltr'>praecedentibus</span> <span class='ocrx_word' id='word_1_98' title='bbox 959 1490 1098 1562; x_wconf 74' lang='grc' dir='ltr'>ἠπείλουν</span> <span class='ocrx_word' id='word_1_99' title='bbox 1135 1491 1188 1564; x_wconf 69' lang='grc' dir='ltr'><strong><em>τὴν</em></strong></span> <span class='ocrx_word' id='word_1_100' title='bbox 1223 1494 1398 1578; x_wconf 64' lang='grc' dir='ltr'><strong><em>μύχιρν,</em></strong></span> 
     </span>
     <span class='ocr_line' id='line_1_13' title="bbox 168 1594 1365 1682; baseline 0.011 -32"><span class='ocrx_word' id='word_1_101' title='bbox 168 1602 284 1658; x_wconf 80' lang='grc' dir='ltr'><strong><em>ποιεῖν.</em></strong></span> <span class='ocrx_word' id='word_1_102' title='bbox 306 1594 428 1660; x_wconf 89' lang='lat' dir='ltr'>Verum</span> <span class='ocrx_word' id='word_1_103' title='bbox 451 1596 620 1682; x_wconf 89' lang='lat' dir='ltr'>adsumpto</span> <span class='ocrx_word' id='word_1_104' title='bbox 643 1617 682 1661; x_wconf 90' lang='lat' dir='ltr'>ex</span> <span class='ocrx_word' id='word_1_105' title='bbox 706 1598 892 1680; x_wconf 86' lang='lat' dir='ltr'>repetitione</span> <span class='ocrx_word' id='word_1_106' title='bbox 917 1597 1059 1674; x_wconf 86' lang='grc' dir='ltr'><strong><em>ούρανοῦ,</em></strong></span> <span class='ocrx_word' id='word_1_107' title='bbox 1085 1596 1198 1663; x_wconf 92' lang='lat' dir='ltr'>deletis</span> <span class='ocrx_word' id='word_1_108' title='bbox 1224 1602 1365 1676; x_wconf 90' lang='lat' dir='ltr'>caeteris,</span> 
     </span>
     <span class='ocr_line' id='line_1_14' title="bbox 163 1696 1367 1789; baseline 0.01 -30"><span class='ocrx_word' id='word_1_109' title='bbox 163 1696 314 1767; x_wconf 87' lang='lat' dir='ltr'>scholion</span> <span class='ocrx_word' id='word_1_110' title='bbox 334 1703 476 1768; x_wconf 92' lang='lat' dir='ltr'>nondum</span> <span class='ocrx_word' id='word_1_111' title='bbox 497 1709 699 1787; x_wconf 79' lang='lat' dir='ltr'>personatum</span> <span class='ocrx_word' id='word_1_112' title='bbox 720 1708 783 1779; x_wconf 84' lang='lat' dir='ltr'>est3</span> <span class='ocrx_word' id='word_1_113' title='bbox 808 1705 909 1767; x_wconf 88' lang='lat' dir='ltr'>immo</span> <span class='ocrx_word' id='word_1_114' title='bbox 929 1703 1012 1787; x_wconf 92' lang='lat' dir='ltr'>qnod</span> <span class='ocrx_word' id='word_1_115' title='bbox 1034 1707 1216 1789; x_wconf 87' lang='lat' dir='ltr'>saepissime</span> <span class='ocrx_word' id='word_1_116' title='bbox 1228 1708 1292 1770; x_wconf 89' lang='lat' dir='ltr'>iam</span> <span class='ocrx_word' id='word_1_117' title='bbox 1307 1727 1367 1772; x_wconf 91' lang='lat' dir='ltr'>usu</span> 
     </span>
     <span class='ocr_line' id='line_1_15' title="bbox 163 1807 1368 1894; baseline 0.007 -26"><span class='ocrx_word' id='word_1_118' title='bbox 163 1807 297 1873; x_wconf 80' lang='lat' dir='ltr'>venisse</span> <span class='ocrx_word' id='word_1_119' title='bbox 326 1809 487 1886; x_wconf 80' lang='lat' dir='ltr'>vidimus,</span> <span class='ocrx_word' id='word_1_120' title='bbox 519 1819 551 1874; x_wconf 89' lang='lat' dir='ltr'>et</span> <span class='ocrx_word' id='word_1_121' title='bbox 574 1816 716 1894; x_wconf 87' lang='lat' dir='ltr'>superest</span> <span class='ocrx_word' id='word_1_122' title='bbox 739 1808 861 1893; x_wconf 91' lang='lat' dir='ltr'>aliquid</span> <span class='ocrx_word' id='word_1_123' title='bbox 886 1813 920 1873; x_wconf 82' lang='lat' dir='ltr'>el</span> <span class='ocrx_word' id='word_1_124' title='bbox 944 1808 1040 1873; x_wconf 71' lang='lat' dir='ltr'>deest.</span> <span class='ocrx_word' id='word_1_125' title='bbox 1089 1809 1172 1888; x_wconf 78' lang='lat' dir='ltr'>Quid</span> <span class='ocrx_word' id='word_1_126' title='bbox 1195 1814 1282 1875; x_wconf 89' lang='lat' dir='ltr'>enim</span> <span class='ocrx_word' id='word_1_127' title='bbox 1306 1813 1368 1878; x_wconf 90' lang='lat' dir='ltr'>sibi</span> 
     </span>
     <span class='ocr_line' id='line_1_16' title="bbox 162 1907 1366 1995; baseline 0.006 -21"><span class='ocrx_word' id='word_1_128' title='bbox 162 1907 239 1974; x_wconf 80' lang='lat' dir='ltr'>vult</span> <span class='ocrx_word' id='word_1_129' title='bbox 270 1915 392 1980; x_wconf 90' lang='lat' dir='ltr'>nudum</span> <span class='ocrx_word' id='word_1_130' title='bbox 411 1915 511 1980; x_wconf 91' lang='lat' dir='ltr'>illud:</span> <span class='ocrx_word' id='word_1_131' title='bbox 533 1917 601 1979; x_wconf 72' lang='grc' dir='ltr'><strong><em>ἀντὶ</em></strong></span> <span class='ocrx_word' id='word_1_132' title='bbox 621 1920 675 1979; x_wconf 82' lang='grc' dir='ltr'>ποῦ</span> <span class='ocrx_word' id='word_1_133' title='bbox 696 1915 782 1995; x_wconf 77' lang='grc' dir='ltr'><strong><em>παρα</em></strong></span> <span class='ocrx_word' id='word_1_134' title='bbox 805 1912 980 1993; x_wconf 68' lang='grc' dir='ltr'>Ὀλύμπῳῗ</span> <span class='ocrx_word' id='word_1_135' title='bbox 1005 1914 1089 1995; x_wconf 82' lang='lat' dir='ltr'>Quid</span> <span class='ocrx_word' id='word_1_136' title='bbox 1101 1915 1229 1981; x_wconf 89' lang='lat' dir='ltr'>tandem</span> <span class='ocrx_word' id='word_1_137' title='bbox 1242 1917 1366 1982; x_wconf 92' lang='lat' dir='ltr'>dictum</span> 
     </span>
     <span class='ocr_line' id='line_1_17' title="bbox 160 2017 1417 2112; baseline 0 -26"><span class='ocrx_word' id='word_1_138' title='bbox 160 2017 211 2112; x_wconf 9' lang='lat'>0⁸3*</span> <span class='ocrx_word' id='word_1_139' title='bbox 244 2039 306 2104; x_wconf 86' lang='lat' dir='ltr'>pro</span> <span class='ocrx_word' id='word_1_140' title='bbox 337 2022 425 2102; x_wconf 69' lang='lat' dir='ltr'>rapt</span> <span class='ocrx_word' id='word_1_141' title='bbox 457 2020 631 2103; x_wconf 67' lang='grc' dir='ltr'>Ὀλύμπῳύ</span> <span class='ocrx_word' id='word_1_142' title='bbox 663 2021 734 2086; x_wconf 83' lang='lat' dir='ltr'>Iam</span> <span class='ocrx_word' id='word_1_143' title='bbox 762 2023 989 2106; x_wconf 74' lang='lat' dir='ltr'>perspicimuS,</span> <span class='ocrx_word' id='word_1_144' title='bbox 1022 2027 1054 2086; x_wconf 87' lang='lat' dir='ltr'>et</span> <span class='ocrx_word' id='word_1_145' title='bbox 1084 2025 1117 2085; x_wconf 90' lang='lat' dir='ltr'>ni</span> <span class='ocrx_word' id='word_1_146' title='bbox 1149 2023 1183 2085; x_wconf 82' lang='grc' dir='ltr'>ἐκ</span> <span class='ocrx_word' id='word_1_147' title='bbox 1208 2028 1266 2086; x_wconf 80' lang='grc' dir='ltr'><strong><em>τῶν</em></strong></span> <span class='ocrx_word' id='word_1_148' title='bbox 1290 2046 1368 2100; x_wconf 83' lang='grc' dir='ltr'><strong><em>συμ-</em></strong></span> <span class='ocrx_word' id='word_1_149' title='bbox 1415 2097 1417 2103; x_wconf 55' lang='lat'>.</span> 
     </span>
     <span class='ocr_line' id='line_1_18' title="bbox 158 2119 1366 2214; baseline 0 -20"><span class='ocrx_word' id='word_1_150' title='bbox 158 2119 370 2203; x_wconf 66' lang='grc' dir='ltr'><strong><em>Φνιζομένονν</em></strong></span> <span class='ocrx_word' id='word_1_151' title='bbox 406 2130 687 2214; x_wconf 81' lang='lat' dir='ltr'>perspexissemus,</span> <span class='ocrx_word' id='word_1_152' title='bbox 725 2126 777 2192; x_wconf 89' lang='lat' dir='ltr'>vel</span> <span class='ocrx_word' id='word_1_153' title='bbox 813 2126 879 2192; x_wconf 91' lang='lat' dir='ltr'>sola</span> <span class='ocrx_word' id='word_1_154' title='bbox 912 2126 1039 2192; x_wconf 91' lang='lat' dir='ltr'>collatio</span> <span class='ocrx_word' id='word_1_155' title='bbox 1075 2149 1184 2193; x_wconf 90' lang='lat' dir='ltr'>eorum</span> <span class='ocrx_word' id='word_1_156' title='bbox 1216 2150 1295 2213; x_wconf 89' lang='lat' dir='ltr'>qnae</span> <span class='ocrx_word' id='word_1_157' title='bbox 1327 2130 1366 2194; x_wconf 89' lang='lat' dir='ltr'>ad</span> 
     </span>
     <span class='ocr_line' id='line_1_19' title="bbox 159 2226 1365 2320; baseline 0.005 -26"><span class='ocrx_word' id='word_1_158' title='bbox 159 2242 181 2295; x_wconf 73' lang='lat' dir='ltr'>r</span> <span class='ocrx_word' id='word_1_159' title='bbox 210 2226 288 2298; x_wconf 89' lang='grc'>171</span> <span class='ocrx_word' id='word_1_160' title='bbox 312 2235 479 2302; x_wconf 87' lang='lat' dir='ltr'>observata</span> <span class='ocrx_word' id='word_1_161' title='bbox 503 2239 592 2318; x_wconf 90' lang='lat' dir='ltr'>sunt,</span> <span class='ocrx_word' id='word_1_162' title='bbox 617 2234 708 2300; x_wconf 87' lang='lat' dir='ltr'>facile</span> <span class='ocrx_word' id='word_1_163' title='bbox 732 2254 788 2298; x_wconf 92' lang='lat' dir='ltr'>nos</span> <span class='ocrx_word' id='word_1_164' title='bbox 812 2233 888 2318; x_wconf 91' lang='lat' dir='ltr'>qnid</span> <span class='ocrx_word' id='word_1_165' title='bbox 911 2237 1090 2318; x_wconf 89' lang='lat' dir='ltr'>requiratur</span> <span class='ocrx_word' id='word_1_166' title='bbox 1113 2234 1222 2300; x_wconf 90' lang='lat' dir='ltr'>docere</span> <span class='ocrx_word' id='word_1_167' title='bbox 1245 2237 1365 2320; x_wconf 92' lang='lat' dir='ltr'>potuis·</span> 
     </span>
     <span class='ocr_line' id='line_1_20' title="bbox 158 2333 1365 2434; baseline 0.016 -48"><span class='ocrx_word' id='word_1_168' title='bbox 158 2333 220 2394; x_wconf 91' lang='lat' dir='ltr'>set.</span> <span class='ocrx_word' id='word_1_169' title='bbox 269 2338 316 2405; x_wconf 92' lang='lat' dir='ltr'>Ibi</span> <span class='ocrx_word' id='word_1_170' title='bbox 341 2342 426 2405; x_wconf 91' lang='lat' dir='ltr'>enim</span> <span class='ocrx_word' id='word_1_171' title='bbox 451 2341 489 2406; x_wconf 93' lang='lat' dir='ltr'>ad</span> <span class='ocrx_word' id='word_1_172' title='bbox 514 2340 722 2406; x_wconf 90' lang='lat' dir='ltr'>Homericum</span> <span class='ocrx_word' id='word_1_173' title='bbox 747 2342 834 2414; x_wconf 78' lang='grc' dir='ltr'><strong><em>νύοον</em></strong></span> <span class='ocrx_word' id='word_1_174' title='bbox 859 2340 908 2405; x_wconf 73' lang='grc' dir='ltr'>ἐπὶ</span> <span class='ocrx_word' id='word_1_175' title='bbox 936 2341 1048 2418; x_wconf 77' lang='grc' dir='ltr'><strong><em>Ψνρύρο</em></strong></span> <span class='ocrx_word' id='word_1_176' title='bbox 1073 2341 1260 2406; x_wconf 88' lang='lat' dir='ltr'>adnotatum</span> <span class='ocrx_word' id='word_1_177' title='bbox 1285 2340 1365 2434; x_wconf 76' lang='lat' dir='ltr'>legi·</span> 
     </span>
     <span class='ocr_line' id='line_1_21' title="bbox 158 2445 1365 2527; baseline 0.006 -23"><span class='ocrx_word' id='word_1_178' title='bbox 158 2449 244 2504; x_wconf 76' lang='lat' dir='ltr'>mus</span> <span class='ocrx_word' id='word_1_179' title='bbox 272 2448 305 2509; x_wconf 88' lang='lat' dir='ltr'>in</span> <span class='ocrx_word' id='word_1_180' title='bbox 326 2445 501 2527; x_wconf 73' lang='lat' dir='ltr'>HQRTM:</span> <span class='ocrx_word' id='word_1_181' title='bbox 526 2447 595 2511; x_wconf 75' lang='grc' dir='ltr'><strong><em>οὶνπὶ</em></strong></span> <span class='ocrx_word' id='word_1_182' title='bbox 620 2452 672 2511; x_wconf 81' lang='grc' dir='ltr'>τοῦ</span> <span class='ocrx_word' id='word_1_183' title='bbox 698 2448 784 2522; x_wconf 73' lang='grc' dir='ltr'><strong><em>παρὰ</em></strong></span> <span class='ocrx_word' id='word_1_184' title='bbox 809 2455 896 2521; x_wconf 75' lang='grc' dir='ltr'><strong><em>νῆσον</em></strong></span> <span class='ocrx_word' id='word_1_185' title='bbox 920 2447 1055 2524; x_wconf 70' lang='lat' dir='ltr'>septas,</span> <span class='ocrx_word' id='word_1_186' title='bbox 1079 2449 1117 2518; x_wconf 77' lang='grc' dir='ltr'>ὦς</span> <span class='ocrx_word' id='word_1_187' title='bbox 1144 2446 1288 2523; x_wconf 50' lang='lat' dir='ltr'>‚forcas</span> <span class='ocrx_word' id='word_1_188' title='bbox 1317 2449 1365 2511; x_wconf 84' lang='grc' dir='ltr'>ἐπ’</span> 
     </span>
     <span class='ocr_line' id='line_1_22' title="bbox 158 2541 1366 2632; baseline 0.005 -18"><span class='ocrx_word' id='word_1_189' title='bbox 158 2541 340 2632; x_wconf 76' lang='grc' dir='ltr'>Οὐλύμπῳ</span> <span class='ocrx_word' id='word_1_190' title='bbox 370 2553 552 2630; x_wconf 79' lang='grc' dir='ltr'><strong><em>μέμασαν.”</em></strong></span> <span class='ocrx_word' id='word_1_191' title='bbox 588 2553 705 2619; x_wconf 84' lang='lat' dir='ltr'>&#39;Potum</span> <span class='ocrx_word' id='word_1_192' title='bbox 738 2554 812 2617; x_wconf 89' lang='lat' dir='ltr'>hinc</span> <span class='ocrx_word' id='word_1_193' title='bbox 844 2559 987 2617; x_wconf 91' lang='lat' dir='ltr'>nostrum</span> <span class='ocrx_word' id='word_1_194' title='bbox 1012 2552 1154 2619; x_wconf 90' lang='lat' dir='ltr'>scholion</span> <span class='ocrx_word' id='word_1_195' title='bbox 1177 2555 1223 2618; x_wconf 89' lang='lat' dir='ltr'>ita</span> <span class='ocrx_word' id='word_1_196' title='bbox 1246 2555 1366 2620; x_wconf 85' lang='lat' dir='ltr'>confor-</span> 
     </span>
     <span class='ocr_line' id='line_1_23' title="bbox 158 2649 1368 2743; baseline 0.007 -26"><span class='ocrx_word' id='word_1_197' title='bbox 158 2649 351 2724; x_wconf 80' lang='lat' dir='ltr'>mabimus:</span> <span class='ocrx_word' id='word_1_198' title='bbox 384 2660 414 2723; x_wconf 80' lang='grc' dir='ltr'><strong><em>ἐν</em></strong></span> <span class='ocrx_word' id='word_1_199' title='bbox 443 2661 498 2737; x_wconf 78' lang='grc' dir='ltr'><strong><em>μὲν</em></strong></span> <span class='ocrx_word' id='word_1_200' title='bbox 524 2660 679 2740; x_wconf 88' lang='grc' dir='ltr'>Ὀλύμπῳ</span> <span class='ocrx_word' id='word_1_201' title='bbox 705 2659 846 2735; x_wconf 75' lang='grc' dir='ltr'>ἠπείλουν</span> <span class='ocrx_word' id='word_1_202' title='bbox 871 2661 925 2734; x_wconf 64' lang='lat' dir='ltr'>riis</span> <span class='ocrx_word' id='word_1_203' title='bbox 950 2658 1062 2741; x_wconf 79' lang='grc' dir='ltr'><strong><em>μύχνν</em></strong></span> <span class='ocrx_word' id='word_1_204' title='bbox 1086 2667 1199 2743; x_wconf 79' lang='grc' dir='ltr'><strong><em>ποιεῖν,</em></strong></span> <span class='ocrx_word' id='word_1_205' title='bbox 1224 2661 1310 2737; x_wconf 73' lang='grc' dir='ltr'><strong><em>μετὰ</em></strong></span> <span class='ocrx_word' id='word_1_206' title='bbox 1337 2661 1368 2726; x_wconf 75' lang='grc' dir='ltr'>δὲ</span> 
     </span>
     <span class='ocr_line' id='line_1_24' title="bbox 158 2754 1368 2854; baseline 0.006 -30"><span class='ocrx_word' id='word_1_207' title='bbox 158 2754 292 2838; x_wconf 65' lang='grc' dir='ltr'>τοῑύἰνρν</span> <span class='ocrx_word' id='word_1_208' title='bbox 323 2765 385 2844; x_wconf 78' lang='grc' dir='ltr'><strong><em>ύροο</em></strong></span> <span class='ocrx_word' id='word_1_209' title='bbox 416 2765 473 2847; x_wconf 83' lang='grc' dir='ltr'><strong><em>ὄρει</em></strong></span> <span class='ocrx_word' id='word_1_210' title='bbox 498 2767 708 2847; x_wconf 71' lang='grc' dir='ltr'><strong><em>ὑπερβαλεῖν</em></strong></span> <span class='ocrx_word' id='word_1_211' title='bbox 733 2767 784 2831; x_wconf 75' lang='grc' dir='ltr'>καὶ</span> <span class='ocrx_word' id='word_1_212' title='bbox 811 2775 935 2845; x_wconf 81' lang='grc' dir='ltr'><strong><em>κρατεῖν</em></strong></span> <span class='ocrx_word' id='word_1_213' title='bbox 959 2772 1013 2830; x_wconf 84' lang='grc' dir='ltr'>ποῦ</span> <span class='ocrx_word' id='word_1_214' title='bbox 1042 2767 1234 2854; x_wconf 79' lang='grc' dir='ltr'><strong><em>(ούρανοῦ.</em></strong></span> <span class='ocrx_word' id='word_1_215' title='bbox 1261 2767 1307 2830; x_wconf 78' lang='grc' dir='ltr'>τύ</span> <span class='ocrx_word' id='word_1_216' title='bbox 1329 2767 1368 2831; x_wconf 74' lang='grc' dir='ltr'>δὲ</span> 
     </span>
     <span class='ocr_line' id='line_1_25' title="bbox 163 2855 1367 2958; baseline 0.002 -22"><span class='ocrx_word' id='word_1_217' title='bbox 163 2855 270 2955; x_wconf 57' lang='lat'>⁸32⁹)</span> <span class='ocrx_word' id='word_1_218' title='bbox 300 2873 526 2955; x_wconf 88' lang='grc' dir='ltr'>ούλύμπῳ”</span> <span class='ocrx_word' id='word_1_219' title='bbox 558 2874 626 2939; x_wconf 67' lang='lat' dir='ltr'>deri</span> <span class='ocrx_word' id='word_1_220' title='bbox 657 2877 710 2938; x_wconf 84' lang='grc' dir='ltr'>πού</span> <span class='ocrx_word' id='word_1_221' title='bbox 735 2874 822 2953; x_wconf 81' lang='grc' dir='ltr'><strong><em>παρύι</em></strong></span> <span class='ocrx_word' id='word_1_222' title='bbox 847 2873 1009 2952; x_wconf 80' lang='grc' dir='ltr'>Ὀλύμπῳ</span> <span class='ocrx_word' id='word_1_223' title='bbox 1035 2872 1189 2956; x_wconf 88' lang='lat' dir='ltr'>(multum</span> <span class='ocrx_word' id='word_1_224' title='bbox 1210 2879 1367 2958; x_wconf 88' lang='lat' dir='ltr'>praestat:</span> 
     </span>
     <span class='ocr_line' id='line_1_26' title="bbox 158 2954 1369 3080; baseline 0.004 -43"><span class='ocrx_word' id='word_1_225' title='bbox 158 2954 385 3080; x_wconf 53' lang='grc' dir='ltr'><strong><em>ΞΟλυμπον),</em></strong></span> <span class='ocrx_word' id='word_1_226' title='bbox 408 2977 455 3044; x_wconf 78' lang='grc' dir='ltr'><strong><em>ἵνα</em></strong></span> <span class='ocrx_word' id='word_1_227' title='bbox 481 2979 516 3056; x_wconf 78' lang='grc' dir='ltr'>ἒξ</span> <span class='ocrx_word' id='word_1_228' title='bbox 539 2979 603 3045; x_wconf 73' lang='grc' dir='ltr'><strong><em>ἴσον</em></strong></span> <span class='ocrx_word' id='word_1_229' title='bbox 629 2986 820 3056; x_wconf 83' lang='grc' dir='ltr'><strong><em>πολεμῶσιν,</em></strong></span> <span class='ocrx_word' id='word_1_230' title='bbox 846 2981 871 3043; x_wconf 82' lang='grc' dir='ltr'>οἱ</span> <span class='ocrx_word' id='word_1_231' title='bbox 897 2980 952 3055; x_wconf 79' lang='grc' dir='ltr'><strong><em>μὲν</em></strong></span> <span class='ocrx_word' id='word_1_232' title='bbox 975 2976 1008 3054; x_wconf 79' lang='grc' dir='ltr'>ἐξ</span> <span class='ocrx_word' id='word_1_233' title='bbox 1027 2979 1211 3056; x_wconf 87' lang='grc' dir='ltr'><strong><em>Ὀλύμπου,</em></strong></span> <span class='ocrx_word' id='word_1_234' title='bbox 1233 2981 1259 3044; x_wconf 80' lang='lat' dir='ltr'>ot</span> <span class='ocrx_word' id='word_1_235' title='bbox 1283 2979 1314 3044; x_wconf 72' lang='grc' dir='ltr'>δὲ</span> <span class='ocrx_word' id='word_1_236' title='bbox 1334 2980 1369 3057; x_wconf 74' lang='grc' dir='ltr'>ἐξ</span> 
     </span>
     <span class='ocr_line' id='line_1_27' title="bbox 180 3075 1368 3172; baseline 0.004 -26"><span class='ocrx_word' id='word_1_237' title='bbox 180 3075 302 3158; x_wconf 65' lang='lat' dir='ltr'>Ocrea.</span> <span class='ocrx_word' id='word_1_238' title='bbox 351 3086 393 3150; x_wconf 74' lang='lat' dir='ltr'>bt</span> <span class='ocrx_word' id='word_1_239' title='bbox 415 3089 461 3152; x_wconf 89' lang='lat' dir='ltr'>sic</span> <span class='ocrx_word' id='word_1_240' title='bbox 486 3087 596 3151; x_wconf 90' lang='lat' dir='ltr'>eadem</span> <span class='ocrx_word' id='word_1_241' title='bbox 620 3108 713 3172; x_wconf 90' lang='lat' dir='ltr'>opera</span> <span class='ocrx_word' id='word_1_242' title='bbox 737 3091 768 3150; x_wconf 91' lang='lat' dir='ltr'>et</span> <span class='ocrx_word' id='word_1_243' title='bbox 791 3086 938 3159; x_wconf 88' lang='lat' dir='ltr'>lacunam</span> <span class='ocrx_word' id='word_1_244' title='bbox 960 3084 1140 3170; x_wconf 89' lang='lat' dir='ltr'>suppletam</span> <span class='ocrx_word' id='word_1_245' title='bbox 1161 3085 1315 3151; x_wconf 86' lang='lat' dir='ltr'>habemns</span> <span class='ocrx_word' id='word_1_246' title='bbox 1336 3093 1368 3151; x_wconf 90' lang='lat' dir='ltr'>et</span> 
     </span>
     <span class='ocr_line' id='line_1_28' title="bbox 162 3182 1365 3277; baseline 0 -21"><span class='ocrx_word' id='word_1_247' title='bbox 162 3182 322 3273; x_wconf 52' lang='lat' dir='ltr'>apparet,</span> <span class='ocrx_word' id='word_1_248' title='bbox 357 3192 440 3257; x_wconf 90' lang='lat' dir='ltr'>unde</span> <span class='ocrx_word' id='word_1_249' title='bbox 475 3193 640 3268; x_wconf 84' lang='grc' dir='ltr'><strong><em>Ὀλύμπου</em></strong></span> <span class='ocrx_word' id='word_1_250' title='bbox 677 3196 831 3277; x_wconf 87' lang='lat' dir='ltr'>scriptum</span> <span class='ocrx_word' id='word_1_251' title='bbox 863 3194 906 3256; x_wconf 90' lang='lat' dir='ltr'>sit</span> <span class='ocrx_word' id='word_1_252' title='bbox 937 3213 1012 3255; x_wconf 92' lang='lat' dir='ltr'>cum</span> <span class='ocrx_word' id='word_1_253' title='bbox 1045 3192 1166 3271; x_wconf 85' lang='grc' dir='ltr'><strong><em>ούρανοῦ</em></strong></span> <span class='ocrx_word' id='word_1_254' title='bbox 1199 3198 1365 3277; x_wconf 86' lang='lat' dir='ltr'>oporteret.</span> 
     </span>
     <span class='ocr_line' id='line_1_29' title="bbox 162 3265 1368 3385; baseline 0.002 -25"><span class='ocrx_word' id='word_1_255' title='bbox 162 3265 298 3383; x_wconf 51' lang='lat' dir='ltr'>I‘lempe</span> <span class='ocrx_word' id='word_1_256' title='bbox 321 3301 448 3364; x_wconf 89' lang='lat' dir='ltr'>omissis</span> <span class='ocrx_word' id='word_1_257' title='bbox 471 3299 569 3364; x_wconf 92' lang='lat' dir='ltr'>semel</span> <span class='ocrx_word' id='word_1_258' title='bbox 591 3321 671 3385; x_wconf 88' lang='lat' dir='ltr'>quae</span> <span class='ocrx_word' id='word_1_259' title='bbox 694 3301 903 3374; x_wconf 83' lang='lat' dir='ltr'>retraximus,</span> <span class='ocrx_word' id='word_1_260' title='bbox 931 3297 1093 3377; x_wconf 80' lang='grc' dir='ltr'>Οὐλύμπῳ</span> <span class='ocrx_word' id='word_1_261' title='bbox 1118 3304 1292 3362; x_wconf 91' lang='lat' dir='ltr'>correctum</span> <span class='ocrx_word' id='word_1_262' title='bbox 1319 3304 1368 3363; x_wconf 90' lang='lat' dir='ltr'>est</span> 
     </span>
     <span class='ocr_line' id='line_1_30' title="bbox 161 3398 1455 3489; baseline -0.005 -21"><span class='ocrx_word' id='word_1_263' title='bbox 161 3398 297 3468; x_wconf 56' lang='lat' dir='ltr'>sscilieet</span> <span class='ocrx_word' id='word_1_264' title='bbox 319 3406 353 3468; x_wconf 92' lang='lat' dir='ltr'>in</span> <span class='ocrx_word' id='word_1_265' title='bbox 376 3404 553 3482; x_wconf 89' lang='grc' dir='ltr'><strong><em>Ὀλύμπου.</em></strong></span> <span class='ocrx_word' id='word_1_266' title='bbox 600 3406 727 3470; x_wconf 82' lang='lat' dir='ltr'>Falsam</span> <span class='ocrx_word' id='word_1_267' title='bbox 752 3425 818 3469; x_wconf 88' lang='lat' dir='ltr'>esee</span> <span class='ocrx_word' id='word_1_268' title='bbox 842 3424 949 3468; x_wconf 88' lang='lat' dir='ltr'>eorum</span> <span class='ocrx_word' id='word_1_269' title='bbox 975 3404 1287 3488; x_wconf 90' lang='lat' dir='ltr'>interpretationem,</span> <span class='ocrx_word' id='word_1_270' title='bbox 1313 3407 1369 3489; x_wconf 90' lang='lat' dir='ltr'>qui</span> <span class='ocrx_word' id='word_1_271' title='bbox 1453 3457 1455 3462; x_wconf 89' lang='lat'>.</span> 
     </span>
     <span class='ocr_line' id='line_1_31' title="bbox 161 3492 1413 3597; baseline 0.002 -24"><span class='ocrx_word' id='word_1_272' title='bbox 161 3492 225 3573; x_wconf 56' lang='grc' dir='ltr'>ἐπ’</span> <span class='ocrx_word' id='word_1_273' title='bbox 259 3511 424 3590; x_wconf 84' lang='grc' dir='ltr'>Οὐλύμπῳ</span> <span class='ocrx_word' id='word_1_274' title='bbox 455 3514 535 3577; x_wconf 83' lang='lat' dir='ltr'>serio</span> <span class='ocrx_word' id='word_1_275' title='bbox 565 3513 637 3589; x_wconf 81' lang='grc' dir='ltr'><strong><em>παρ’</em></strong></span> <span class='ocrx_word' id='word_1_276' title='bbox 659 3512 827 3586; x_wconf 83' lang='grc' dir='ltr'><strong><em>Ὄλυμπον</em></strong></span> <span class='ocrx_word' id='word_1_277' title='bbox 853 3512 950 3594; x_wconf 76' lang='lat' dir='ltr'>(iusto</span> <span class='ocrx_word' id='word_1_278' title='bbox 974 3508 1162 3596; x_wconf 80' lang='lat' dir='ltr'>Olympum)</span> <span class='ocrx_word' id='word_1_279' title='bbox 1190 3507 1369 3597; x_wconf 75' lang='lat' dir='ltr'>significare</span> <span class='ocrx_word' id='word_1_280' title='bbox 1408 3540 1413 3550; x_wconf 93' lang='lat'>·</span> 
     </span>
     <span class='ocr_line' id='line_1_32' title="bbox 159 3613 1369 3702; baseline -0.003 -20"><span class='ocrx_word' id='word_1_281' title='bbox 159 3615 264 3691; x_wconf 70' lang='lat' dir='ltr'>Dosse</span> <span class='ocrx_word' id='word_1_282' title='bbox 294 3617 357 3681; x_wconf 89' lang='lat' dir='ltr'>sibi</span> <span class='ocrx_word' id='word_1_283' title='bbox 388 3618 636 3702; x_wconf 88' lang='lat' dir='ltr'>persuadebant,</span> <span class='ocrx_word' id='word_1_284' title='bbox 669 3618 771 3682; x_wconf 90' lang='lat' dir='ltr'>dicere</span> <span class='ocrx_word' id='word_1_285' title='bbox 794 3616 870 3701; x_wconf 89' lang='lat' dir='ltr'>quid</span> <span class='ocrx_word' id='word_1_286' title='bbox 894 3613 1029 3680; x_wconf 82' lang='lat' dir='ltr'>attinet?</span> <span class='ocrx_word' id='word_1_287' title='bbox 1052 3613 1286 3680; x_wconf 85' lang='lat' dir='ltr'>Obversabatur</span> <span class='ocrx_word' id='word_1_288' title='bbox 1308 3618 1369 3693; x_wconf 86' lang='lat' dir='ltr'>iis,</span> 
     </span>
     <span class='ocr_line' id='line_1_33' title="bbox 157 3720 1342 3809; baseline -0.003 -21"><span class='ocrx_word' id='word_1_289' title='bbox 157 3723 281 3800; x_wconf 69' lang='lat' dir='ltr'>credo,</span> <span class='ocrx_word' id='word_1_290' title='bbox 307 3723 475 3808; x_wconf 90' lang='lat' dir='ltr'>descriptio</span> <span class='ocrx_word' id='word_1_291' title='bbox 499 3723 758 3789; x_wconf 83' lang='lat' dir='ltr'>&#39;I&#39;itanomachiae</span> <span class='ocrx_word' id='word_1_292' title='bbox 782 3722 865 3807; x_wconf 91' lang='lat' dir='ltr'>apud</span> <span class='ocrx_word' id='word_1_293' title='bbox 890 3721 1067 3787; x_wconf 89' lang='lat' dir='ltr'>Hesiodum</span> <span class='ocrx_word' id='word_1_294' title='bbox 1087 3723 1120 3783; x_wconf 91' lang='lat' dir='ltr'>in</span> <span class='ocrx_word' id='word_1_295' title='bbox 1141 3720 1342 3809; x_wconf 82' lang='lat' dir='ltr'>Theogonia:</span> 
     </span>
     <span class='ocr_line' id='line_1_34' title="bbox 313 3825 1141 3907; baseline -0.004 -15"><span class='ocrx_word' id='word_1_296' title='bbox 313 3829 396 3907; x_wconf 70' lang='lat' dir='ltr'>lapda</span> <span class='ocrx_word' id='word_1_297' title='bbox 421 3829 483 3906; x_wconf 77' lang='grc' dir='ltr'><strong><em>μύιρ</em></strong></span> <span class='ocrx_word' id='word_1_298' title='bbox 508 3829 681 3907; x_wconf 75' lang='grc' dir='ltr'><strong><em>μάρναντο,</em></strong></span> <span class='ocrx_word' id='word_1_299' title='bbox 707 3829 792 3892; x_wconf 89' lang='grc' dir='ltr'><strong><em>πύνον</em></strong></span> <span class='ocrx_word' id='word_1_300' title='bbox 818 3825 974 3905; x_wconf 75' lang='grc' dir='ltr'><strong><em>θυμαλγέ’</em></strong></span> <span class='ocrx_word' id='word_1_301' title='bbox 1000 3826 1141 3906; x_wconf 80' lang='grc' dir='ltr'><strong><em>ἔχοντες,</em></strong></span> 
     </span>
     <span class='ocr_line' id='line_1_35' title="bbox 311 3931 1225 4010; baseline -0.002 -12"><span class='ocrx_word' id='word_1_302' title='bbox 311 3935 440 4008; x_wconf 73' lang='grc' dir='ltr'><strong><em>Τιτῆνές</em></strong></span> <span class='ocrx_word' id='word_1_303' title='bbox 464 3960 499 4000; x_wconf 85' lang='grc' dir='ltr'>τε</span> <span class='ocrx_word' id='word_1_304' title='bbox 524 3935 580 4000; x_wconf 74' lang='grc' dir='ltr'><strong><em>θεοὶ</em></strong></span> <span class='ocrx_word' id='word_1_305' title='bbox 606 3936 657 3999; x_wconf 73' lang='grc' dir='ltr'>καὶ</span> <span class='ocrx_word' id='word_1_306' title='bbox 682 3931 743 3999; x_wconf 74' lang='lat' dir='ltr'>dccc</span> <span class='ocrx_word' id='word_1_307' title='bbox 769 3933 877 4007; x_wconf 78' lang='grc' dir='ltr'><strong><em>Κρόνου</em></strong></span> <span class='ocrx_word' id='word_1_308' title='bbox 901 3934 935 4008; x_wconf 75' lang='grc' dir='ltr'>ἐξ</span> <span class='ocrx_word' id='word_1_309' title='bbox 958 3934 1111 4010; x_wconf 78' lang='grc' dir='ltr'><strong><em>ἐγένοντο·</em></strong></span> <span class='ocrx_word' id='word_1_310' title='bbox 1139 3969 1190 3983; x_wconf 91' lang='grc'>--</span> <span class='ocrx_word' id='word_1_311' title='bbox 1207 3969 1225 3982; x_wconf 89' lang='grc'>-</span> 
     </span>
     <span class='ocr_line' id='line_1_36' title="bbox 311 4041 1112 4122; baseline 0 -18"><span class='ocrx_word' id='word_1_312' title='bbox 311 4042 337 4106; x_wconf 76' lang='grc' dir='ltr'>ού</span> <span class='ocrx_word' id='word_1_313' title='bbox 360 4044 417 4118; x_wconf 75' lang='grc' dir='ltr'><strong><em>μὲν</em></strong></span> <span class='ocrx_word' id='word_1_314' title='bbox 441 4045 501 4122; x_wconf 72' lang='grc' dir='ltr'>ἀφ’</span> <span class='ocrx_word' id='word_1_315' title='bbox 525 4043 646 4120; x_wconf 71' lang='grc' dir='ltr'>ὑψηλῆς</span> <span class='ocrx_word' id='word_1_316' title='bbox 667 4042 795 4120; x_wconf 83' lang='grc' dir='ltr'><strong><em>’Όύρνος</em></strong></span> <span class='ocrx_word' id='word_1_317' title='bbox 820 4050 950 4114; x_wconf 74' lang='grc' dir='ltr'><strong><em>Τιτῆνος</em></strong></span> <span class='ocrx_word' id='word_1_318' title='bbox 977 4041 1112 4116; x_wconf 72' lang='grc' dir='ltr'><strong><em>ἀγαυοί,</em></strong></span> 
     </span>
     <span class='ocr_line' id='line_1_37' title="bbox 309 4145 1368 4233; baseline 0 -21"><span class='ocrx_word' id='word_1_319' title='bbox 309 4145 335 4212; x_wconf 73' lang='grc' dir='ltr'>οἱ</span> <span class='ocrx_word' id='word_1_320' title='bbox 358 4149 384 4213; x_wconf 79' lang='grc' dir='ltr'>δ’</span> <span class='ocrx_word' id='word_1_321' title='bbox 409 4146 457 4229; x_wconf 79' lang='grc' dir='ltr'>ἄρ’</span> <span class='ocrx_word' id='word_1_322' title='bbox 476 4150 531 4212; x_wconf 68' lang='grc' dir='ltr'>ἀπ’</span> <span class='ocrx_word' id='word_1_323' title='bbox 557 4148 736 4225; x_wconf 88' lang='grc' dir='ltr'><strong><em>Ούλύμποιο</em></strong></span> <span class='ocrx_word' id='word_1_324' title='bbox 762 4148 820 4212; x_wconf 72' lang='lat' dir='ltr'>troi</span> <span class='ocrx_word' id='word_1_325' title='bbox 831 4198 838 4224; x_wconf 89' lang='lat'>‚</span> <span class='ocrx_word' id='word_1_326' title='bbox 864 4148 991 4225; x_wconf 73' lang='grc' dir='ltr'><strong><em>δωτῆρες</em></strong></span> <span class='ocrx_word' id='word_1_327' title='bbox 1015 4146 1101 4211; x_wconf 82' lang='grc' dir='ltr'><strong><em>ἕύιον.</em></strong></span> <span class='ocrx_word' id='word_1_328' title='bbox 1117 4147 1176 4233; x_wconf 84' lang='lat' dir='ltr'>(vs.</span> <span class='ocrx_word' id='word_1_329' title='bbox 1192 4145 1256 4212; x_wconf 78' lang='lat'>629</span> <span class='ocrx_word' id='word_1_330' title='bbox 1270 4151 1368 4233; x_wconf 88' lang='lat' dir='ltr'>seqq.)</span> 
     </span>
     <span class='ocr_line' id='line_1_38' title="bbox 159 4253 1368 4343; baseline 0.001 -24"><span class='ocrx_word' id='word_1_331' title='bbox 159 4253 256 4319; x_wconf 76' lang='lat' dir='ltr'>unde</span> <span class='ocrx_word' id='word_1_332' title='bbox 288 4259 356 4319; x_wconf 87' lang='lat' dir='ltr'>tam</span> <span class='ocrx_word' id='word_1_333' title='bbox 386 4254 515 4320; x_wconf 89' lang='lat' dir='ltr'>mirifice</span> <span class='ocrx_word' id='word_1_334' title='bbox 540 4253 713 4320; x_wconf 90' lang='lat' dir='ltr'>Homerica</span> <span class='ocrx_word' id='word_1_335' title='bbox 737 4275 860 4340; x_wconf 91' lang='lat' dir='ltr'>qnoque</span> <span class='ocrx_word' id='word_1_336' title='bbox 885 4253 1103 4343; x_wconf 83' lang='lat' dir='ltr'>explicabant,</span> <span class='ocrx_word' id='word_1_337' title='bbox 1129 4255 1233 4322; x_wconf 84' lang='lat' dir='ltr'>verbis</span> <span class='ocrx_word' id='word_1_338' title='bbox 1258 4260 1368 4342; x_wconf 74' lang='lat' dir='ltr'>poetae</span> 
     </span>
     <span class='ocr_line' id='line_1_39' title="bbox 165 4360 577 4445; baseline 0.002 -20"><span class='ocrx_word' id='word_1_339' title='bbox 165 4365 282 4445; x_wconf 66' lang='lat' dir='ltr'>aperte</span> <span class='ocrx_word' id='word_1_340' title='bbox 305 4361 373 4426; x_wconf 86' lang='lat' dir='ltr'>rim</span> <span class='ocrx_word' id='word_1_341' title='bbox 397 4360 577 4426; x_wconf 84' lang='lat' dir='ltr'>inferentes.</span> 
     </span>
    </p>
   </div>
   <div class='ocr_carea' id='block_1_3' title="bbox 0 0 1494 4950">
    <p class='ocr_par' dir='ltr' id='par_1_3' title="bbox 0 0 1494 4950">
     <span class='ocr_line' id='line_1_40' title="bbox 0 0 1494 4950; baseline 0 4"><span class='ocrx_word' id='word_1_342' title='bbox 0 0 1494 4950; x_wconf 95' lang='lat' dir='ltr'> </span> 
     </span>
    </p>
   </div>
  </div>
 </body>
</html>
