2978 4950
671 232 692 301 8

28 504 31 514 ,
85 429 236 494 tutionem
271 429 412 512 positum
447 431 512 509 est,
544 425 714 512 permultis
745 426 822 492 locis
852 426 1084 496 difficilioribus
1111 427 1266 499 Codicum

83 535 177 598 etiam
209 540 432 620 corruptorum
463 532 613 598 lectiones
644 553 706 598 non
729 531 867 598 fideliter
889 542 1118 620 repraesentet,
1141 540 1176 603 in
1197 539 1271 625 plu·

81 639 168 705 ribus
197 660 260 705 non
291 644 523 724 repraesentare
553 639 726 705 censendus
758 641 819 723 sit,
845 677 886 687 —
912 641 995 726 quod
1025 644 1089 720 sic,
1120 646 1269 729 inquam,

79 767 172 812 omne
213 766 305 832 saepe
346 744 590 810 fundamentum
634 748 771 830 corruit,
814 747 866 810 cni
910 749 981 832 quis
1016 745 1269 816 coniecturarum

79 871 252 939 conpagem
284 856 491 937 superstruat.
538 849 600 916 Sed
630 851 695 915 sint
726 850 784 916 illa
816 856 852 916 nt
882 871 949 917 esse
979 851 1112 924 dehent.
1142 876 1205 946 non
1233 865 1271 922 ut

78 965 169 1036 sunt,
205 959 316 1023 ideone
351 957 628 1024 emendationibus
658 977 697 1021 ex
727 959 857 1045 ingenio
887 958 1037 1043 profectis
1068 962 1269 1045 supersedere

77 1071 148 1130 tuto
178 1061 376 1150 poterimus?
409 1062 481 1128 Hoc
512 1063 641 1147 quidem
666 1083 760 1128 nemo
782 1065 816 1127 in
838 1060 1009 1130 Codicibns
1032 1062 1163 1132 Graecis
1190 1074 1270 1134 truc-

77 1171 181 1236 tendis
223 1168 276 1236 rel
316 1169 520 1235 mediocriter
554 1175 698 1234 vermtus
731 1168 919 1244 affirmabit,
954 1173 1099 1236 omnium
1135 1177 1268 1241 minime

75 1275 302 1353 Lndwichius,
338 1277 393 1361 qui
424 1277 493 1361 ipse
526 1275 561 1339 in
594 1273 655 1340 line
689 1276 968 1341 commentationis
1002 1298 1077 1344 suae
1111 1280 1267 1365 quaedam

74 1389 184 1469 aperta
215 1379 370 1447 Codicum
401 1380 671 1458 πλημμελήματα
695 1383 859 1468 ingeniose
879 1384 1083 1450 coniectando
1106 1388 1268 1455 euidenter

73 1492 222 1555 correxit.
272 1485 372 1555 Cuius
395 1486 551 1573 exemplis
573 1507 657 1552 nunc
679 1487 757 1553 haec
780 1508 853 1553 mea
875 1489 1035 1555 accedant.

118 1619 148 1672 1,
175 1596 251 1660 252.
282 1595 322 1660 ad
345 1594 479 1660 Homeri
504 1592 615 1659 verba:
639 1589 660 1657 ὦ
683 1590 792 1669 ξεῖναι,
818 1594 896 1668 τίνες
921 1595 1009 1672 terh
1035 1597 1095 1663 hoc
1112 1597 1265 1667 Scholion

68 1702 267 1788 adscriptum
292 1703 396 1766 estin
420 1699 464 1765 T:
488 1700 609 1777 odire
633 1700 750 1781 ζητεῖ
771 1707 834 1772 πῶς
858 1710 928 1774 ταῖς
955 1704 1102 1777 eiulatum
1125 1708 1262 1784 ducalem

68 1816 187 1888 χρῆται
222 1805 482 1894 (Polyphemus),
517 1805 601 1885 εἴπερ
633 1804 689 1882 ἔξω
720 1806 877 1888 τυγχάνει
907 1816 962 1884 τῆς
990 1810 1165 1888 οἰκουμένης
1194 1814 1261 1880 ἐπὶ

68 1915 196 1994 τούτῳ
218 1915 270 1995 τῷ
295 1915 419 1994 λόγῳ.
441 1913 508 1978 καὶ
529 1914 576 1977 τὰ
598 1913 688 1990 περὶ
709 1914 802 1986 τοὺς
825 1915 1012 1989 Φαίακας
1033 1917 1259 1986 ἀνασκευα-

67 2045 201 2098 roure.
226 2021 306 2092 εἰκὸς
330 2017 454 2085 οὖνκαὶ
480 2019 595 2092 ἄλλους
620 2022 847 2093 πεπλανῆσθαι.
895 2020 947 2087 Sic
971 2021 1125 2089 Dindorlii
1150 2026 1258 2094 editio.

67 2130 112 2214 (p.
145 2126 225 2212 426,
260 2128 281 2192 l.
312 2126 466 2214 18-21.)
513 2126 670 2213 Descripsi
704 2131 811 2192 totum
843 2125 1009 2213 Scholion,
1040 2132 1193 2198 miserum
1224 2136 1258 2200 in

65 2235 199 2301 modum
223 2239 409 2318 corruptum
433 2241 527 2319 atque
550 2235 783 2298 inconcinnum.
831 2232 878 2300 De
901 2237 1058 2301 sententia
1080 2237 1171 2305 nulla
1190 2260 1257 2307 esse

65 2345 170 2426 potest
201 2340 372 2405 dubitatio.
404 2337 667 2405 Criminationem
699 2341 804 2417 euim,
836 2338 1010 2406 absurdum
1041 2343 1143 2409 videri
1173 2346 1257 2432 quod

65 2445 230 2514 Homerus
260 2446 331 2516 τοὺς
364 2445 635 2522 tauromenium
666 2444 797 2511 inducat
828 2442 948 2512 Graece
978 2447 1196 2538 intelligentes
1225 2459 1257 2519 et

65 2550 187 2620 Graeco
230 2573 375 2619 sermone
414 2550 666 2624 confabulantes,
708 2552 834 2636 saepius
869 2554 1013 2641 tetigisse
1048 2555 1198 2623 videntur
1232 2560 1257 2624 ol

63 2660 184 2724 λυτικοί
192 2706 202 2737 ,
227 2679 402 2743 eorumque
419 2678 514 2723 ceusu
532 2660 600 2743 ipse
620 2655 823 2722 Aristarchus
842 2659 876 2721 iu
895 2655 1118 2727 laudatissimo
1129 2661 1257 2730 Scholia

63 2765 105 2831 ad
134 2790 177 2844 y,
203 2761 259 2840 71,
291 2765 348 2830 ubi
378 2765 455 2829 haec
478 2763 588 2830 eadem
612 2764 723 2829 verbu:
748 2760 769 2828 ὦ
794 2762 882 2839 ξεῖναι
906 2779 977 2830 κτλ.
1001 2776 1186 2854 occurrunt,
1209 2771 1255 2837 δα-

62 2871 131 2936 πὲαν
165 2871 217 2946 δέ,
253 2869 367 2954 merle,
402 2869 630 2956 (Aristarchus)
661 2871 703 2946 τῷ
737 2878 848 2950 ποιητῇ
879 2870 1092 2958 τὰτοιαῦτα,
1116 2876 1168 2940 καὶ
1192 2878 1256 2959 γὰρ

63 2982 138 3042 ναῦν
170 2976 265 3043 αὐτὸν
300 2975 467 3064 (Cyclopa)
498 2975 637 3056 παράγει
669 2974 773 3040 εἰδότα
806 3011 848 3024 -
863 3013 961 3026 --
986 2979 1039 3042 καὶ
1071 2980 1259 3057 συνίησιν

61 3083 286 3156 Ἑλληνίδα
317 3083 461 3166 φωνήν.
509 3081 628 3147 Verum
660 3081 736 3167 quid
767 3083 829 3147 sibi
857 3080 929 3148 vult
952 3089 1131 3150 monstrum
1155 3087 1255 3168 illud,

62 3211 106 3256 ne
134 3196 268 3256 accentu
297 3187 426 3274 quidem
457 3193 625 3263 ornatum,
651 3187 772 3264 oeteo
798 3185 906 3267 ζητεῑῖ
932 3186 1146 3276 „Corruptum
1173 3197 1256 3278 ast”;

63 3293 249 3362 Dindorfius
281 3295 400 3380 inquit,
437 3293 655 3372 „desideratur
685 3313 801 3358 nomen
822 3295 1060 3381 grammatici.”
1105 3301 1258 3370 Attamen

62 3402 122 3467 vix
155 3401 248 3467 credo
282 3421 321 3466 ex
355 3399 539 3476 elementis,
570 3420 609 3463 ex
641 3398 758 3484 quibus
790 3397 882 3476 oete
915 3408 1052 3480 constat,
1088 3403 1258 3492 aliquando

62 3528 181 3573 nomen
215 3506 422 3594 grammatici
457 3503 571 3573 Graeci
603 3510 730 3570 erutum
764 3507 815 3570 iri.
862 3504 930 3571 Nec
964 3527 1043 3593 opus
1074 3516 1139 3589 est,
1163 3517 1257 3581 utin

62 3613 221 3679 laboriosa
247 3614 492 3694 investigatione
523 3609 724 3676 desudemus.
750 3608 855 3676 Codex
877 3613 945 3697 ipse
969 3633 1082 3679 verum
1107 3620 1255 3702 praebet,

62 3717 122 3784 sed
144 3718 251 3784 omnia
273 3717 338 3784 alia
357 3737 452 3802 quam
470 3718 677 3804 grammatici
697 3716 862 3782 cniusdam
884 3736 1000 3783 nomen
1021 3726 1077 3786 ant
1095 3727 1256 3795 notitiam.

63 3822 154 3905 Quid
179 3826 281 3911 igitur
310 3821 427 3889 hahet?
456 3823 583 3889 Habet:
617 3822 658 3886 αὖ
682 3823 746 3887 δεῖ
767 3822 923 3906 ζητεῖν,
948 3844 1011 3909 quo
1034 3828 1164 3896 invento
1186 3832 1255 3921 glo-

63 3932 170 3995 riatur
190 3929 414 4013 Ludwichius,
439 3931 525 4006 inre,
549 3931 610 3994 etsi
632 3935 756 4014 poterat
778 3928 910 3994 sonasse
931 3929 1045 3998 lenius.
1074 3933 1145 4002 Hoc
1169 3939 1254 4005 idem

63 4043 101 4101 et
134 4036 199 4118 ipse
219 4038 252 4100 in
276 4037 422 4122 margine
445 4034 636 4120 exemplaris
659 4037 724 4100 mci
747 4033 869 4099 dudum
893 4033 1133 4115 adnotaveram,
1158 4044 1253 4112 colla·

64 4142 113 4205 tis
137 4165 173 4217 κ,
198 4143 256 4206 20:
281 4143 428 4215 εἴληπται
451 4142 507 4219 μὲν
531 4140 566 4204 τὸ
590 4139 729 4216 πλάσμα
753 4139 826 4217 πρὸς
850 4140 902 4203 τὸν
926 4144 1039 4222 καιρόν,
1062 4145 1103 4210 διὸ
1126 4150 1166 4213 οὐ
1192 4150 1257 4217 δεῖ

64 4247 206 4327 ζητεῖν
228 4248 276 4312 τὰ
298 4251 476 4312 τοιαῦτα
500 4254 532 4313 et
555 4272 592 4331 μ,
622 4245 706 4331 447;
728 4251 827 4330 item,
848 4246 887 4311 ad
908 4246 1134 4317 illustrandum
1155 4255 1249 4339 εἴπερ,

65 4370 128 4437 pro
157 4371 215 4437 quo
244 4359 300 4418 aut
331 4355 440 4434 καίπερ
470 4359 709 4440 expectaremus
732 4359 788 4418 ant
811 4351 949 4437 simplex
973 4357 1017 4439 ri,
1042 4356 1080 4422 ad
1105 4363 1250 4430 testimo·
