2978 4950
788 228 832 297 98

215 421 295 490 ίδίαν
307 421 421 488 τούτων
433 427 618 500 κατηγορεῖν.
636 457 655 471 ·
668 457 687 470 -
702 458 722 471 -
735 422 828 493 ἕκύείς
842 421 904 501 γαρ
917 426 1023 492 ταῦτα
1036 423 1101 503 περί
1117 421 1234 489 ἐκείνων
1248 421 1321 510 (τῶν
1331 448 1408 502 μνη·

216 531 330 610 στήρων
342 531 444 616 puta),
452 528 536 607 μετα
550 530 604 602 τήν
617 529 756 606 διήγησιν
768 529 820 593 καί
836 528 978 606 ἐπίδειξιν
990 536 1042 595 τοῦ
1055 529 1101 596 ὅτι
1113 530 1221 604 παῖδές
1235 531 1294 596 είσι
1307 533 1367 596 τῶν
1379 531 1414 596 ἐν

216 636 321 717 Ἰίύκη
341 637 482 716 οὶρίστων,
503 633 665 700 οὶκύλουίον
684 635 718 699 τὸ
739 644 793 710 τῆς
815 636 993 707 κοινοποιΐας
1015 637 1163 716 ἐπήγαγε
1178 639 1412 715 »νεμεσσήθητε

217 744 268 809 καί
290 742 397 820 αύτοί,
419 740 532 814 ἄλλους
553 743 583 804 τ’
605 742 781 824 αίδέσύητε,
803 744 873 806 assu
894 741 921 805 δ’
943 742 1126 810 ὑποδείσατε
1146 753 1254 829 μῆνιν,
1276 743 1418 824 σχέσύε,

216 849 332 933 Φίλοι.”
356 850 402 921 τίς
428 844 476 913 οὖν
497 850 513 922 ή
535 848 649 913 τούτων
676 849 797 925 ἀδικίας
827 849 867 912 ού
891 847 1009 926 μύνον
1033 845 1078 914 ύτι
1103 854 1156 916 οὐκ
1179 852 1419 929 ἀμύνονται

216 957 342 1028 τούτους
364 954 566 1035 ὀτρύνοντες.
592 959 654 1026 πῶς
678 950 724 1019 οὖν
751 954 930 1034 ύτρύνουσιν;
957 950 1018 1020 ύπι
1043 957 1075 1022 εί
1100 957 1217 1028 παῖδας
1237 955 1331 1029 ὄντας
1354 957 1426 1022 αύ-

216 1070 274 1130 τῶν
308 1065 360 1128 οὐκ
390 1060 565 1141 ἐπέχουσιν.
602 1057 648 1132 οὓς
682 1061 744 1140 γὰρ
768 1060 862 1131 αύτύς
885 1085 931 1134 τις
957 1061 1082 1128 κωλύειν
1108 1063 1274 1140 δυνάμενος
1299 1063 1354 1128 διαὶ
1378 1064 1428 1130 τὸ

217 1167 294 1236 εἶναι
326 1169 422 1248 κύριος
456 1170 492 1252 tp
525 1176 743 1250 πλημμελεῖν,
776 1169 869 1238 αὐτὸς
902 1167 940 1233 ἂν
974 1167 1019 1243 είη
1050 1168 1064 1232 ὅ
1094 1169 1161 1242 δοὺς
1192 1172 1247 1244 τήν
1271 1169 1434 1247 ἐξουσίαν

217 1285 273 1352 τῆς
309 1276 441 1347 ἀδικίας.
489 1274 580 1340 Nihil
614 1276 758 1359 sequitur
793 1279 863 1359 post
897 1276 929 1340 οὐ
964 1274 1073 1352 μίνον,
1108 1277 1192 1360 qnod
1226 1282 1338 1342 tamon
1375 1298 1435 1343 ar.

217 1385 287 1468 ipsa
315 1382 429 1447 harum
463 1380 691 1466 particularum
726 1386 839 1445 natura
872 1379 940 1446 fiori
975 1381 1118 1448 dolebat.
1165 1385 1211 1448 Ac
1235 1384 1307 1448 iura
1329 1380 1438 1449 nihil

218 1491 379 1575 sequitur,
416 1509 490 1553 nam
524 1509 569 1578 na
598 1487 680 1553 illud
715 1488 842 1573 quidam
880 1490 932 1554 οὐκ
968 1490 1135 1566 ἀμύνονται
1172 1496 1204 1555 st
1237 1489 1433 1572 ίτρύνοντες

217 1602 304 1662 racto
328 1601 410 1660 stara
434 1593 498 1660 talo
530 1594 666 1660 videtur.
713 1593 803 1673 Quod
838 1615 909 1659 anm
946 1616 983 1661 ox
1019 1601 1087 1661 toto
1121 1597 1437 1684 argumentationis

219 1710 345 1779 tonora,
370 1710 441 1767 tum
465 1701 517 1767 val
541 1701 585 1765 sio
609 1701 781 1786 apparebit.
806 1701 915 1766 Etiam
939 1702 1016 1768 hasa
1040 1702 1279 1789 Porphyriunua
1304 1702 1440 1789 dispu-

219 1813 349 1876 tationis
371 1807 529 1896 partianla
551 1808 720 1892 separatim
746 1812 833 1871 extat
855 1809 889 1871 in
912 1809 1121 1874 Ambrosiano
1140 1808 1186 1892 Ε,
1207 1792 1444 1893 aliquantum

219 1921 325 2006 magis
359 1917 543 2002 perspicus,
578 1918 616 1978 nt
650 1911 788 1988 udsolat,
825 1934 920 1998 quam
950 1916 1050 1998 ipsius
1082 1914 1197 1999 optimi
1227 1913 1443 2001 philosophi

220 2024 317 2090 verbu
341 2022 405 2088 foro
427 2026 511 2085 sunt.
536 2020 611 2098 ούχ
636 2014 694 2082 ύπι
719 2017 886 2098 ὤτρυνον
910 2020 1059 2092 αύτούς
1082 2019 1207 2092 sicul
1231 2023 1442 2104 φανερὸν

220 2131 388 2208 ἐκεῖνοι,
413 2133 532 2192 τοῦτο
557 2130 735 2202 ἐγκαλεῖ
758 2125 1029 2205 Τηλέμαχος,
1053 2127 1128 2191 ἄλλ’
1153 2120 1197 2192 ύτι
1224 2127 1348 2200 παῖδας
1374 2127 1443 2193 la-

219 2261 278 2308 τας
316 2236 415 2299 αὐτῶν
451 2233 521 2305 τοὺς
556 2239 731 2309 μνηστῆρας
766 2232 820 2294 οὐκ
856 2232 992 2312 ἐπεῖχον.
1024 2228 1073 2305 οὓς
1108 2231 1170 2311 γύρ
1201 2257 1249 2305 τις
1283 2235 1443 2300 κωλύειν

219 2342 403 2424 δυνάμενος,
435 2340 486 2405 διύ
517 2339 551 2403 τδ
584 2333 661 2402 είναι
693 2338 786 2414 κύριος
811 2339 930 2415 αύτῶν,
955 2337 991 2421 ἐᾷ
1016 2347 1234 2416 πλημμελεῖν,
1260 2335 1351 2411 ούτοσ
1377 2339 1441 2406 ἂν

220 2448 265 2524 είη
296 2448 435 2526 οὶντικρὺς
463 2445 477 2510 ύ
510 2447 564 2519 τήν
595 2452 649 2517 τῆς
681 2444 802 2516 ἀδικίας
835 2443 973 2521 ἐξουσίαν
997 2447 1102 2516 αὐτοῖς
1127 2445 1272 2517 δεδωκώς.
1321 2445 1445 2514 Satin

219 2559 343 2622 certum
379 2575 461 2618 nunc
498 2557 545 2617 est
575 2551 795 2638 corrigendum
828 2571 910 2616 assa:
942 2552 989 2622 τίς
1022 2548 1069 2616 οὖν
1101 2552 1257 2627 ήτούτων
1287 2553 1442 2631 ἀδικίας

220 2667 340 2728 τοῦτο
371 2658 460 2737 μόνον
486 2654 533 2722 ύτι
556 2658 609 2721 οὐκ
634 2655 830 2732 ύμύνονΤΕΕ
856 2656 979 2729 τούτους
1004 2659 1250 2737 ύτρύΝΟΤΕΙΝ.
1276 2666 1343 2731 πῶς
1369 2656 1448 2726 νύν

219 2772 404 2853 ύτρύνουσιν;
428 2766 515 2831 ἐπεὶ
540 2765 657 2836 παῖδας
678 2762 767 2835 ὄντας
787 2765 888 2828 αὐτῶν
908 2766 962 2829 οὐκ
983 2764 1157 2844 ἐπέχουσιν.
1183 2765 1267 2832 Nam
1280 2769 1315 2831 in
1329 2764 1380 2833 ύπι
1393 2763 1446 2833 εἶ

218 2885 275 2943 aut
304 2876 495 2941 alterutrum
525 2871 682 2954 abundat,
707 2908 748 2918 -
773 2869 881 2934 nullus
914 2892 998 2945 nana
1021 2872 1235 2937 coniunctioni
1259 2873 1454 2941 conditio-

218 2983 284 3049 nali
306 2983 395 3047 locus
418 2985 481 3062 cst,
506 3017 547 3026 —
572 2980 680 3062 itaqua
703 2979 728 3042 εί
754 2979 815 3041 orit
845 2978 1111 3064 expungendum,
1145 2985 1182 3042 ut
1213 2978 1291 3044 facit
1323 2979 1483 3047 Buta-

218 3109 354 3155 mannus
384 3087 423 3152 ad
453 3086 495 3164 β,
523 3082 566 3148 63
598 3087 640 3168 (p.
675 3083 728 3159 83,
757 3081 789 3159 8,
820 3083 876 3147 ubi
907 3086 976 3148 aius
999 3089 1073 3148 nota
1096 3083 1312 3171 consulatur),
1342 3094 1404 3152 ant
1429 3126 1469 3159 r

220 3196 303 3281 quod
326 3193 457 3267 malim,
483 3194 529 3255 ita
552 3191 627 3255 haao
652 3191 714 3254 duo
734 3188 888 3254 vocabula
907 3189 1127 3276 coniungenda
1144 3196 1236 3274 sunt,
1256 3196 1297 3256 nt
1314 3209 1483 3260 unusn-

218 3301 300 3367 illud
330 3300 443 3366 evadat
467 3297 550 3382 quod
574 3298 804 3381 proposuimus.
852 3295 889 3359 In
912 3295 1029 3360 unciali
1053 3297 1209 3381 scriptura
1235 3304 1361 3364 ΟΤΙΕΙ
1390 3294 1483 3367 0ss

221 3417 317 3473 ΕΠΕΙ
341 3408 474 3471 minimo
502 3410 627 3468 tantum
652 3403 834 3467 discrimina
858 3401 998 3486 differre,
1024 3402 1129 3486 quivis
1152 3404 1265 3469 statim
1295 3406 1483 3473 videat-

217 3514 267 3580 lta
291 3511 500 3578 Telemachus
523 3511 564 3589 τῷ
588 3506 710 3586 μεταξὺ
735 3508 857 3587 διαιρεῖν
882 3508 992 3573 τεκαὶ
1018 3518 1191 3574 αοινοποιεῖν
1215 3511 1249 3574 τὸ
1272 3512 1483 3592 οὶδίκημβ

218 3621 270 3685 καί
295 3618 447 3699 παρρησία
472 3614 622 3696 κέχρηται
646 3615 797 3696 βασιλικῇ
822 3615 873 3678 καί
898 3616 996 3689 δεήσει
1022 3613 1118 3681 πύλιν
1141 3617 1280 3682 ταπεινοὶ
1314 3620 1483 3700 matr-

218 3750 320 3797 τοντος
353 3725 405 3788 καί
437 3723 511 3787 ποτέ
540 3723 596 3798 μὲν
628 3723 662 3785 τὸ
693 3721 805 3784 δίκαιον
837 3722 1061 3798 ὑπομιμνήσκει
1094 3724 1146 3788 καί
1172 3724 1315 3810 νέμεσιν,
1343 3715 1483 3794 ποτ’Ξ

218 3831 245 3896 δ’
280 3828 320 3897 αὖ
357 3829 408 3893 καί
442 3826 593 3908 αἰσχύνην
623 3834 681 3890 τῶν
717 3824 821 3890 ἄλλων
851 3830 1008 3907 ἀνθρώπων
1018 3877 1027 3906 ,
1059 3829 1111 3894 καί
1143 3831 1198 3904 τήν
1231 3833 1321 3913 παροδ
1347 3834 1483 3899 ύεσῗ*1

219 3945 318 4015 μῆνιν,
341 3936 393 4001 καὶ
415 3934 507 4005 τοὺς
528 3935 711 4014 πατέρας
734 3935 1058 4020 [ὑπομιμνήσκει].
1082 3935 1231 4001 RectaD
1258 3937 1483 4004 ultimum

218 4043 411 4112 vocabulum
435 4043 541 4106 omitti
578 4060 653 4105 sono
673 4043 835 4127 ingratum
857 4048 888 4105 ot
908 4063 1000 4106 sensu
1021 4062 1283 4127 supervacuum,
1296 4048 1483 4111 rsotiui

219 4149 316 4215 simul
341 4169 437 4233 quam
462 4146 495 4210 H
518 4146 612 4210 habet
637 4151 690 4210 τοῦ
711 4147 843 4227 πατρὸς,
873 4147 956 4231 quod
981 4147 1236 4231 adsciscendum,
1259 4148 1315 4215 aad
1341 4144 1483 4216 arti-

220 4256 292 4322 culo
325 4256 460 4321 adiecto:
494 4255 546 4317 καί
582 4255 636 4326 τήν
668 4254 755 4332 παροδ
780 4254 849 4317 θεῶν
863 4234 980 4339 μῆνιν,
1004 4256 1056 4319 καί
1083 4256 1178 4340 (τήν)
1202 4259 1256 4320 τοῦ
1281 4253 1475 4337 πατρός·

219 4363 361 4450 Respicit
395 4364 481 4426 enim
516 4358 745 4424 Homericum:
776 4360 809 4423 ού
840 4361 903 4440 γὰρ
935 4358 982 4426 ἔπ’
1013 4362 1085 4444 ιὶνήρ
1107 4360 1123 4435 ΙΙ
1146 4358 1203 4436 οίος
1240 4359 1469 4430 Ὀδυσσεὺς
