2978 4950
720 230 764 305 sl

199 447 240 508 οι,
269 425 342 489 145.
390 426 484 491 Proci
507 425 604 504 ἑξείης
629 427 729 510 ἕζοντο
753 431 838 495 κατὰ
863 431 1014 508 κλισμούς
1039 456 1074 496 τε
1099 429 1216 513 ἐρένονς
1240 449 1290 494 τε.

154 533 279 606 κοιιομοὶ
305 531 363 607 μέν
387 535 460 597 εἰσιν
483 535 509 597 οἱ
534 533 659 615 ἔχοντες
685 543 879 614 κλιντῆρα
905 535 1108 617 ἐξέχοντα
1132 535 1206 613 τρὸς
1230 536 1358 610 τὴντῶν

153 638 240 711 ὤμων
272 638 458 702 ἀνάπαυσιν.
493 641 524 702 ἐν
554 646 657 713 αὐτοῖς
682 641 745 720 γὰρ
769 641 968 719 ἐπερείδουσι
991 644 1062 714 τοὺς
1086 641 1185 718 ὤμους
1210 641 1238 706 οἱ
1262 640 1356 715 καθιξ-

153 768 248 820 μενοι.
295 747 320 808 οἱ
357 745 387 809 δὲ
422 749 466 822 μὶν
503 745 627 827 ἔχοντες
663 754 787 824 ταῦτα,
823 748 922 826 θρόνοι.
960 746 1179 832 (EPQM'I'D.)
1228 745 1354 811 Verbo·

153 873 245 914 rum:
272 860 419 930 κλιντῆρα
451 851 603 932 ἐξέχοντα
633 857 666 918 in
696 855 856 919 codicibus
892 875 948 919 nec
983 854 1056 919 vola
1090 859 1139 920 est
1169 873 1230 919 noc
1261 854 1359 918 vesti·

153 959 256 1043 gium.
305 956 494 1042 Repositnm
529 967 576 1024 est
608 981 624 1023 e
654 961 833 1024 coniectura
860 960 1050 1025 Buttmanni
1082 958 1170 1025 aliud
1207 960 1357 1046 agentis,

153 1063 238 1148 quod
271 1084 332 1127 non
357 1085 448 1148 saepe
473 1063 564 1139 facit,
592 1072 624 1129 et
647 1067 764 1129 iniuria
787 1066 954 1150 probatum
980 1087 1016 1130 ac
1039 1071 1206 1150 receptum
1232 1085 1252 1129 a
1276 1062 1359 1128 Din-

155 1170 263 1235 dorfio.
312 1169 443 1235 Codices
467 1172 585 1236 habent
608 1173 708 1248 οέτέρ
734 1175 854 1249 εἰσιν,
881 1173 932 1238 vel
956 1173 1022 1236 καὶ
1048 1169 1148 1251 ἐπέρ
1173 1173 1285 1236 εἰσίν
1306 1168 1359 1235 vel

154 1280 269 1360 etiam,
301 1280 419 1341 omisso
443 1278 536 1353 εἰσίν,
561 1278 627 1341 καὶ
653 1276 775 1356 οἵπερ,
800 1301 880 1362 quae
904 1280 1000 1344 verba
1024 1278 1184 1364 quomodo
1210 1268 1249 1342 ex
1275 1292 1359 1340 αοιιν-

153 1392 231 1462 τῆρα
264 1391 410 1467 corrupta
437 1382 572 1460 fuerint,
597 1406 690 1450 nemo
714 1385 805 1450 facile
828 1384 1000 1472 intelligat.
1047 1385 1129 1449 Rem
1156 1404 1218 1449 acu
1243 1384 1358 1471 tetigit

153 1489 379 1572 Ludwiohius,
414 1492 440 1552 oi
477 1490 601 1568 ἔχοντες
645 1490 857 1568 ἀπέρεισιν
900 1490 1139 1569 ἐξέχουσαν
1179 1490 1356 1576 corrigens.

152 1595 276 1679 Nempe
307 1593 450 1676 librarii,
474 1595 644 1659 candidum
668 1616 787 1682 genus,
813 1597 868 1659 ubi
893 1598 1084 1680 nescioquo
1109 1617 1215 1660 errore
1239 1599 1274 1659 in
1302 1616 1356 1661 vo·

151 1701 265 1766 cabulo
298 1710 522 1765 ΛΠΕΡΕΙΕΙΝ
549 1701 609 1765 sibi
633 1701 741 1765 videre
766 1704 825 1766 visi
850 1708 924 1765 sunt
954 1697 1059 1779 οἵτερ
1092 1703 1124 1765 si
1135 1703 1176 1765 σι’
1187 1726 1223 1776 ν,
1257 1701 1358 1766 verba

152 1811 272 1893 optime
304 1804 444 1880 Graeca,
479 1808 555 1871 haec
587 1806 730 1871 nonnulli
764 1807 844 1870 bona
876 1805 936 1871 lide
967 1808 1013 1870 ita
1037 1807 1295 1891 descripserunt,
1321 1813 1358 1869 ut

151 1934 218 1979 esse
252 1914 371 1977 dieitur
407 1914 440 1977 in
475 1912 520 1995 Ως
556 1915 672 1977 caeteri
708 1934 779 1997 pars
810 1915 862 1975 καὶ
903 1915 1121 1989 inseruerunt,
1162 1934 1238 1998 pars
1281 1913 1358 1977 εἰσίν

151 2022 343 2102 omiserunt,
381 2024 416 2082 ut
452 2039 537 2082 error
572 2038 708 2082 errorem
744 2038 850 2102 parere
886 2017 965 2082 solet
997 2024 1029 2082 et
1068 2025 1220 2104 corrupta
1255 2016 1356 2085 lectio

151 2146 276 2210 semper
310 2124 489 2209 corruptior
524 2123 576 2206 fit,
612 2123 710 2187 donec
744 2124 827 2207 quod
857 2144 969 2187 verum
1001 2129 1049 2188 est
1081 2127 1229 2209 aperita
1253 2145 1357 2189 mann

152 2235 348 2297 restituatur.
398 2230 470 2293 Non
503 2229 654 2293 debuerat
682 2237 789 2292 autem
815 2229 1020 2293 Ludwichius
1043 2229 1214 2304 dubitare,
1240 2238 1354 2295 utrum

152 2335 342 2418 ἀπέρεισιν,
375 2356 432 2411 sn,
460 2373 500 2382 -
527 2335 566 2398 ob
597 2355 729 2418 sequens
762 2335 977 2413 ἐτερειῖουσι,
1002 2374 1044 2383 -
1069 2334 1227 2404 ἐτέοεισιν
1260 2359 1354 2423 prae·

152 2450 261 2507 staret.
286 2443 369 2506 Nam
395 2445 483 2526 prius
506 2447 624 2505 certam
650 2439 744 2505 fidem
769 2441 863 2506 habet
887 2446 918 2505 et
938 2444 1030 2505 unice
1054 2448 1102 2506 est
1126 2442 1355 2527 probandum,

152 2549 235 2633 quod
262 2551 320 2613 hoc
346 2558 471 2612 tantum
496 2544 702 2610 confirmatur
725 2547 888 2611 notissimo
911 2546 1039 2611 Scholio
1062 2547 1292 2634 Porphyriano
1314 2550 1355 2615 ad

150 2656 241 2720 Ili-ad.
276 2656 303 2720 l.
338 2653 398 2717 90:
429 2649 693 2730 i'tovsstssaloo
718 2653 873 2737 (dequo,
899 2674 971 2716 cum
998 2654 1134 2717 editores
1157 2654 1229 2729 βίον
1255 2652 1354 2742 legis·

150 2770 236 2836 seut,
263 2760 361 2825 multi
384 2760 531 2845 egerunt)
558 2757 662 2831 ἐδέησε
684 2759 821 2836 Δωροθέῳ
841 2761 882 2838 τῷ
900 2760 1117 2838 ’Λσιιαιιωνίτρ
1138 2761 1182 2832 εἷς
1201 2759 1353 2838 ἐξήγησιν

149 2875 202 2932 τοῦ
235 2871 308 2946 παρ’
340 2868 465 2944 Ὁμήρῳ
496 2865 624 2927 alirino.
671 2863 705 2927 ln
731 2864 789 2928 hac
812 2866 912 2949 igitur
935 2864 1151 2948 disputatione
1175 2869 1264 2930 inter
1291 2867 1356 2933 alia

149 2972 254 3038 multa
290 2982 322 3038 et
357 2974 434 3037 haec
468 2972 639 3035 habemus:
673 2970 724 3032 καὶ
757 2971 781 3032 οἱ
812 2973 869 3044 μὲν
893 2968 1016 3047 ἔχοντες
1041 2970 1262 3048 οὶτέρεισιν
1288 2981 1353 3046 τοῖς

148 3081 238 3157 ὤμοις
265 3081 405 3162 κοισμοί,
425 3081 450 3142 οἱ
471 3079 496 3141 δ’
517 3076 606 3141 ἄλλοι
630 3075 729 3155 θρόνοι.
755 3073 841 3153 Quae
862 3077 958 3139 verba
976 3084 1008 3139 et
1027 3074 1178 3141 Scholion
1200 3084 1352 3144 nostrum

148 3189 239 3250 cuius
264 3190 305 3251 sit
329 3188 463 3271 originis
488 3182 666 3258 declarant,
694 3188 804 3245 —est
828 3185 913 3244 enim
939 3179 1093 3267 longioris
1118 3182 1355 3267 disputationis

147 3292 386 3378 Porphyrianae
410 3288 689 3363 α’τοστασμοὶτιον,
718 3325 758 3333 -
784 3295 815 3349 et
839 3287 1106 3352 Lndwichianum
1131 3289 1355 3369 ἀπέρεισιν

147 3399 230 3463 mihi
255 3398 382 3483 quidem
408 3404 498 3460 extra
521 3415 645 3458 omnem
669 3392 901 3457 dubitationem
923 3412 1037 3476 ponere
1061 3393 1225 3459 videntur.
1264 3396 1353 3477 Quin

147 3508 247 3571 etiam
278 3508 313 3568 in
342 3507 382 3567 iis
410 3522 490 3586 quae
515 3503 658 3585 proxime
682 3503 874 3583 sequuntur,
900 3499 1013 3562 malim
1036 3498 1145 3586 legere
1168 3502 1207 3563 ἐν
1233 3506 1352 3577 αὐτοῖς

147 3613 221 3695 (hoc
245 3630 370 3695 quoque
394 3606 528 3672 Codices
551 3603 695 3669 nonnulli
719 3606 752 3667 in
774 3606 916 3675 ἑαυτοῖς
941 3611 1169 3690 corruperunt,
1194 3608 1353 3675 videlicet

147 3739 185 3782 ex
220 3709 421 3797 EasTo1c)
453 3713 516 3791 νοὶρ
545 3711 748 3789 οέτερεέδουσι
773 3711 842 3780 τοὺς
867 3710 963 3786 ὤμους
988 3712 1013 3773 οἱ
1039 3712 1223 3791 καθήμενοι,
1250 3736 1351 3800 quam

146 3823 361 3900 ἐτερείδουσι,
386 3820 469 3905 quod
493 3819 607 3882 editur.

191 4060 230 4116 οι,
257 4031 333 4097 147.
384 4031 432 4095 Ne
456 4030 630 4093 minutiora
654 4030 823 4105 omittam,
849 4048 910 4092 non
934 4030 1135 4095 scribendum
1162 4037 1231 4110 est,
1260 4035 1349 4120 quod

144 4140 281 4206 editores
306 4138 467 4218 fecerunt,
492 4138 685 4212 ταρενιὶνεονι
711 4135 923 4210 ταρεσώρεοον.
948 4136 982 4197 ἐκ
1007 4137 1115 4200 τούτου
1139 4137 1172 4201 δέ
1197 4140 1234 4202 τὸ
1261 4151 1349 4216 τλῆ·

145 4249 191 4318 θος
221 4252 278 4309 τῶν
314 4243 490 4319 ἐδεσμάτων
522 4240 686 4318 ἐκφαίνει.
720 4254 803 4321 xri„
836 4238 969 4322 (EPV'I'.
999 4242 1081 4326 App.
1119 4265 1152 4328 p.
1178 4244 1261 4332 735)
1292 4247 1348 4314 scd

144 4352 316 4435 ἐμφαίνει,
342 4349 425 4434 quod
449 4347 545 4411 babet
568 4342 781 4431 Vulgatorum
805 4343 1004 4408 Scholiorum
1029 4346 1128 4412 editio
1148 4349 1287 4440 Aldina,
1303 4392 1345 4402 -
