2978 4950
704 158 768 221 514

146 346 212 408 ἐπεὶ
238 344 405 418 ὤττησαν”
430 348 550 424 μετέβη
577 346 672 409 πάλιν
697 347 746 409 eet
772 348 863 416 τοὺς
888 353 1138 425 μνηστῆρας.
1164 344 1214 409 Ex
1232 342 1329 408 infini-

147 454 189 516 tis
221 453 285 516 sere
317 454 560 517 auctoritatibus
590 473 687 518 unam
712 453 873 530 excitabo,
898 474 937 518 ex
960 452 1072 518 eodem
1098 459 1207 517 nostro
1229 449 1329 516 codice

147 561 281 644 petitam
317 558 355 623 ad
385 559 402 622 δ
434 558 513 622 625:
548 560 581 623 τὸ
615 566 730 641 σχήμα
762 559 961 637 μετάβασις·
994 559 1086 623 είτὼν
1109 558 1176 637 γὰρ
1198 559 1242 622 τὰ
1266 555 1328 634 περὶ

146 667 304 730 Μενέλαον
327 665 448 742 μετέβη
473 665 523 728 έτί
548 665 618 737 τοὺς
643 673 830 743 μνηστῆρας.

190 904 225 962 ν,
250 878 327 946 297.
375 879 570 960 Λοετροχίῳι
603 884 653 942 νῦν
685 882 727 960 τῷ
758 882 800 943 τοὶ
833 879 947 957 λοντροὶ
978 878 1147 957 παρέχοντι
1181 876 1199 949 ή
1237 898 1330 953 ταρι-

145 985 335 1064 σκευοὶζοντι.
357 984 409 1072 (V)
436 985 542 1051 (lodex
566 986 775 1051 Barnesianus
798 986 953 1065 ἐσεχέοντο
977 986 1019 1064 τῷ
1043 982 1165 1049 λούοντι
1190 982 1331 1068 μενοίνεον

147 1091 276 1168 dicitur,
298 1092 352 1156 sed
372 1098 475 1177 potest
493 1095 616 1157 minore
635 1091 802 1156 molimine
822 1112 935 1158 verum
947 1092 1085 1157 restitui.
1111 1089 1329 1156 Rescribntm:

146 1200 187 1277 τῷ
224 1200 265 1262 τοὶ
302 1199 416 1276 λοντρίο
451 1197 727 1277 ταραχέοντι,
760 1197 955 1282 addaturque
985 1197 1039 1262 hic
1066 1196 1159 1262 locus
1189 1196 1330 1280 plurimis

145 1305 211 1370 illis
234 1326 312 1390 quoa
335 1305 446 1370 eadem
469 1304 540 1370 labe
563 1305 695 1370 inlectos
719 1303 796 1369 olim
821 1303 952 1392 collegit
975 1309 1009 1369 et
1032 1306 1172 1369 correxit
1194 1303 1330 1369 Nabems

145 1412 177 1475 in
201 1410 321 1475 Mnem.
346 1410 387 1474 N.
412 1410 443 1475 S.
469 1409 484 1474 1
507 1409 622 1495 (1873)
648 1431 678 1495 p.
704 1408 780 1474 344.

189 1631 234 1706 φ,
261 1619 313 1687 13.
360 1621 527 1707 Depromit
550 1619 707 1706 Penelope
729 1642 838 1686 arcum
863 1620 957 1687 illum
981 1626 1014 1686 et
1036 1622 1193 1709 sagittas,

280 1727 359 1807 δῶρα
382 1728 424 1792 τοί
448 1728 473 1792 οἱ
499 1726 614 1813 (Ulixi)
639 1725 733 1802 ξεῖνος
757 1727 968 1804 Λακεδαίμονι
993 1728 1069 1793 δῶκε
1092 1731 1240 1807 τυχήσας

275 1835 397 1914 Ἴφιτος
421 1833 606 1914 Εὐρυτίδης,
631 1833 798 1908 ἐπιείκελος
822 1834 1027 1899 ἀθανάτοισιν.

278 1943 320 2006 τὼ
346 1942 372 2006 δ’
396 1942 426 2005 έν
453 1942 599 2021 Μεσσήνη
623 1940 809 2018 ξυμβλήτην
832 1941 1001 2014 ἀλλήλοιϊν.

146 2049 230 2115 Cum
262 2049 414 2114 lemmate
437 2047 648 2123 Λακεδαίμονι
673 2047 744 2128 BQ:
771 2052 820 2112 νῦν
845 2048 894 2111 ext
919 2057 958 2129 τῇ
983 2057 1149 2128 Λακωνική
1173 2044 1329 2131 xpipw'ce

146 2156 233 2235 μέρος
259 2156 345 2220 κατὰ
368 2155 437 2226 τοὺς
458 2156 597 2233 ήρωικοὺς
617 2155 741 2235 χρόνους
762 2158 778 2228 ή
801 2155 958 2226 Μεσσήνη.
982 2155 1169 2236 διχαοίήναι
1199 2154 1232 2219 δέ
1257 2162 1330 2237 <pact

146 2264 200 2335 τήν
232 2265 409 2336 Λακωνικήν
434 2268 488 2333 τῆς
514 2264 692 2336 Μεσσηνίας
715 2262 766 2324 ένιί
791 2263 850 2324 τῶν
870 2260 1095 2340 Ἡρακλειδῶν,
1121 2254 1148 2326 οἳ
1172 2264 1260 2338 μετὰ
1283 2263 1331 2335 τήν

145 2375 198 2434 τοῦ
224 2369 316 2434 Ἰλίου
340 2367 455 2433 ἅλωσιν
478 2369 634 2447 κατέσχον
657 2370 711 2441 τήν
737 2367 971 2443 Πελοπόννησον.
996 2366 1079 2433 Cum
1105 2370 1141 2432 in
1165 2368 1332 2434 Aristonici

145 2485 218 2541 nota
253 2476 291 2540 ad
328 2487 349 2539 B
381 2475 463 2537 582:
497 2477 639 2545 Μέσσην·
674 2471 718 2538 ὅτι
752 2473 878 2547 Μέσσην
910 2476 964 2547 τήν
996 2475 1045 2537 lxi
1071 2483 1127 2547 τῆς
1155 2482 1329 2546 Λακωνικῆς

145 2587 307 2656 Μεσσήνην
338 2583 442 2663 λέγει,
469 2582 633 2660 συγκόψας
660 2582 804 2656 τοῦνομα.
830 2579 874 2643 ἔτι
900 2583 961 2659 γὰρ
987 2582 1042 2645 ὑπὸ
1068 2581 1328 2657 Λακεδαιμονίους

144 2694 238 2762 αὑτήν
270 2686 330 2752 οἶδε
361 2691 448 2757 δῆλον
482 2686 514 2761 ἐξ
547 2685 584 2750 ὧν
616 2696 692 2765 φησι
725 2688 822 2765 „lei-px
847 2689 887 2751 τοί
914 2689 938 2752 οἱ
963 2688 1056 2764 ξεῖνος
1083 2726 1124 2735 ——
1150 2686 1330 2763 ξυμβλήτην

144 2795 330 2870 οὶλο.ήλοιἰ“ν.”
358 2834 396 2842 -
422 2816 496 2858 cum
521 2798 553 2857 in
578 2795 635 2857 hac
659 2797 761 2880 igitur
784 2800 859 2858 nota
883 2797 950 2879 ipae
974 2804 1078 2858 noster
1101 2792 1192 2858 locus
1213 2797 1247 2858 in
1267 2815 1331 2858 ean·

145 2906 214 2968 dem
241 2904 429 2966 sententiam
456 2902 657 2985 respiciatur,
684 2908 789 2965 nostra
813 2922 937 2986 quoque
958 2902 1176 2964 Aristonicum
1200 2899 1331 2964 redolere

145 3013 341 3095 putaverim,
368 3030 467 3091 neque
494 3015 599 3071 tamen
620 3012 680 3074 ita.
709 3016 745 3071 ut
768 3008 868 3092 ipsius
893 3008 989 3072 verba
1012 3014 1138 3071 servata
1163 3009 1240 3070 sint.
1275 3004 1329 3069 Sed

146 3124 220 3181 utut
243 3117 319 3179 haec
343 3123 434 3186 sunt,
459 3117 606 3197 quoniam
635 3114 877 3178 Heraclidarum
904 3123 1043 3199 tempore
1068 3112 1218 3177 Messene
1238 3134 1255 3177 a
1276 3112 1329 3176 ba·

146 3223 332 3287 cedaemone
357 3220 484 3284 divolsa
508 3222 640 3289 dicitur.
667 3241 727 3284 non
753 3228 878 3303 contra,
904 3220 1123 3284 scribendum:
1150 3221 1329 3300 διχασίήναι

146 3329 176 3392 δέ
208 3340 288 3406 φασι
322 3336 392 3399 τής
428 3336 662 3399 Λακωνικῆς
696 3328 766 3397 τήν
808 3329 1058 3400 Μεσσηνίαν.
1108 3323 1193 3390 Cum
1226 3329 1332 3412 primis

145 3437 250 3500 verbis
274 3434 458 3498 conserenda
482 3440 555 3496 sunt
581 3432 779 3498 Herodianee
804 3443 851 3512 (τ.
877 3457 943 3508 μον.
971 3430 1037 3508 λέξ.
1061 3453 1090 3518 p.
1119 3432 1171 3508 13,
1200 3433 1275 3514 24l:
1299 3431 1331 3495 τί

145 3567 180 3605 τε
212 3543 381 3618 Κυνίσουρα
415 3540 463 3601 ἐπὶ
490 3550 527 3617 τῇ
553 3550 716 3618 Λακωνική
740 3546 882 3619 Φυλακή.
929 3538 1010 3602 Rem
1034 3544 1066 3604 et
1090 3538 1143 3602 hic
1167 3547 1201 3604 et
1226 3552 1246 3603 B
1272 3537 1330 3602 582

147 3650 185 3713 ab
210 3649 390 3712 Aristonico
415 3653 696 3710 commemoratam
723 3649 818 3710 etiam
845 3668 863 3711 a
886 3645 1038 3710 Strabone
1061 3648 1182 3721 notari,
1206 3644 1284 3730 (ἔνιοι
1303 3646 1329 3708 δὲ

147 3756 232 3817 κατὰ
254 3754 288 3835 (l.
302 3755 387 3833 κατ’)
413 3755 570 3823 οὶποκοτην
595 3752 747 3836 (Messeni
775 3755 920 3833 δέχονται
942 3754 996 3824 τήν
1016 3757 1199 3826 Μεσσήνην·
1223 3753 1330 3830 εἴρηται

146 3861 209 3938 γαρ
234 3856 278 3922 ἔτι
304 3860 355 3921 καί
382 3856 460 3931 αὕτη
486 3861 573 3934 μέρος
600 3857 632 3932 ήν
657 3868 712 3930 τῆς
736 3868 926 3932 Λακωνικῆς.
942 3856 1038 3943 (VIII,
1061 3859 1125 3922 eb
1146 3859 1210 3943 §3,
1229 3882 1258 3946 p.
1272 3857 1330 3925 364

144 3967 293 4050 casaub.)
321 3967 385 4030 iam
410 3965 560 4029 Lehrsius
585 3968 719 4028 monuit.
746 3969 855 4050 (Arist.
881 3986 909 4050 p.
932 3963 998 4027 235
1023 3964 1072 4027 2ιθ
1091 3966 1154 4049 ed.)

190 4186 237 4254 φ,
263 4177 315 4241 17.
365 4175 476 4241 Ulixes
509 4176 673 4241 Messenen
705 4197 815 4240 versus
847 4173 916 4248 ήλίε
943 4175 1027 4250 μετα
1051 4183 1173 4254 χρεῖος,
1195 4178 1232 4242 τί
1255 4178 1290 4258 lai
1308 4178 1330 4241 νί

144 4290 208 4354 τοῖς
233 4284 326 4358 δῆμος
351 4283 493 4364 ὄφελλεν.
521 4284 706 4368 Explicatur
729 4293 832 4364 χρεῖος
856 4286 889 4346 in
916 4282 956 4344 V:
986 4283 1037 4346 διὰ
1057 4283 1204 4363 ὄφλημα.
1229 4288 1273 4351 At
1291 4280 1349 4344 de:
