2978 4950
706 221 772 314 108

145 470 186 486 ·-—
209 456 266 502 nee
296 455 353 500 eur
382 441 580 519 postremum
603 440 728 501 tantum
754 436 937 523 exemplum
963 432 1171 521 explicuerit,
1195 448 1255 499 nec
1280 436 1340 498 cur

143 543 177 608 id
204 563 259 629 per
282 541 515 608 adversativam
541 544 682 608 maxime
705 543 895 628 particulam
920 543 1118 628 expresserit.
1142 539 1340 624 Saepissime

144 648 273 736 quidem
307 648 351 720 δὶς
387 649 501 713 ταθτδν
532 649 604 725 ἡμῖν
635 645 719 713 εἶπεν
749 651 762 715 θ
796 651 889 730 σοφὸς
921 647 1105 728 ΠορΦθριος,
1137 645 1260 723 fateor,
1287 640 1340 709 sed

144 775 283 855 semper·
298 757 360 832 ita,
393 760 430 819 ut
460 761 528 821 arte
551 755 685 840 quadam
711 756 831 821 factum
854 758 1075 840 conspiciatur.
1121 752 1222 818 Ponit
1245 770 1340 837 regu·

143 861 226 955 lam,
267 863 415 946 proponit
457 861 617 946 exempla,
657 867 752 946 atque
787 863 826 928 ad
862 858 1109 946 unumquodque
1150 855 1340 942 exemplum

144 969 251 1035 verbis
274 970 396 1033 curiose
420 965 648 1052 artificioseque
672 971 802 1033 variatis
821 968 967 1056 regulam
988 986 1079 1031 suam
1100 985 1137 1030 eo
1158 961 1340 1030 confirmas¹

62 1068 74 1094 ’
146 1074 294 1140 ostendit.
341 1070 548 1139 Conferamus
578 1095 658 1160 quae
689 1096 784 1161 supra
812 1075 962 1159 exscripsi
993 1093 1066 1138 cum
1089 1072 1239 1160 'genirino
1264 1069 1340 1135 Por

146 1180 279 1266 phyri0,
311 1199 406 1264 quem
435 1181 469 1244 in
499 1185 606 1246 vetere
635 1180 773 1247 editione
803 1180 974 1254 babemus,
998 1185 1030 1244 et
1054 1177 1222 1264 apparebit
1245 1195 1340 1262 quan

145 1307 230 1352 nunc
253 1272 377 1372 quoque
398 1306 511 1351 verum
536 1288 578 1351 sit
602 1287 686 1371 quod
711 1287 788 1352 dixi.
824 1286 929 1364 Θυμὸς
954 1285 984 1350 δὲ
1009 1284 1060 1348 καὶ
1083 1285 1181 1364 χόλος
1205 1296 1340 1364 προσλοι·

147 1392 212 1471 βὼν
235 1393 290 1466 τὴν
315 1391 365 1456 ἐπὶ
389 1389 424 1456 τθ
449 1392 559 1466 δράσαι
584 1393 677 1457 κακὸν
700 1392 936 1475 ἀγανάκτοσιν,
959 1391 1095 1473 χάεσθαι
1120 1389 1272 1468 λέγεται,
1294 1412 1340 1453 κα

148 1501 162 1564 θ
187 1499 217 1563 ἕν
241 1500 283 1579 τῷ
308 1499 430 1578 τοιούτῳ
454 1498 546 1563 πάθει
574 1497 746 1582 ,χωόμενος
772 1499 852 1576 κιῑρ”,
878 1501 935 1584 (Α,
962 1497 1035 1582 44)·
1057 1498 1173 1562 αὐτίκα
1194 1501 1277 1574 γοῦν
1296 1496 1340 1562 σθ

148 1606 253 1682 λοιμδν
282 1602 407 1682 ἒπάγει.
439 1604 492 1669 καὶ
526 1604 691 1684 δράσαντος
726 1605 888 1683 ἐρωτῶσιν,
918 1599 968 1688 „dc
992 1606 1020 1667 κ’
1043 1603 1114 1684 rina
1138 1599 1156 1666 θ’
1176 1626 1210 1668 τι
1234 1605 1337 1668 τθσσο

148 1711 290 1793 ἐχώσατο
324 1711 435 1789 Φοῖβος
465 1711 660 1777 Ἀπθλλυν.”
692 1713 754 1796 (Α,
781 1710 848 1796 64.)
873 1711 917 1777 διδ
940 1712 993 1776 καὶ
1018 1710 1069 1776 ἐπὶ
1093 1713 1146 1774 τοῦ
1171 1709 1296 1790 δράσαθ
1318 1732 1340 1774 τ

147 1818 241 1883 κακὸν
267 1818 434 1894 δυναμένου
458 1817 495 1882 δι’
518 1819 609 1898 θργῆν
633 1816 789 1895 βασιλέως
813 1817 946 1896 εθρκται·
973 1817 1137 1898 ,,κρει’σσων
1160 1817 1228 1898 γάρ
1252 1817 1340 1894 βασι

146 1924 220 1998 λεὺς
255 1921 307 1990 θτε
339 1924 479 2004 χώσεται
511 1924 593 2004 ἀνδρὶ
626 1923 743 2005 χέρνῖ.’·“
774 1924 836 2010 (Α,
863 1922 932 2002 80.)
964 1921 1056 1996 οὕτως
1094 1923 1194 2003 εθρκκε
1229 1923 1289 1988 καὶ
1314 1947 1340 1987 τ

149 2033 208 2111 „od
240 2032 267 2098 δ’
299 2029 388 2097 ἔνδοθι
421 2029 513 2110 θυμὸν
537 2028 880 2111 ἀμθξεις·χοιθμενος,”
902 2031 1027 2104 δηλῶν
1050 2030 1091 2094 τὸ
1116 2029 1328 2111 δραστικθ

147 2138 193 2204 δι’
217 2136 510 2217 ἀγανάκτιρσιν
535 2137 742 2218 περιέχειν
761 2137 802 2201 τὸ
821 2138 1011 2218 χθεσθαι.
1037 2138 1081 2223 (in
1103 2135 1340 2203 horumloeun

146 2250 358 2333 pervenerunt
381 2247 416 2309 in
438 2250 561 2310 nostros
585 2242 726 2328 codices,
749 2246 854 2310 nescio
879 2242 980 2316 unde,
1000 2264 1037 2308 ea
1058 2263 1139 2327 quae
1158 2264 1262 2329 supra
1281 2245 1340 2309 ian

147 2356 186 2417 ut
208 2351 312 2418 aliena
334 2352 532 2416 notavimus:
560 2349 653 2427 ἤγουν
677 2385 696 2398 -
711 2384 730 2397 -
755 2348 941 2430 σπαράσσυν
963 2349 1018 2423 τὴν
1040 2349 1165 2434 ψυχήν,
1188 2371 1226 2416 ae
1248 2352 1340 2417 simu

146 2459 351 2543 perspicuum
382 2453 419 2520 fit
450 2456 534 2522 uude
564 2476 625 2521 uon
656 2455 765 2520 minus
787 2455 926 2522 alienum
950 2454 1038 2528 δηλοῖ
1059 2455 1090 2519 δὲ
1114 2459 1271 2541 venerit.)
1295 2479 1340 2521 κα

148 2565 245 2629 τοίνυν
281 2562 317 2628 τὸ
350 2562 526 2641 ,χωόμενος
559 2563 584 2627 δ’
616 2563 630 2627 θ
661 2561 755 2642 γέρον
786 2560 883 2626 πάλιν
916 2560 1033 2644 ᾤχετο”
1062 2562 1264 2640 ἀκουσόμεθα
1289 2563 1340 2640 ori:

148 2669 258 2741 ἀπλῶς
293 2668 500 2749 ὀργιζόμενος,
537 2669 625 2732 ἀλλά
662 2672 748 2745 μετ’
784 2669 1027 2746 ἀγανακτήσεως
1063 2670 1260 2745 ἀμυντικῆς·
1305 2669 1340 2736 δι

149 2779 328 2854 καταρᾶται
355 2777 423 2838 καὶ
449 2773 569 2847 οὕτως
594 2774 861 2852 ἀμυνόμενος.
887 2775 1340 2859 Nunoquidemvetusediti

147 2903 245 2968 parvo
280 2881 395 2948 mendo
429 2881 552 2947 laborat
586 2886 766 2947 nostrornm
802 2902 860 2966 ope
894 2879 1049 2958 tollendo,
1085 2879 1161 2947 licet
1200 2886 1234 2948 et
1271 2882 1340 2948 bae

149 3009 273 3076 quoque
298 3008 400 3054 errore
423 3007 486 3053 non
510 2992 632 3053 vacent.
656 2984 866 3071 Participium
890 2988 1077 3065 ἀμυνόμενος
1102 2990 1214 3053 minus
1234 2995 1340 3074 sptur

148 3101 198 3162 eet
221 3100 254 3160 et
273 3096 434 3179 scripsisse
453 3093 652 3179 Porphyrius
672 3091 799 3157 videtur
819 3093 902 3178 qnod
921 3096 1021 3159 nostri
1040 3095 1164 3160 codices
1182 3097 1336 3180 praeben

146 3202 210 3267 nisi
234 3201 317 3287 quod
342 3200 450 3265 κατὰ
476 3204 595 3264 τοῦτο
620 3218 638 3263 a
661 3200 822 3283 scriptoris
845 3205 952 3264 mente
976 3200 1142 3285 abhorret,
1167 3223 1269 3287 quem
1293 3218 1340 3268 at

147 3328 223 3374 oum
248 3306 386 3372 editione
410 3302 503 3376 οὕτως
528 3311 583 3370 aut
608 3304 673 3369 διά
698 3305 843 3369 τούτου
865 3305 986 3371 dedisse
1006 3309 1164 3391 suspicor:
1187 3308 1232 3373 διὸ
1253 3313 1326 3396 (κα

147 3417 327 3492 καταρᾶται
361 3412 413 3476 καὶ
444 3412 508 3478 διά
543 3411 689 3476 τούτου
722 3410 938 3487 ἀμύνεται.
987 3412 1100 3499 Pergit
1123 3412 1340 3502 Porphyriu!

147 3523 247 3587 etiam
281 3522 314 3584 in
348 3517 424 3602 El),
461 3517 519 3583 Καὶ
559 3515 734 3598 ,χωόμενος
771 3517 856 3582 κατά
888 3518 980 3595 θυμὸν
1011 3493 1147 3597 adtacta
1181 3516 1340 3600 γυναικθε

148 3628 207 3714 (Α,
233 3624 312 3711 429)
338 3623 513 3703 Ἀχιλλεὺς
536 3632 573 3705 τῇ
597 3624 673 3706 θργῇ
697 3623 859 3697 δηλοῦσθαι
885 3625 1041 3698 ποιεῖτὴν
1064 3625 1340 3710 τιμαριγτικὺ

151 3730 504 3811 διαγανάκτιισιν·
542 3729 807 3807 ἐπιβουλεύει
843 3735 917 3808 γοῦν
953 3732 1003 3798 διά
1039 3740 1094 3806 τῆς
1130 3736 1249 3817 μητρδς
1285 3735 1340 3798 ποῖ

147 3837 292 3910 Ἕλλησι.
340 3837 492 3903 Extrema
522 3834 627 3901 multo
658 3839 847 3920 exquisitius
877 3839 975 3902 simul
1001 3846 1033 3904 et
1054 3842 1193 3926 rectius,
1220 3880 1262 3890 -
1287 3854 1340 3904 no

149 3947 236 4011 enim
265 3942 411 4010 Achilles
439 3941 568 4009 Graecis
599 3942 777 4021 ιἰιαῗάἱοιιιν,
804 3982 845 3991 -
870 3945 999 4030 praebet
1023 3945 1140 4012 editio:
1173 3942 1340 4029 Ἀχιλλεῦ

149 4060 188 4133 τῇ
212 4050 286 4132 θργῇ
310 4048 473 4123 δηλοῦσθαι
498 4050 652 4122 ποιεῖτὴν
677 4053 952 4130 τιμωροτικὴν
976 4052 1021 4115 δι’
1047 4054 1320 4130 ἀγανάκτκτί

151 4154 328 4233 ἀμυναν·
353 4151 635 4234 ἐπεξέρχεται
662 4149 725 4219 οὖν
748 4157 845 4239 (recte
868 4157 968 4221 nostri
992 4163 1101 4241 γοῦν)
1127 4160 1179 4226 διά
1204 4169 1260 4238 τῆς
1287 4175 1340 4238 μή

151 4262 218 4339 πρὸς
240 4270 304 4332 τοῖς
322 4261 457 4334 Ἕλλησι
477 4262 543 4323 καὶ
564 4261 640 4343 οὐχ
661 4260 800 4328 acres
820 4262 1041 4341 ὀργίζεται.
1069 4265 1147 4331 Post
1167 4268 1340 4352 haecaeqr!

150 4367 307 4436 debebant
338 4387 418 4453 quae
441 4368 638 4452 epitomator
661 4368 808 4451 imperite
832 4368 871 4432 ad
896 4368 1070 4456 fragmenti
1096 4371 1195 4438 finem
1219 4375 1320 4441 reiecit
