2978 4950
645 251 708 318 179

38 436 179 524 natis,
200 460 251 505 res
274 460 370 525 quam
388 441 539 507 ‘dicebam
563 444 628 505 ism
654 446 730 506 satis
754 444 851 507 etiam
878 443 917 508 ab
937 441 1125 506 auctoritate
1145 437 1271 502 munita

37 551 150 617 erit.
178 547 257 613 Post
288 550 388 613 αὐτῶν
414 550 448 612 in
480 547 507 612 Τ
540 552 624 614 reete
654 554 702 614 ast
727 549 858 637 signum
883 547 1001 614 Scholii
1027 544 1125 610 finiti:
1150 548 1273 610 caetera

36 658 164 724 enin
180 672 300 719 novum
321 656 442 719 iustum
460 652 608 720 Scholion
621 653 786 720 conficient
798 703 805 731 ,
818 658 874 721 nbi
888 655 1116 720 correxerimus
1128 649 1270 715 ι’ίλλοντ

36 761 149 829 ἀντὶ
169 765 240 837 τοῦ,
265 760 337 839 πρθς
361 758 501 834 ἄλλον.
529 761 570 825 Et
593 781 720 845 prorsus
744 764 790 827 sio
814 761 853 838 V,
875 783 932 826 nee
950 760 1090 826 multum
1114 756 1207 822 aliter
1225 753 1270 819 B:

37 868 176 934 λείπει
205 868 223 941 ἦ
248 868 307 942 είς,
333 862 369 930 ἵν’
393 863 479 947 ᾖιείς
503 864 619 941 ἄλλον,
644 868 706 931 nisi
730 869 813 952 quod
838 869 945 933 inhia
971 865 1082 931 notula
1105 867 1159 948 (au
1182 861 1271 926 Aris·

39 970 208 1056 ionioiit
243 993 300 1038 suo
332 971 400 1039 loro
431 972 559 1058 legitur.
591 973 733 1038 Pertinet
766 976 850 1039 enim
883 995 944 1039 non
975 976 1040 1037 iam
1073 972 1111 1037 ad
1140 987 1269 1034 vorsum

40 1080 115 1164 26,
156 1079 209 1145 sed
232 1078 271 1144 ad
297 1101 343 1144 vs.
365 1077 425 1144 29:
452 1080 468 1155 ἢ
495 1077 623 1144 ἄλλον
648 1079 821 1156 πέμπωμεν
845 1081 1002 1157 ἱκανέμεν,
1028 1074 1058 1146 ός
1084 1101 1119 1141 κε
1140 1076 1268 1155 Φολιίση.

95 1294 153 1370 δ,
178 1293 231 1360 33.
256 1293 423 1360 Menelaus
447 1296 487 1361 ad
511 1295 705 1360 Eteoneum:

252 1395 270 1473 ἦ
293 1403 350 1477 μὲν
375 1401 408 1475 θη
434 1405 487 1466 νῶϊ
508 1400 626 1476 ξεοννίιά
650 1403 755 1466 πολλοὶ
781 1403 926 1483 φαγόντε

254 1504 360 1571 οἳλλιον
383 1506 540 1584 οίνθροίπυν
565 1507 641 1587 δεῦρ’
666 1508 794 1586 ἱκόμεθ’,
819 1509 855 1573 αί
877 1513 910 1574 κε’
935 1510 1001 1573 ποθι
1027 1507 1101 1578 Ζεύς

255 1610 385 1688 ἐξοπίσω
411 1637 466 1693 περ
491 1616 598 1694 παύση
621 1613 729 1695 ὀϊζύος.
755 1616 842 1680 οίλλόι
868 1616 919 1679 λύ’
945 1615 1055 1684 ίππους

256 1717 378 1800 ξείνων,
402 1720 433 1791 ἒς
459 1720 485 1784 θ’
508 1721 619 1790 αύτοὺς
644 1719 774 1799 προτέρω
797 1721 860 1799 aye
882 1723 1055 1795 θοινηθῆναι.

55 1820 202 1888 Horum
223 1825 300 1891 haas
320 1833 366 1892 est
386 1826 585 1912 paraphrasis
604 1829 637 1890 in
657 1826 700 1906 Q:
726 1828 760 1891 τό
780 1828 847 1905 ἑξῆς
867 1827 975 1898 οὕτως·
997 1829 1029 1890 εί
1051 1827 1106 1902 μὲν
1130 1824 1164 1894 δύ
1178 1824 1267 1895 ἡμεῖς

56 1936 199 1994 πολλῶν
220 1933 344 2008 οίγαθοῖν
369 1931 595 2008 ἐμπλησθέντες
619 1935 705 2013 παρόν
730 1935 915 1999 οίλλοδαπῶν
947 1935 1103 2011 ἀνθρώπων
1136 1925 1267 1992 ἐνταῦθα

57 2037 327 2115 πιρερενόμεθα,
355 2038 520 2116 ὀφείλομεν
544 2038 668 2113 πόντος
691 2049 753 2111 τοῖς
785 2038 877 2116 ξένοις
906 2043 1012 2113 ὁμοίως
1046 2045 1149 2102 ποιεῖν.
1178 2030 1265 2096 οὶλλόο

59 2138 192 2207 aava
223 2145 294 2209 λύε
326 2145 361 2229 (l.
386 2148 469 2228 λῦε)
496 2145 564 2216 τοὺς
590 2144 718 2219 ἵππους,
742 2147 853 2218 αὐτοὺς
878 2150 903 2211 δ’
929 2145 1086 2223 εἶσοίγαγε
1111 2139 1265 2218 εὖυκοθῆ·

57 2263 111 2303 m
130 2295 146 2328 ,
178 2245 253 2322 όποις
280 2250 332 2315 aa
356 2251 498 2316 τούτου
523 2253 536 2316 ό
562 2254 638 2324 Ζεὺς
662 2259 716 2324 τῆς
742 2253 916 2329 μελλούσης
942 2248 1156 2328 ταλαιπωρίας
1181 2247 1265 2321 ἡμᾶς

57 2347 323 2441 ίαλυτρύσητοιο,
349 2358 400 2421 καὶ
426 2359 470 2435 μη
493 2367 555 2430 τοῖς
581 2358 821 2438 παρεληλυθόσιν
846 2359 898 2425 ίσα
924 2361 1032 2424 παθεῖν
1056 2350 1266 2433 sammai·

57 2473 101 2514 Ν
118 2478 193 2527 ἐν.
217 2463 253 2529 In
277 2464 329 2529 his
348 2465 489 2550 primum
512 2464 670 2531 tralaticio
691 2467 806 2531 ’mendo
828 2459 1010 2552 perversum
1023 2471 1072 2531 est
1085 2463 1134 2526 θοοὶ
1147 2458 1267 2537 τούτου,

57 2576 126 2640 Ρῐῦ
168 2589 224 2654 qno
256 2569 307 2634 aa
338 2576 456 2635 τοῦτο
487 2572 721 2637 rescribendum
745 2579 800 2638 est.
850 2573 987 2658 Deinde,
1011 2574 1066 2657 qui
1090 2566 1191 2637 ότως
1212 2596 1265 2612 ··

59 2663 340 2755 {mundamur
375 2676 476 2754 dedit,
518 2678 653 2743 eundem
689 2680 740 2742 καί
783 2682 827 2756 μη
867 2705 896 2744 π.
937 2674 1176 2757 παρεληλυθόσιν
1212 2669 1264 2733 ίσα

60 2775 185 2845 120sz
224 2784 435 2865 συγχυρνίση
472 2783 608 2857 dedisse,
647 2785 820 2850 admodum
856 2793 903 2852 est
938 2790 1004 2851 veri
1039 2782 1154 2848 simile.
1202 2774 1264 2840 Sed

61 2878 216 2954 maxime
240 2888 468 2956 advertendum
492 2896 551 2964 est,
573 2892 629 2974 qui
648 2891 728 2955 hano
747 2893 948 2977 paraphrasin
962 2892 1148 2975 composuit,
1161 2887 1195 2948 in
1208 2900 1264 2946 suo

64 2974 217 3060 H(linaro
246 2995 410 3071 habuisse,
435 3016 498 3060 non
522 2990 540 3068 ἦ
562 2997 618 3071 μὲν
642 2996 676 3070 θη
702 3001 770 3074 νοις
792 2999 847 3063 sed
870 3000 902 3063 εί
927 2999 982 3074 μὲν
1006 2998 1058 3071 δη,
1087 3015 1123 3059 ae
1152 2988 1265 3056 deinde

72 3102 153 3173 {Mt
172 3102 296 3185 ίιιίμεθ,
321 3103 377 3167 ubi
401 3123 440 3167 ex
463 3104 532 3167 eius
556 3106 712 3167 sententia
737 3108 870 3189 protasis
894 3103 1113 3170 conditionalis
1137 3097 1264 3177 finitur,

78 3193 286 3282 ίποοιύπησιν
317 3210 479 3283 statuisse,
514 3229 608 3293 quam
632 3211 665 3272 in
690 3210 871 3295 paraphrasi
894 3213 940 3275 ita
964 3209 1117 3296 explevit:
1142 3206 1265 3288 ὀφείλο-

86 3323 138 3376 itti
158 3313 280 3386 ποίντους
304 3325 367 3386 τοῖς
392 3311 484 3388 ξένοις
510 3315 616 3392 ὁμοίως
641 3326 747 3380 ποιεῖν.

129 3518 158 3601 θ,
188 3523 241 3590 35.
290 3521 418 3600 ἐξοπίσω
454 3548 511 3604 περ
548 3525 652 3607 παύση
687 3525 796 3608 (θῑζύος
839 3528 941 3611 addi:
983 3529 1079 3607 „huia
1116 3529 1265 3595 lemmati

93 3620 184 3696 Maius
218 3651 257 3696 ex
295 3630 321 3711 Q
357 3630 524 3716 adscripsit
558 3633 653 3717 baso,
690 3631 755 3697 θοός
787 3635 842 3708 την
872 3635 1009 3712 πλοίνην,
1039 3636 1082 3706 είς
1114 3635 1148 3698 τό
1180 3641 1264 3711 μετα

90 3742 180 3802 ταῦτα
206 3740 289 3813 ἡμᾶς
314 3738 542 3818 ίκλυτρύσητοοο
567 3745 621 3813 τῆς
646 3742 821 3814 μελλούσης
846 3744 1068 3821 ταλαιπωρίας.
1118 3743 1204 3824 Quae
1227 3765 1265 3809 ax

86 3843 195 3910 soholio
218 3844 258 3910 ad
281 3865 330 3909 vs.
358 3843 400 3910 33
423 3847 558 3929 repetita
580 3846 681 3911 sunt.”
704 3845 792 3912 Haeo
811 3847 1011 3914 Dindorfius..
1028 3849 1076 3915 De
1096 3851 1265 3934 postremis

81 3951 242 4018 adsentior.
267 3950 370 4015 Nemo
394 3953 478 4015 enim
502 3972 564 4016 nou
587 3953 692 4036 videt,
713 3955 754 4025 είς
779 3953 814 4018 πθ
837 3957 920 4031 μετὰ
945 3992 962 4004 -
978 3991 996 4004 -
1011 3991 1030 4004 -
1050 3958 1263 4034 ταλαιπωρίας

77 4060 136 4126 tara
160 4056 271 4123 eadem
298 4077 382 4131 esse,
406 4056 502 4141 paulo
525 4061 631 4146 magis
654 4062 752 4125 etiam
776 4062 968 4126 adverbum
990 4083 1144 4147 expressa,
1170 4070 1264 4151 atque

73 4186 124 4246 es,
149 4185 234 4252 quas
256 4185 352 4250 supra
375 4165 415 4229 ad
441 4185 486 4229 rs.
514 4162 556 4228 33
581 4168 815 4251 exscripsimus.
862 4166 924 4233 Sed
948 4169 1025 4254 qnid
1049 4176 1096 4234 est
1120 4170 1184 4236 θιιὶ
1209 4174 1263 4244 την

69 4268 217 4345 πλόνηνί
252 4271 323 4337 Non
356 4269 449 4336 facile
473 4272 544 4356 quis
568 4275 720 4356 reperiet,
745 4272 936 4358 quibusnam
961 4276 1066 4341 verbis
1083 4275 1263 4344 Homericis

70 4377 320 4471 interpretandis
339 4378 416 4445 haee
436 4377 619 4445 inserviant.
645 4376 763 4445 Verum
783 4383 900 4445 iterum
915 4381 977 4447 duo
989 4381 1108 4448 scholia
1122 4384 1263 4452 breviora
