2978 4950
874 237 919 302 20

299 426 532 496 Diodortianae.
579 431 679 514 Atqui
702 428 744 493 ad
766 428 958 493 sententiam
980 428 1062 493 nihil
1087 428 1194 494 deesse
1216 427 1355 494 ridetur.
1387 430 1464 495 Fini

300 544 348 600 eet
382 535 538 601 secundae
572 556 686 601 causae
721 537 897 620 expositio,
932 536 1046 620 incipit
1079 538 1203 601 tertiae.
1252 535 1386 614 Diuum,
1419 537 1489 621 qui

299 643 453 707 excidisse
484 645 635 728 suspicer.
682 641 770 707 Solet
801 641 1016 728 Porphyrius,
1043 641 1194 727 -quod
1223 644 1257 706 in
1288 642 1477 728 sequentib

298 749 445 833 pluribus
477 748 632 833 exemplis
662 749 916 814 demonstratum
944 748 1044 822 dabo,
1070 785 1112 796 -
1138 767 1220 832 quae
1250 747 1347 813 modo
1371 750 1454 833 pro'

298 854 509 940 explicuerat,
547 875 659 920 eorum
698 856 828 919 brevem
868 853 958 938 quasi
990 873 1154 917 summam
1185 854 1294 918 verbis
1325 862 1384 920 aut
1424 856 1487 910 ·''·

297 970 355 1026 aut
383 982 499 1047 parum
528 964 711 1026 immutatis
735 981 923 1045 proponere,
948 970 1120 1045 antequem
1144 960 1185 1025 ad
1208 980 1325 1026 noram
1351 960 1488 1046 disputa

299 1071 396 1134 tionis
427 1089 503 1133 suae
533 1076 657 1153 partem
687 1075 834 1132 transeat
882 1065 1076 1131 Notavimus
1105 1066 1184 1131 haec
1215 1069 1318 1133 obiter
1348 1069 1384 1131 in
1407 1069 1480 1132 exit

299 1175 422 1262 primae
444 1178 564 1260 partis,
588 1178 622 1238 in
642 1176 749 1239 verbis
768 1177 802 1238 τὸ
822 1178 897 1251 γοῦν
916 1208 936 1221 -
950 1208 970 1222 -
985 1207 1005 1221 -
1028 1171 1198 1253 φροντίζειν
1216 1173 1342 1240 ἐδύνασο
1369 1173 1406 1260 (l.
1436 1210 1448 1230 ·

303 1280 375 1365 12),
408 1290 441 1346 et
471 1285 516 1346 sie
544 1280 741 1346 luculentius
765 1283 864 1344 etiam
888 1286 1036 1364 apparet,
1061 1301 1176 1345 verum
1197 1280 1375 1366 essequod
1403 1301 1467 1367 sup

299 1389 384 1465 dixi,
405 1388 456 1452 his
477 1389 581 1454 verbis
604 1396 637 1453 et
660 1385 826 1472 periodum
851 1394 884 1450 et
907 1389 1044 1471 primam
1069 1394 1193 1470 partem
1217 1384 1312 1450 liniri.
1336 1386 1482 1453 Prolixi·

298 1497 395 1559 etiarn
427 1501 476 1559 est
505 1492 728 1578 recapitulatio
760 1495 872 1556 tertiae
895 1495 1012 1576 partis,
1036 1513 1068 1576 p.
1096 1490 1137 1555 14
1160 1491 1181 1556 l
1209 1491 1356 1576 15-27,
1381 1493 1460 1559 inde

298 1601 420 1665 verbis:
453 1603 617 1664 ἀκουστέον
646 1597 695 1665 οὖν
724 1601 759 1663 τὸ
792 1598 919 1676 ,πολλὰ
950 1599 976 1660 δ’
1000 1595 1018 1661 ὅ
1039 1600 1073 1675 γ’
1096 1599 1126 1662 έν
1151 1613 1225 1662 κτλ.
1252 1599 1436 1683 usquead:
1466 1601 1482 1663 έ

298 1712 356 1770 τῶν
380 1708 520 1771 ἑκουσίων
543 1706 799 1787 αμαρτιωοίτων,
825 1724 887 1789 qua
909 1712 1016 1768 tamen
1040 1703 1123 1768 nihil
1146 1707 1222 1768 nori
1245 1708 1451 1791 continetur,
1475 1737 1481 1761 ι

297 1813 404 1879 Ιοσιιιιι
435 1812 591 1900 relegenti
623 1810 716 1876 facile
748 1811 880 1896 patebit.
927 1808 1048 1873 Eadem
1079 1809 1182 1896 igitur
1205 1819 1314 1875 nostro
1338 1809 1409 1876 loco
1436 1833 1481 1878 us

299 1920 479 1985 veniebant.
526 1919 587 1983 Sed
618 1919 695 1982 haec
725 1938 801 1981 casu
832 1915 969 2000 quodam
1000 1917 1179 1999 perierunt,
1210 1914 1276 1980 lovi
1299 1936 1377 1982 sane
1401 1918 1442 1983 de
1480 1922 1488 1936 “

299 2036 424 2102 mento,
449 2047 541 2095 nam,
565 2032 602 2089 ut
626 2026 756 2098 monui,
780 2024 1009 2087 sententiarum
1033 2041 1134 2084 nexus
1156 2020 1265 2086 salmo
1288 2029 1346 2087 eat

346 2132 416 2196 Iam
441 2135 568 2196 tertiam
592 2151 721 2196 causum
746 2130 963 2214 respiciamus.
983 2131 1122 2190 Ἔτειτα
1145 2130 1177 2191 οὐ
1201 2128 1327 2191 τοίντων
1350 2130 1390 2194 δι’
1403 2130 1471 2209 οίβο

301 2240 373 2311 λίας
406 2239 573 2325 (ἀβουλίαν
604 2237 646 2313 D,
679 2237 810 2300 fortasse
840 2233 968 2317 melius)
993 2233 1218 2307 ἀπολωλότων,
1242 2235 1333 2297 οίλλοὶ
1358 2242 1419 2301 τῶν
1443 2262 1489 2316 pc:

303 2346 353 2410 διὰ
378 2345 566 2427 δυστυχίας,
591 2341 717 2421 ὥσπερ
740 2340 766 2405 οί
790 2341 832 2411 είς
855 2341 925 2410 τοὺς
951 2340 1078 2409 Κίκονας
1103 2340 1310 2425 ἐμπεσόντες,
1335 2345 1353 2417 ἢ
1379 2345 1424 2415 είς
1450 2367 1484 2408 τι

303 2453 475 2528 Κύκλωπα,
508 2451 525 2525 ἢ
558 2452 601 2522 είς
631 2450 701 2521 τοὺς
725 2446 979 2526 Λαιστρυγόνας,
1005 2446 1021 2520 ἢ
1046 2448 1089 2518 είς
1112 2448 1167 2519 rip
1192 2447 1361 2534 Σκύλλαν,
1386 2456 1447 2514 τῶν
1480 2494 1484 2503 ,

301 2560 341 2625 δι’
361 2558 531 2637 ἀβουλίαν,
551 2555 682 2634 ὥσπερ
703 2555 787 2632 μένοι
807 2555 993 2630 εὑρίσκονται
1007 2554 1032 2616 οί
1045 2554 1087 2623 είς
1101 2552 1153 2615 σὸν
1163 2555 1273 2618 Ἥλιον
1293 2556 1478 2621 οίιιουσίοι

299 2666 428 2744 &reiicit
463 2665 618 2740 ἑλόμενοι,
655 2664 706 2726 τὸν
738 2659 894 2725 Ὀδυσσέα
925 2665 1035 2738 σαφῶς
1069 2659 1171 2739 φοίναι
1205 2661 1250 2723 ὅτι
1284 2661 1359 2740 ιίσέρ
1383 2660 1475 2727 rode

300 2773 446 2851 μάλιστα
482 2768 686 2844 ἐσπούδασεν,
724 2767 795 2844 ὑπὲρ
826 2773 884 2829 τῶν
915 2769 959 2842 μὴ
991 2763 1095 2839 έξωίεν
1127 2767 1217 2847 αίτία
1244 2768 1488 2834 traiecturae

299 2882 388 2945 οίλλίο
409 2886 467 2943 τῶν
487 2877 637 2942 σωθέντων
658 2873 706 2956 ἄν,
727 2875 753 2937 εί
773 2875 818 2950 μὴ
839 2871 967 2950 ἄφρονες
989 2865 1064 2943 ἦσαν
1086 2872 1138 2935 καὶ
1153 2875 1309 2951 παραίτιοι
1323 2875 1431 2949 adroic
1446 2900 1485 2942 σο

299 2984 441 3050 ίανιίιου.
489 2982 614 3048 Ultima
644 2982 710 3044 iam
732 2980 826 3065 tetigi
850 2997 907 3041 nec
930 2997 1013 3040 nunc
1037 2979 1188 3054 citarem,
1213 2981 1276 3043 nisi
1298 2982 1485 3049 monendo

299 3092 472 3172 videretur,
494 3090 602 3153 omnia
622 3107 640 3150 a
661 3107 711 3151 vv.
735 3086 786 3147 τὸν
805 3082 961 3148 Ὀδυσσέα
974 3089 1083 3159 σαφῶς
1096 3082 1197 3162 φαίνοι
1210 3104 1311 3170 usque
1324 3086 1366 3152 ad
1378 3090 1451 3173 peri
1480 3119 1486 3145 t

299 3195 395 3261 tinem
427 3195 533 3260 deesse
563 3195 597 3257 in
629 3191 669 3268 D,
701 3189 778 3255 licet
808 3188 858 3252 his
882 3190 1013 3252 remotis
1034 3190 1191 3252 sententia
1214 3191 1341 3255 exitum
1366 3213 1431 3258 non
1481 3228 1486 3252 ι

298 3306 408 3369 veniat
438 3300 565 3386 epodosi
593 3318 651 3363 suu
675 3303 837 3377 truncata,
863 3293 945 3358 unde
968 3292 1072 3358 facilis
1095 3302 1143 3357 est
1167 3297 1366 3374 coniectura,
1393 3318 1488 3365 ctum

301 3409 389 3473 modi
410 3407 537 3471 tandem
559 3403 611 3470 vel
631 3402 680 3466 illi
701 3401 832 3466 Codices
851 3401 932 3481 sint,
952 3401 1069 3483 quibus
1087 3402 1218 3484 optimis
1236 3403 1270 3465 in
1289 3403 1475 3492 hiereliqu'

298 3511 527 3580 constituendis
562 3513 695 3574 utimur.
742 3507 778 3570 ln
802 3507 905 3589 priore
929 3507 1102 3569 sententiae
1127 3512 1215 3589 parte
1240 3528 1304 3572 non
1330 3511 1488 3602 intelligo

302 3619 429 3699 ὥσπερ
465 3618 549 3696 μίνοι
580 3615 765 3692 εὑρίσκονται
794 3613 819 3674 σί
847 3612 888 3680 είς
922 3611 974 3673 τὸν
1003 3609 1109 3674 Ἥλιον
1141 3613 1346 3686 οίκουσίως
1370 3618 1489 3696 οίσεβε

302 3727 448 3804 έλίμενοι.
493 3721 727 3809 intelligerem:
754 3713 846 3794 ὅπερ
870 3713 953 3792 μόνον
978 3717 1162 3794 εὑρίσκονται
1187 3720 1212 3783 οί
1238 3722 1282 3791 είς
1306 3722 1361 3785 rba
1394 3723 1487 3793 Ἧι,

303 3833 493 3901 ἑκουσίως
525 3826 653 3904 ιίσεβεῖν
686 3824 837 3899 έλίμενοι,
862 3842 935 3885 nam
956 3841 1068 3898 nemo,
1092 3826 1219 3908 opinor,
1244 3825 1445 3895 initiabitur
1467 3853 1487 3898 ο

302 3938 473 4024 Porphyrii
506 3940 589 4000 certe
621 3936 727 3995 mente
756 3930 877 3994 facinus
908 3929 1064 3991 comitum
1098 3927 1204 3994 Ulixis
1236 3934 1270 3996 in
1293 3932 1380 4000 Solis
1405 3935 1486 4006 bov-

301 4065 368 4112 cssu
403 4048 461 4107 τῶν
504 4037 693 4104 ἑκουσίων
736 4030 982 4111 αἱμασσομσίτων.
1029 4033 1158 4120 Pergit,
1204 4043 1241 4101 ut
1285 4041 1319 4102 in
1363 4063 1480 4110 secun

301 4157 409 4238 parta,
434 4149 590 4214 sententia
613 4142 857 4228 comparationis
881 4138 981 4203 forma
1005 4159 1060 4223 per
1084 4141 1121 4210 ὡς
1136 4141 1284 4216 -οίίτως
1310 4152 1454 4216 enuncia
1478 4184 1481 4209 2

300 4260 338 4329 ὤς
374 4256 436 4335 γὰρ
473 4254 579 4318 ἑαυτὸν
612 4248 729 4328 σώζει
762 4249 795 4310 έκ
824 4244 938 4313 παντὸς
970 4249 1023 4308 τοῦ
1056 4253 1129 4325 παρ’
1161 4249 1269 4314 ἑαυτὸν
1300 4253 1486 4331 iudum

299 4362 450 4438 ίανοίσου,
482 4357 575 4431 οὕτως
611 4356 661 4419 καί
695 4353 764 4422 τοὺς
796 4351 930 4429 ἑταίρους
965 4351 997 4413 ἔκ
1031 4355 1084 4415 τοῦ
1117 4359 1190 4434 παρ’
1213 4356 1344 4423 ἑαυτὸν
1370 4361 1476 4430 δύναιτ
