2978 4950
699 178 765 249 489

128 372 299 459 Sophoclis
319 373 397 440 Ocd.
421 372 532 440 Gelon.
558 373 614 459 (vs.
637 372 717 458 705)
741 379 773 440 ct
797 369 957 462 Aeschylo
981 371 1156 460 (Prometh.
1178 393 1225 438 τε.
1246 369 1325 456 359)

129 479 412 567 compluribusque
443 480 516 546 aliis
547 483 595 546 ita
624 481 689 546 iere
720 481 997 568 redintegrandae:
1028 476 1172 556 ύξωτύνωε
1209 477 1259 543 tat
1284 479 1327 560 τῷ
1439 469 1443 476 ’

133 587 337 665 καταιβαταὶ
373 588 519 673 (θύραν
556 586 623 651 ἐπὶ
661 588 699 651 δὲ
733 590 782 668 τῷ
819 585 1094 664 Καταιβάτης
1130 584 1228 657 Ζεύς
1258 585 1326 648 καὶ

133 695 328 774 κεραυνὸς
353 695 420 759 καὶ
444 702 528 766 τοῖς
553 695 757 765 τοιούτοις
775 690 1093 778 cacciaredum?
1117 696 1161 758 De
1184 692 1235 756 tat
1254 711 1328 757 cum

133 787 263 878 dativo,
288 803 345 867 ubi
369 802 557 889 genetivum
581 810 838 886 expectaremus,
863 800 948 886 apud
971 799 1199 886 grammaticos
1224 800 1327 884 posito

133 909 311 975 satisfaciet
334 907 455 973 Lehrsii
482 907 657 993 disputatio
677 910 746 972 eius
767 906 948 973 Herodiano
966 907 1092 984 addita,
1113 927 1144 991 p.
1159 905 1224 970 449
1241 925 1326 990 seqq.

182 1143 217 1196 ν,
250 1119 323 1185 174.
372 1119 422 1184 Ad
453 1122 570 1195 πομποὶ
606 1121 762 1196 οὶπιὶαονες
792 1119 1000 1185 adscribitur:
1032 1116 1078 1185 ύτι
1110 1118 1162 1183 καὶ
1194 1123 1253 1183 τῶν
1284 1117 1328 1194 μὴ
1410 1122 1424 1143 ‘

134 1222 270 1300 ύναξύων
293 1227 468 1310 οὶπύμονες,
492 1226 537 1302 uis
561 1227 667 1298 ἐῶντες
688 1226 800 1298 αὐτοὺς
819 1225 1036 1303 ascalenem.
1053 1225 1107 1312 (Q)
1124 1224 1209 1291 Noto
1220 1221 1330 1310 procul

135 1330 237 1396 dubio
268 1333 440 1397 Aristonici
471 1339 519 1397 est
550 1339 732 1418 spectatque
755 1332 916 1417 duplicem
939 1335 1026 1416 vocis
1050 1333 1184 1409 duduco
1209 1327 1330 1416 signifi·

133 1439 369 1524 cationsmpet
392 1442 606 1525 passivamet
631 1475 672 1487 -
697 1459 776 1523 quae
799 1439 851 1504 hic
876 1440 998 1505 obtinet
1023 1477 1064 1488 -
1089 1441 1248 1513 activam,
1274 1439 1328 1500 τοῦ

133 1549 182 1623 μὴ
215 1548 417 1621 ποιμαίνοντες
449 1546 522 1622 μηδ’
555 1544 661 1616 ἒῶντύς
686 1569 755 1609 τινα
779 1547 999 1621 περμαύνετύαι.
1036 1544 1098 1612 Sed
1122 1548 1194 1631 quis
1222 1565 1260 1609 ex
1283 1544 1328 1620 μὴ

139 1649 275 1728 ἀναξίων
299 1652 359 1718 hoc
383 1648 557 1729 extundat?
591 1650 638 1717 Ut
660 1655 755 1734 insit,
780 1652 1002 1739 corrigendum
1028 1655 1187 1738 suspicor:
1212 1648 1258 1716 ὅτι
1278 1650 1331 1715 καὶ

135 1759 234 1846 (ἐπὶ)
265 1766 323 1823 τῶν
355 1761 400 1834 μὶ)
432 1757 632 1823 ύνιιύντων
655 1761 821 1835 ἀπήμονες.
858 1755 1025 1824 Caeterum
1051 1779 1160 1824 vocem
1184 1758 1243 1824 hoo
1266 1761 1332 1843 sig·

133 1863 269 1930 nificatu
293 1867 419 1950 saepius
442 1871 658 1931 occurrentem
682 1865 741 1930 hoc
765 1885 829 1931 uno
852 1864 939 1947 loco,
962 1865 996 1929 ni
1019 1863 1122 1950 fallor,
1147 1885 1186 1931 ex
1209 1863 1332 1930 Aristo-

133 1970 211 2036 nico
235 1976 377 2037 notatam
402 1971 567 2037 habemus.

187 2205 221 2257 ν,
245 2179 322 2245 214.
369 2182 516 2246 Τι’ννταιε
543 2179 636 2256 ιύτωρ
657 2182 796 2267 τίνυται,
817 2190 956 2262 τιμωρεῖ,
980 2179 1114 2262 αολύζει.
1128 2181 1188 2268 (Η)
1200 2179 1333 2268 Oportet

140 2290 264 2352 usitato
294 2286 416 2353 forma:
440 2297 705 2366 τιμωρεῖται,
729 2299 766 2355 ut
789 2289 872 2355 infra
894 2289 923 2376 (ν
945 2288 1043 2374 262)τ
1068 2287 1118 2353 ἵνα
1141 2289 1212 2371 δοκῇ
1236 2313 1333 2367 τιμω-

138 2394 256 2474 ρεῖτύαι
282 2393 352 2466 τοὺς
376 2396 557 2474 ἀποστερεῖν
580 2395 675 2460 αὐτὸν
698 2397 930 2476 ἐπιχειροῦντας
955 2388 1031 2461 εῖν
1049 2393 1134 2463 387:
1163 2397 1233 2468 τοὺς
1258 2419 1332 2474 μιν·

137 2509 258 2578 στεῖραν
282 2501 500 2581 τιμωρήσεται.
526 2501 566 2566 dt
590 2505 636 2567 ita
659 2501 864 2588 Apollonius:
890 2502 1116 2568 Τύννννται
1138 2503 1219 2591 (eic)·
1240 2526 1334 2581 τιμω-

136 2613 261 2690 ροῦνται
287 2604 324 2694 ¹).

187 2843 222 2895 ν,
248 2816 324 2883 266.
371 2819 488 2886 Narrat
515 2819 625 2886 Ulixes
649 2840 682 2885 se
706 2818 908 2886 Orsilochum
933 2820 1096 2887 Idomenei
1119 2817 1222 2887 tilium
1245 2842 1335 2888 neca·

138 2929 246 3002 visse,
268 2928 324 3011 qui
347 2945 381 2991 se
404 2925 520 3011 praeda
543 2926 678 3011 spoliare
703 2925 857 3010 voluerit,

323 3031 418 3098 οὕνεκ’
441 3030 489 3110 ἄρ’
513 3035 575 3112 οὐχ
597 3027 619 3114 ᾧ
643 3032 739 3111 πατρὶ
764 3030 963 3114 χαριζόμενος
988 3032 1150 3113 ύερύπενιν

322 3139 407 3220 δήμῳ
432 3139 472 3202 ἐν)
496 3142 620 3218 Τρώων,
647 3137 723 3204 ἄλλ’
746 3137 851 3206 ἄλλων
874 3135 965 3221 iarn
988 3140 1124 3220 ἑταίρων.

138 3244 226 3313 Gom
257 3245 426 3311 lemmate:
460 3246 564 3311 ἄλλων
597 3242 667 3327 ἦρχ.
700 3247 744 3311 ἓτ.
774 3252 822 3311 est
853 3249 886 3313 in
910 3247 962 3312 H:
988 3249 1056 3313 ιῖιτῖ
1079 3253 1132 3313 τοῦ
1157 3250 1334 3326 βασιλεύων

137 3354 182 3432 τῷ
218 3351 374 3428 Ἰδομενεῖ.
413 3350 558 3417 Scribam
590 3351 706 3418 calami
736 3353 828 3438 lapsu
860 3355 937 3420 hacc
960 3355 1083 3421 dedisse
1107 3356 1235 3422 credam
1259 3377 1332 3443 pro:

136 3457 210 3522 cieri
233 3462 287 3522 τοῦ
311 3459 552 3539 θεραπεύειν
576 3461 619 3540 τῷ
644 3461 801 3539 Ἰδομενεῖ.

186 3698 217 3748 ν,
244 3669 433 3737 320-321.
481 3670 674 3737 Νούεύινται.
703 3676 757 3737 οὐκ
780 3672 818 3737 ἂν
841 3673 1000 3752 παρούσης·
1020 3682 1074 3749 τῆς
1100 3677 1230 3749 Ἀθηνᾶς
1256 3677 1331 3750 decis

134 3779 284 3852 οὶναύύοει
309 3781 363 3854 rire
388 3779 548 3855 σωτνρρύαν.
572 3778 631 3864 (Η)
657 3778 790 3864 Oportet
814 3782 866 3846 οὐκ
886 3780 925 3844 οἰν
941 3783 1185 3856 --ύναύὴείν.
1210 3783 1329 3872 Negle-

133 3893 251 3975 genter
273 3885 350 3951 haec
372 3892 520 3971 excerpta
542 3907 581 3951 ex
601 3884 809 3970 amplioribus
829 3907 909 3971 quae
929 3888 1137 3973 praecedunt.
1159 3892 1326 3956 itatamen

134 3998 176 4057 ut
211 3993 319 4058 verius
359 3993 490 4057 fortasse
531 3992 704 4056 Aristonici
746 3993 903 4056 dictionem
938 3995 1075 4059 referant
1114 4016 1211 4080 quam
1246 4018 1326 4082 quae

170 4255 198 4316 i)
216 4251 245 4299 M
262 4250 387 4310 (Vnumne)
404 4253 428 4299 ct
446 4249 467 4298 V
485 4249 648 4314 (Monacensis
664 4248 722 4310 2333
738 4249 841 4299 chartac.
860 4264 917 4300 saec.
937 4251 994 4315 XV)
1013 4251 1075 4316 apud
1090 4250 1254 4303 Lndsrichinm
1265 4257 1329 4304 oter·

131 4358 182 4408 quc
201 4340 297 4407 praebet
315 4334 466 4402 τιμαρτῖται.
