2978 4950
715 167 782 236 464

151 353 342 431 ἀλληγορίας
373 356 622 431 έεολογήοαντος.
670 356 813 423 Pessime
844 360 923 424 haec
954 359 987 422 in
1018 356 1183 423 codicibus
1208 357 1325 433 indo,

151 478 225 524 cum
249 466 282 525 et
301 459 437 536 μέμονεν
461 468 493 526 et
517 451 718 542 παρεισάγειν
741 465 780 530 de
802 465 943 531 Homero
967 466 1053 530 dicio
1077 465 1259 549 oportebat,
1275 484 1327 529 nou

151 565 189 630 de
225 565 287 632 elio
318 568 456 651 quodem
489 569 570 635 hanc
604 569 765 637 fictionem
798 581 834 637 ut
866 575 1000 657 impiam
1032 571 1203 656 culpante,
1227 573 1278 656 qui
1297 574 1326 635 ui

150 677 278 758 propter
319 673 400 738 henc
440 677 695 742 criminationem
731 681 900 754 μεμηνέναι
936 679 1068 744 fortasse
1103 678 1144 742 eb
1179 676 1327 743 Herscliic

151 784 300 858 Φορτιιιιῖις
333 778 481 865 loquente
512 783 574 848 dici
610 787 735 869 potuit,
768 792 801 850 et
833 791 917 851 cerie
948 806 1011 851 uon
1035 787 1120 855 θεοὺς
1145 785 1326 864 μαχομένοις

39 967 44 975 ἱ
149 887 298 961 ἀλλήλοις
337 891 549 966 παρεισάγειν.
597 891 707 975 Neque
742 890 924 957 Mehlerum
959 891 1061 979 fugit,
1099 890 1328 968 „Heraclitum

150 994 307 1077 siquidem
331 996 492 1079 sepiebat,
520 998 565 1061 ite
594 999 729 1062 scribere
759 1019 820 1063 non
845 1002 993 1083 potuisse.
1043 995 1105 1063 oni
1130 997 1190 1062 hoc
1213 998 1328 1062 forceo

149 1106 197 1164 est
231 1101 485 1165 restituendum:
521 1103 624 1167 οὔκουν
660 1101 735 1168 οὕτω
772 1106 924 1181 μέμκνεν,
958 1106 995 1175 ὥς
1031 1140 1050 1154 -
1064 1139 1083 1153 -
1118 1104 1327 1185 παρεισάγειν,

147 1204 302 1285 Ὀμιρρος,
318 1215 451 1289 φυτικῆς
472 1211 565 1274 ταῦτ’
588 1213 684 1276 αὐτοῦ
706 1213 743 1276 δι’
764 1213 839 1277 οέλλ.
861 1212 1131 1290 έεολογιὶσιιντος.”
1155 1211 1192 1276 In
1212 1210 1328 1277 medem

149 1318 340 1378 sententiem
375 1315 443 1399 ipse
478 1319 682 1382 correxerim:
720 1319 779 1388 Τίς
810 1315 860 1382 οὖν
891 1315 966 1382 οὕτω
999 1317 1270 1402 μεμανέν(αι),
1295 1318 1328 1386 ές

150 1420 231 1490 θεοὺς
262 1422 460 1499 μαχομένους
493 1422 641 1494 οέλλιέλοις
666 1425 887 1508 παρεισάγειν,
911 1426 1055 1511 (λέγει)
1077 1424 1328 1506 'Ouum-27*

149 1529 262 1598 σινιῶς
287 1528 346 1613 (ita
373 1528 476 1611 codd.)
499 1534 605 1593 ταῦτα
630 1531 667 1594 δι’
691 1531 884 1609 οέλλιιγορέοις
910 1531 1167 1609 έεολογήοοιντΑ;
1193 1531 1245 1596 lca
1266 1551 1326 1595 uc.

148 1656 179 1719 p.
205 1633 242 1698 4:
267 1634 314 1707 τές
339 1633 369 1698 δ’.
390 1635 439 1698 er>
463 1635 581 1708 τούτοις
602 1638 757 1715 Ὀμιιροι
777 1637 881 1713 οὶσεβιῑ
901 1639 1008 1716 λέγειν
1028 1644 1153 1721 τολμᾷ;
1168 1637 1328 1722 eodemque

148 1741 250 1806 forme
272 1741 488 1828 interrogandi
513 1748 622 1808 eucbor
645 1745 771 1828 saepius
795 1747 908 1809 utitur.

192 1953 229 2021 G.
253 1954 312 2019 LX
338 1956 381 2041 (p.
410 1953 504 2034 122):
531 1955 602 2020 Ἐπὶ
626 1957 680 2028 τὴν
707 1957 807 2030 ἠθικὴν
836 1957 1029 2034 μεταβῶμεν
1054 1955 1252 2022 Ὀδύσσειαν.
1272 1956 1328 2021 οὐδὲ

147 2062 211 2142 γὰρ
243 2060 323 2137 ιιῖέτιι
354 2063 478 2134 τελείας
511 2060 763 2140 ἀφιλοσόφητος·
797 2064 873 2127 ἀλλ’
905 2064 935 2126 έν
968 2063 1122 2142 ἑκατέροις
1146 2073 1212 2137 τοῖς
1236 2086 1328 2140 cerev

147 2169 220 2241 τέοις
239 2165 337 2243 ὅμοιον
357 2169 533 2247 εὑρίσκομεν
542 2169 699 2252 Ὅμηρον,
713 2168 805 2245 μηδὲν
826 2171 894 2250 erpi
915 2171 985 2234 θεῶν
1005 2171 1143 2251 ιέπρετὲς
1162 2173 1327 2250 ἱστοροῦντι

148 2276 240 2362 [δέκα
275 2275 306 2340 δέ
340 2283 395 2348 τῆς
428 2275 573 2351 τοιαύτης
611 2276 771 2355 ἐμπειρίας
809 2279 1043 2362 αἰνιττόμενον]Ι
1093 2277 1186 2358 Quae
1216 2279 1328 2344 meinis

145 2383 268 2448 incluse
299 2383 430 2447 exhibui
462 2383 616 2449 vocabule
647 2405 708 2448 non
741 2385 954 2450 meoiudicio
980 2384 1327 2461 textuidetrebuniur‚

145 2492 198 2555 sed
231 2490 367 2555 Meblcri
402 2493 447 2554 sic
472 2490 683 2575 disputantis:
711 2490 872 2566 „eiusdem
896 2491 998 2572 (haec)
1024 2491 1180 2556 videniur
1203 2513 1268 2556 esee
1287 2491 1326 2554 is·

143 2601 246 2674 rinee,
281 2601 370 2660 cuius
402 2600 466 2660 iem
503 2598 595 2681 plura
627 2619 681 2680 pcr
714 2603 836 2659 tortum
864 2598 1083 2661 Hcrnoliteum
1112 2599 1327 2664 demonstravi.

144 2706 217 2767 Serri
249 2706 491 2785 interpolatoris,
525 2725 580 2767 uec
613 2705 820 2766 inveniuntur
850 2707 883 2766 iu
915 2707 1036 2788 optimo
1067 2705 1135 2768 cod.
1169 2706 1216 2781 D,
1240 2725 1328 2788 noque

144 2812 227 2894 epud
251 2810 479 2884 Scholiosiem‚
504 2813 556 2893 qui
583 2832 601 2873 a
626 2810 788 2873 vocabulis
814 2813 937 2878 τελείας
962 2810 1201 2890 ἀφιλοσόφητος
1223 2813 1326 2895 raptim

144 2919 257 2980 transit
281 2917 318 2979 ed
347 2936 400 2987 ee,
428 2937 507 2998 ques
532 2926 605 2978 sunt
631 2917 703 2979 inde
729 2938 746 2979 e
771 2919 873 2999 (rapite
896 2915 969 2979 61.”
993 2919 1036 2980 At
1057 2938 1139 3000 quae
1162 2918 1239 2982 haec
1260 2919 1327 2981 tutio

144 3031 207 3106 esi,
239 3043 318 3106 queo
349 3023 493 3106 expedire
527 3043 679 3105 nequem,
715 3043 748 3086 es
782 3030 947 3105 propterea
980 3024 1085 3087 delere
1117 3030 1155 3087 ut
1179 3018 1327 3088 insiticia?

144 3132 212 3209 Quo
247 3130 374 3192 tandem
413 3129 542 3192 consilio
575 3130 650 3192 hece
683 3150 775 3192 sensu
808 3149 894 3192 cassa
918 3129 1086 3193 adiecisset
1111 3125 1327 3214 interpoletur?

143 3239 186 3302 At
210 3237 322 3300 desunt
349 3239 380 3297 in
404 3257 465 3298 uno
490 3235 614 3309 codice,
641 3246 796 3318 quantum
820 3235 966 3319 equidem
989 3237 1082 3299 video
1104 3240 1238 3301 caeteris
1256 3232 1327 3299 nihil

144 3343 204 3407 fide
229 3344 387 3428 digniore,
413 3348 444 3404 ei
469 3342 552 3424 apud
578 3341 800 3405 Schoiissueru.
841 3341 951 3424 licque
977 3343 1199 3406 antecedent-ia
1216 3360 1327 3426 quoquc

143 3452 230 3534 (ἀλλ’
257 3450 285 3511 έν
310 3450 460 3525 ἑκατέροις
476 3483 526 3497 --
549 3449 686 3524 οὶτρετὲς
712 3450 903 3531 ἱστοροῦντα)
927 3446 1092 3512 Heraclito
1116 3450 1327 3513 abiudicemus

106 3538 114 3554 ⁶
142 3577 267 3621 necesse
292 3566 354 3638 eet,
380 3558 529 3638 quoniam
556 3556 638 3638 opud
664 3555 798 3618 eundem
821 3554 1030 3618 Sciroliestem
1049 3555 1179 3619 desunt.
1202 3554 1327 3619 Moleste

142 3667 238 3730 verbe
265 3672 338 3727 suni
372 3672 402 3727 ct
436 3663 520 3726 houd
554 3664 649 3726 dubie
681 3672 847 3746 corrupta,
875 3663 906 3724 iu
934 3661 1050 3744 quibus
1076 3662 1281 3726 restituendis
1301 3668 1327 3724 et

143 3771 301 3837 Gesnerue
331 3778 363 3834 et
395 3770 557 3833 Schcnvius
591 3769 801 3842 desudarunt,
827 3769 878 3831 hic
904 3769 1044 3844 ιὶτειρίας
1069 3771 1260 3850 conficiens,
1281 3766 1328 3830 ille

142 3878 326 3956 ιέτρειιείας.
353 3877 400 3940 De
425 3877 541 3960 quibus
566 3875 625 3938 hoc
651 3875 784 3938 Mchleri
806 3875 961 3937 iudicium
984 3881 1048 3937 est:
1075 3884 1235 3958 „praestet
1253 3872 1326 3937 houd

141 3985 236 4048 dubie
274 3983 410 4047 Schowii
448 3985 627 4045 coniectura
665 3979 901 4044 Gesnerienee.'’
945 3980 1101 4063 Equidem
1140 3992 1173 4045 et
1211 3984 1244 4044 in
1278 3981 1325 4042 boc

143 4092 360 4155 aestimatione
386 4092 432 4152 iie
457 4090 495 4152 ab
521 4090 589 4152 eius
614 4088 707 4152 effato
729 4089 879 4150 dissentio
899 4094 935 4149 ui
956 4094 1102 4150 uenirem
1125 4087 1324 4152 coniecturam

143 4199 291 4283 probem,
326 4197 493 4278 locumque
526 4194 639 4259 lacuna
672 4195 759 4259 hiorc
791 4194 896 4277 potius
929 4197 1105 4257 censuerim
1132 4197 1178 4258 sic
1199 4195 1262 4258 sere
1282 4213 1324 4257 ex·

143 4302 274 4392 pleude:
311 4339 329 4352 -
345 4337 362 4350 -
397 4299 494 4378 ὅμοιον
520 4301 696 4380 εὑρίσκομεν
718 4299 875 4384 Ὅμηρον,
900 4301 992 4377 μηδὲν
1015 4300 1083 4379 περὶ
1109 4304 1179 4366 θεῶν
1203 4298 1323 4380 οὶπρετέι
