2978 4950
707 125 773 192 484

145 336 224 400 quae
245 318 342 380 insint
363 318 488 402 propria
508 319 541 381 in
562 337 764 382 communem
785 318 933 382 notitiam
956 317 1178 402 proferantur,
1203 313 1333 399 -quod

144 421 367 488 Ludwichium
379 423 538 488 facturum
551 443 647 509 quam
661 423 802 488 maxime
813 427 972 508 optamus,
989 459 1029 472 -
1043 421 1099 488 sed
1111 422 1183 488 eive
1195 419 1333 487 Senaehi

144 529 251 593 cibum
272 529 340 595 sive
359 533 541 617 quicunque
562 530 690 594 tandem
710 533 779 595 eius
797 530 1016 595 auctorluerit
1028 531 1212 614 antiquiora
1223 525 1334 593 scholia

145 636 331 720 praesertim
356 657 394 699 cx
418 636 450 700 H
475 633 528 701 vel
551 635 648 700 huius
673 635 926 733 archetypcnon
944 634 1048 700 multo
1067 637 1181 700 minua
1194 634 1336 700 lacunosa

146 759 315 826 usurpasse
341 762 435 826 quam
460 762 517 807 noe
540 762 577 807 ea
601 743 744 806 terimus.
791 741 859 805 Hac
880 742 974 824 icitur
997 743 1123 804 lacum
1146 742 1211 825 ipe'c
1233 741 1335 805 ecia·

142 847 229 929 penio
258 859 404 934 utcunque
434 849 579 932 explevit,
605 853 637 912 et
659 852 766 913 nostro
789 848 919 933 quidem
943 847 1014 914 loco
1037 847 1215 914 admodum
1237 843 1336 912 inl'eli-

144 956 233 1019 citer.
281 953 386 1038 Nem,
417 961 455 1019 ut
485 957 614 1019 mittam
648 974 785 1038 pravum
810 954 994 1033 ὁρμηθέντας
1020 958 1053 1020 et
1077 956 1212 1028 τωίνῐνατ
1232 955 1336 1018 minus

145 1063 318 1126 sententiaa
349 1061 623 1126 accommodatum
648 1081 744 1145 qnam
769 1061 853 1145 quod
876 1081 937 1149 ego
962 1061 1172 1126 coniiciebam
1195 1055 1335 1124 ἀνατοά·

146 1170 249 1244 actas,
281 1166 440 1232 inutiliter
469 1167 640 1232 admodum
673 1168 712 1232 ad
744 1168 960 1233 antecedentia
985 1167 1161 1233 adhaerent
1184 1165 1259 1232 illa:
1283 1166 1337 1230 ίοοί

146 1297 181 1337 τε
214 1277 399 1358 (praestaret
429 1273 541 1339 saltem
575 1273 654 1356 νάο,
687 1274 741 1338 eed
766 1272 954 1359 praetulisse
977 1279 1056 1359 puto
1081 1272 1337 1359 interpolatorem

146 1404 198 1453 τε,
224 1383 374 1465 quoniam
394 1380 457 1457 γάρ
482 1384 545 1445 iam
570 1382 604 1444 in
629 1379 826 1464 praecedenti
850 1381 995 1445 membro
1019 1380 1081 1464 eet)
1106 1379 1229 1458 δοτῆρες
1246 1379 1335 1464 (δατ.)

147 1486 239 1568 ἐνίων,
270 1493 407 1571 euntque
439 1503 546 1551 contra
584 1489 683 1551 tutius
714 1488 916 1570 antiquitatis
951 1491 1113 1563 mentem,
1156 1488 1336 1571 praesertim

145 1592 353 1669 Homericae,
390 1593 475 1658 dicta
505 1614 544 1657 ex
576 1590 830 1657 Christianorum
863 1591 1022 1663 doctrina.
1053 1602 1093 1656 ut
1119 1591 1245 1658 scilicet
1266 1591 1337 1657 haec

145 1700 301 1763 sententia
330 1699 426 1763 insit:
458 1697 570 1763 nolunt
601 1698 645 1762 dii
668 1718 725 1763 nos
748 1701 869 1783 perire,
896 1699 958 1782 ipsi
981 1700 1069 1762 enim
1093 1698 1253 1763 bonorum
1277 1703 1337 1762 tan·

145 1815 236 1888 tum,
271 1823 332 1869 non
368 1803 606 1879 calamitatum,
644 1810 788 1870 auctores
823 1811 909 1869 sunt.
962 1802 1167 1889 Quapropter
1200 1810 1337 1870 noetmm

146 1916 229 1976 certe
252 1909 358 1976 locum
383 1909 631 1976 Vindobonensie
654 1913 784 1976 sensisse
816 1913 922 1998 magis
954 1910 1083 1975 videtur
1111 1931 1211 1995 quam
1236 1912 1336 1985 sarsit.

144 2020 273 2101 eiusque
305 2016 440 2082 aliarum
470 2037 595 2102 quoque
622 2016 809 2082 lacunarum
840 2015 1082 2102 supplementa,
1114 2018 1145 2080 si
1175 2036 1242 2102 qua
1264 2016 1335 2084 olim

146 2123 339 2210 prodibunt,
362 2143 481 2210 magua
505 2143 579 2188 cum
604 2124 749 2189 cautione
772 2123 951 2189 adhibenda
974 2125 1170 2189 censuerim.

189 2364 235 2415 μ,
260 2337 336 2404 303.
383 2337 511 2427 Rogatu
543 2338 650 2405 Ulixis
681 2343 758 2406 socii
781 2341 945 2418 ἀπώμνυον
968 2342 1006 2412 ἀς
1032 2339 1187 2405 ἐκέλευον.
1222 2337 1337 2423 Nempe

87 2448 91 2456 ’
144 2448 182 2511 ὥς
218 2446 249 2509 οὐ
283 2443 434 2521 βλάψοον
468 2444 542 2521 βοῦν
575 2453 630 2519 τῆς
662 2448 715 2510 τοῦ
747 2445 852 2511 Ἡλίου
884 2445 1003 2524 ἀγέλης
1037 2445 1054 2520 ἢ
1090 2444 1264 2525 πρόβατον.
1293 2442 1338 2530 (Q)

146 2552 268 2616 Immo:
293 2553 331 2623 ὡς
355 2552 388 2614 οὐ
411 2550 636 2630 βλάψουσι.

192 2792 233 2842 μ,
261 2764 336 2830 378.
385 2770 499 2829 Ταῦτα
524 2768 538 2828 ο”
561 2763 666 2836 Ἥλιος
692 2767 762 2845 πρὸς
788 2767 839 2830 τὸν
864 2768 928 2832 Δία
952 2768 1106 2846 ἀρώμενος
1133 2767 1245 2845 λέγει,
1271 2765 1339 2835 ἔτας

148 2872 335 2951 ἀντοβλάψμ
362 2873 432 2943 τοὺς
457 2873 591 2949 ἑταίρους
617 2879 669 2936 τοῦ
697 2872 890 2949 Ὀδυσσέως,
918 2875 974 2938 ὑπὸ
1000 2872 1038 2938 ὦν
1061 2875 1123 2944 τάς
1151 2877 1250 2938 αὐτοῦ
1275 2874 1339 2951 βοῦς

147 2980 199 3044 καί
234 2980 275 3042 τά
309 2978 455 3056 τρίβοντα
487 2978 618 3042 ἔκτεινόν
650 3004 684 3043 τε
714 2982 765 3042 καί
791 2979 922 3058 ἔφαγον.
949 2980 1001 3064 (Q)
1028 2979 1196 3047 Graecum
1222 2987 1338 3067 putem:

147 3085 226 3159 ὅπως
252 3085 439 3164 ἀντοβλάψντ
462 3120 515 3135 --
540 3083 619 3150 ἀνθ’
646 3084 684 3150 ὦν
708 3121 755 3136 --
780 3085 910 3152 ἔκτεινόν
934 3112 970 3152 τε
993 3088 1046 3152 καί
1073 3085 1211 3167 ἔφαγον.

193 3325 237 3376 μ,
269 3299 346 3363 411.
395 3297 497 3364 Navis
520 3306 715 3365 armamenta
738 3305 845 3368 omnia
869 3304 911 3373 είς
936 3300 1047 3366 ἀντλον
1073 3301 1260 3382 κατέχυνθ’.
1301 3298 1340 3366 Ad

148 3405 259 3471 ἄντλον
282 3406 361 3470 BH:
385 3408 427 3475 είς
452 3406 503 3469 τὸν
527 3407 619 3470 τόπον
644 3414 697 3479 τῆς
723 3409 866 3479 ἀντλίας.
891 3407 1079 3493 Sequuntur
1103 3410 1267 3493 quaedam
1280 3412 1342 3494 poet

147 3515 296 3585 ἀντλίας,
323 3533 402 3596 quae
427 3511 608 3576 Dindorfiue
632 3534 692 3577 non
718 3535 780 3578 uno
800 3515 895 3579 modo
916 3516 1021 3580 refert.
1047 3514 1087 3579 ln
1109 3514 1200 3600 App.
1224 3513 1340 3601 pute:

148 3619 220 3695 „riv
252 3640 314 3683 om.
347 3618 400 3681 H'’
426 3657 465 3666 -
492 3621 596 3704 inquit
622 3657 662 3667 -
691 3627 741 3701 „et
773 3621 1001 3704 postularetur
1027 3620 1148 3686 addere
1173 3623 1340 3688 diciturc'a·

146 3727 188 3791 είς
213 3727 248 3786 τὸ
272 3729 363 3801 μῦρον
390 3722 460 3808 (ί).”
487 3726 529 3787 At
552 3727 584 3787 in
609 3724 711 3790 Praei.
737 3727 781 3810 (p.
808 3726 897 3811 LXI)
914 3728 1013 3792 codex
1035 3729 1192 3811 praebere
1216 3729 1344 3794 dicitur:

149 3831 301 3905 »ἀντλίας
335 3833 369 3893 τὸ
401 3835 492 3906 μῦρον
525 3830 625 3913 (elo.)''
658 3831 774 3910 Quidni
808 3836 1021 3920 corrigamus:
1044 3835 1090 3903 είς
1118 3832 1238 3899 ἄντλον
1262 3831 1340 3897 κατί-

149 3938 253 4015 χυνί“τ
287 3936 328 4005 είς
361 3935 410 3998 τὸν
443 3936 534 3999 τίτον
558 3945 611 4008 τῆς
637 3938 785 4002 ἀντλίας·
811 3941 855 4010 ὡς
881 3941 939 4008 τίς
966 3940 1007 4003 τὸ
1032 3938 1184 4017 μύρονί
1210 3940 1235 4004 Ι.
1250 3962 1275 4005 e.
1300 3938 1339 4002 ἀν·

148 4055 220 4109 τλος
252 4042 377 4124 proprie
407 4061 521 4124 aquam
551 4045 707 4106 marinam
740 4043 900 4128 significat
923 4048 956 4108 in
980 4048 1144 4109 sentinam
1171 4066 1206 4110 se
1233 4047 1338 4109 insinu-

149 4158 274 4226 antem,
311 4146 363 4209 hic
398 4154 502 4211 autem
542 4148 673 4211 ἀντλίαν
706 4149 792 4214 valet
827 4150 997 4236 locumque
1031 4153 1145 4233 ipsum
1184 4151 1336 4239 designat,

150 4251 416 4331 quemadmodum
439 4253 521 4337 apud
546 4256 669 4319 Atticos
692 4256 783 4334 μύρον
809 4260 908 4321 etiam
932 4265 980 4322 est·
1003 4265 1234 4334 μοροντωλεῐον.
1279 4254 1336 4321 Hoo
