2978 4950
716 147 781 223 892

190 347 222 424 ί,
250 345 327 413 547.
374 345 462 411 ’Λντί
487 349 675 427 κασιγνήτου
699 346 795 424 ξεῖνός
818 348 844 411 δ’
866 320 969 418 ἱκέτης
995 367 1030 406 τε
1053 338 1202 406 τέτυκται

285 532 289 537 ι
372 452 471 533 ανέρι,
497 450 528 525 ὅς
549 453 580 519 τ’
604 453 710 532 ίλίγον
734 477 789 533 περ
814 450 953 532 ἕπιψαὺη
977 447 1194 528 πραπίδεσσιν.

145 558 270 625 Ultima
301 579 363 624 non
395 580 470 625 sene
503 559 642 628 dilucide
674 560 760 626 dicte
790 561 836 625 sic
871 560 1073 643 exponuntur
1108 555 1142 617 in
1177 548 1223 615 'l'c
1252 548 1317 611 ἔτι·

145 663 354 746 πνγχένη,
391 673 633 748 καταφρονῇ
670 667 712 747 τῷ
744 664 852 731 κατὰ
886 664 990 744 μικρὸν
1022 659 1194 742 Φρονησειις
1224 653 1318 736 ἔχοντα

145 775 275 844 πιίοινῶς
307 773 338 836 δὲ
370 775 424 847 την
457 773 568 837 ἐκείνου
603 773 712 855 χρείαν
745 771 895 850 κατέμιξε
927 780 965 853 τῇ
999 768 1158 848 ἒρινπιίσει,
1186 760 1233 828 ἵνα
1254 760 1319 839 nitu

147 885 205 944 τοῦ
241 879 288 944 δεῖ
321 879 456 956 πέμπειν
490 880 593 945 αὐτόν.
641 880 713 946 Νοιι
742 879 894 966 intellego
926 877 979 943 hic
1011 878 1219 954 καταφρονεῖν
1239 887 1320 952 neque

146 1006 282 1071 usquam
314 984 456 1051 locorum
486 986 555 1053 vidi
584 1007 659 1052 oum
683 987 792 1052 dativo
816 990 993 1059 structum,
1018 1001 1121 1066 neque
1144 976 1246 1063 mugio
1265 980 1321 1055 Φιι

148 1095 259 1167 νησεως
292 1090 377 1171 ἔχειν
409 1090 492 1156 mihi
515 1092 644 1177 quidem
668 1092 956 1178 expeditissimum.
1004 1086 1183 1153 Videamus
1205 1103 1243 1148 en
1262 1080 1322 1145 hec

148 1197 345 1282 expeditiora
367 1198 476 1262 future
498 1197 581 1262 sint:
606 1196 854 1278 ἐπιίιγγοίνη
878 1198 946 1262 καί
977 1195 1185 1275 ὄμοφρονῦ
1209 1189 1248 1268 τῷ
1269 1183 1320 1250 ccl

148 1306 253 1384 μικρὸν
288 1308 457 1384 Φρονησεως
492 1303 607 1384 ἔχοντι.
655 1304 793 1370 Plurimi
824 1307 1036 1388 interpretum
1065 1294 1263 1386 (Apollonius
1282 1292 1323 1355 St·

149 1410 273 1494 phistri,
299 1409 502 1496 Hesychius,
525 1410 652 1494 Suides)
681 1410 820 1492 έπιψαύη
843 1408 980 1475 reddunt
1002 1428 1059 1493 per
1082 1398 1267 1481 ἐπιίιγγιίνη
1285 1393 1323 1462 ιι]

150 1517 283 1596 resec
330 1516 425 1593 Mox,
453 1524 489 1582 ut
512 1520 697 1602 saepissime
720 1521 754 1581 in
777 1516 820 1600 Τ,
845 1517 1036 1602 praepositio
1060 1516 1134 1577 onte
1154 1515 1323 1590 Φρσνῡ-ωι

149 1625 266 1687 omissa
298 1630 365 1707 est,
390 1643 451 1707 quo
475 1624 560 1689 fecto
584 1624 635 1687 καί
661 1624 776 1690 abiisse
801 1623 928 1689 videtur
951 1624 985 1685 in
1009 1618 1106 1685 κατα.
1156 1615 1193 1680 In
1214 1631 1324 1696 sequm

150 1729 238 1794 tibus
268 1730 488 1795 scribendum:
521 1727 570 1794 ἵνα
600 1730 684 1812 μοίίη
708 1739 778 1796 ποί
799 1730 846 1794 δεῖ
867 1728 1004 1807 πέμπειν
1029 1728 1136 1792 αὐτόν.

196 1946 231 2017 ί,
256 1941 333 2008 564.
382 1945 581 2008 Ἀίετοῦνσαι
604 1945 682 2029 (ves.
707 1941 918 2026 564-571)·
942 1940 1118 2020 σίκειίπερον
1141 1939 1206 2018 γαρ
1229 1936 1257 2001 έν
1277 1939 1325 2003 volt

147 2047 240 2125 ἑξῆς,
270 2044 345 2113 ὅταν
374 2048 460 2112 ίδιισι
491 2052 545 2124 την
580 2055 653 2113 ναῦν
684 2048 951 2126 οὶπολελιίινμένην
982 2048 1040 2113 ὑπὸ
1070 2052 1125 2112 τοῦ
1150 2042 1328 2111 Ποσειδᾶνος.

151 2157 184 2220 ἐκ
214 2159 268 2219 τοῦ
300 2155 577 2233 ἀποτελέσματος,
606 2153 705 2235 ίίστερ
736 2156 750 2219 ί
783 2158 922 2236 Κύκλωψ
955 2154 1015 2221 ὑπὸ
1039 2158 1094 2218 τοῦ
1108 2200 1139 2218 ..
1233 2150 1328 2226 haret·

151 2264 342 2340 μνήσκεπαι,
367 2262 419 2326 καί
445 2265 462 2336 ἡ
488 2263 600 2342 Κίρκη·
628 2260 667 2340 ,ἦ
691 2263 729 2328 σύ
753 2261 788 2340 γ’
802 2261 972 2337 Ὀδυσσεύς
997 2259 1084 2326 ἒσσι”
1096 2262 1129 2346 (ιι
1142 2256 1233 2344 330)·
1246 2252 1328 2342 [καί]

151 2369 284 2434 ένταῦία
319 2366 350 2432 δέ
382 2373 663 2446 παλιλλογοῦνται.
689 2370 713 2433 εί
739 2369 770 2433 δὲ
793 2366 891 2446 έμαίε
914 2367 1087 2441 Ὀδυσσεὺς
1113 2367 1167 2430 τὸν
1188 2358 1331 2446 χρησμίν,

150 2477 203 2540 οὐκ
234 2474 272 2542 ἂν
303 2477 407 2545 αὐτοῖς
442 2475 575 2551 ἐμήνυσε
609 2477 650 2539 τοί
684 2475 757 2554 ὑπὲρ
791 2476 905 2557 αὐτοῦ,
930 2475 995 2540 οὐδέ
1021 2474 1181 2542 ’Λλκίνοος
1206 2468 1332 2547 ἔπεμψεν

152 2580 245 2644 αὐτὸν
271 2580 425 2659 ὑπερβολῇ
451 2579 642 2657 Φιλοξενίας.
670 2582 759 2644 οίλλοὶ
786 2582 837 2645 καί
864 2581 944 2660 εὐχη
968 2579 1082 2657 γέγονε
1106 2582 1162 2642 τοῦ
1183 2578 1333 2642 Κύκλωπος

153 2689 230 2768 ,ὀψὲ
265 2693 364 2757 κακῶς
396 2685 474 2749 rice
504 2687 569 2759 νηὸς
599 2686 649 2749 ἐπ’
676 2687 858 2765 οὶλλστρίης”
884 2688 907 2771 (ι
934 2686 1038 2768 535.).
1068 2686 1158 2750 ιἰλλα
1184 2684 1238 2748 καί
1261 2680 1335 2746 αὐτοὶ

150 2794 220 2877 ἴσως
246 2792 368 2870 ἔχαιρον
392 2801 430 2871 τῇ
462 2795 590 2871 πηρώσει
615 2800 668 2856 τοῦ
694 2793 880 2876 Κύκλωπος,
906 2794 944 2857 δι’
969 2793 1071 2856 αὐτῶν
1098 2788 1337 2868 ἀναγκασθέντες

151 2906 343 2977 μετοικῆσαι.
370 2897 422 2981 (Τ)
458 2898 534 2962 Post
567 2902 708 2963 virorum
742 2902 908 2964 doctomm
933 2921 1025 2965 eures
1050 2899 1145 2984 plura
1171 2901 1340 2963 etiamnunc

152 3028 247 3090 super
276 3006 335 3068 hac
366 3011 441 3068 nota
467 3005 749 3070 animadvertendo
772 3013 952 3091 supersunt.
1003 3006 1072 3071 lem
1097 3008 1245 3092 primum
1268 3003 1338 3066 lscu·

152 3135 227 3177 nam
252 3118 322 3195 post
347 3112 403 3173 ὑπὸ
429 3115 481 3173 τοῦ
508 3112 585 3174 elim
610 3132 648 3174 ex
670 3114 849 3176 coniectura
868 3112 1008 3177 Gobetus
1030 3112 1076 3177 sic
1097 3114 1273 3178 sarciebat:
1291 3104 1337 3170 et

152 3224 205 3283 τοῦ
240 3220 254 3281 ί
264 3217 437 3291 νίματος
464 3217 744 3291 ἀναμιμνήσκεται.
773 3219 904 3303 (Mnem.
931 3219 971 3283 N.
998 3217 1031 3282 S.
1057 3218 1092 3295 Ι,
1123 3216 1224 3295 1873,
1251 3239 1280 3302 p.
1301 3212 1337 3298 2).

154 3323 341 3389 liudwichio
362 3330 469 3386 eutem
491 3325 671 3386 auctorem
695 3323 802 3388 codice
822 3346 884 3389 non
906 3325 966 3389 hoc
987 3325 1128 3412 legitur,
1152 3326 1208 3390 sed
1230 3323 1339 3388 ὑπὸτοῦ

152 3433 303 3506 μάντεως.
318 3429 362 3511 (p.
378 3427 467 3499 449).
492 3427 523 3490 A
558 3448 619 3491 nou
639 3437 769 3511 possunt
789 3430 866 3495 hoec
887 3439 971 3494 recte
993 3434 1114 3516 scripte
1126 3432 1251 3495 heberi.
1281 3425 1341 3492 Non

153 3540 236 3602 enim
267 3532 404 3619 Cyclops
434 3555 489 3616 per
519 3547 626 3597 vetem
651 3541 789 3600 veterem
816 3535 923 3600 Ulixis
950 3538 1158 3613 recordetur,
1183 3536 1240 3602 sed
1263 3534 1342 3620 plane

153 3650 262 3706 eontra
294 3648 358 3704 est:
392 3646 538 3723 percepto
572 3638 677 3703 Ulixis
707 3644 836 3706 nomine
861 3648 966 3706 ceteris
993 3645 1135 3707 vaticinii
1161 3642 1342 3708 recordetur.

152 3747 251 3811 Mitto
276 3746 396 3818 dicere,
418 3749 444 3809 si
465 3751 517 3808 τοῦ
541 3744 679 3819 μοίνιεως
699 3768 810 3810 verum
833 3755 932 3818 esset.
953 3771 1017 3814 non
1038 3751 1211 3815 cohaerere
1224 3766 1344 3833 sequens

154 3853 204 3915 καί
232 3855 248 3923 ἡ
275 3852 386 3928 Κίρκη,
411 3870 491 3934 quae
516 3871 576 3914 uon
601 3872 655 3934 per
679 3859 784 3916 vetem
810 3854 863 3917 sed
889 3876 944 3938 per
964 3855 1167 3921 Mercurium
1190 3856 1230 3920 de
1253 3854 1346 3919 Ulixis

154 3958 293 4021 elvcncu
324 3963 555 4039 praemonetur.
590 3961 621 4038 (x
648 3957 851 4042 330-332.)
884 3960 996 4045 lteque
1022 3963 1198 4048 adsumpto
1224 3970 1347 4045 utroque

155 4061 323 4143 vocabulo,
345 4061 444 4127 altero
462 4061 545 4145 quod
565 4066 597 4125 in
619 4063 725 4127 codice
747 4065 835 4129 adest
848 4066 960 4130 leviter
974 4075 1134 4145 correcte,
1153 4071 1347 4155 scripserim:

155 4164 252 4245 ὥσπερ
284 4168 458 4245 ίΚύκλωψ
484 4167 539 4229 ὑπὸ
565 4174 617 4231 τοῦ
645 4169 860 4252 (ίνίματος
891 4175 975 4257 τῆς)
999 4179 1219 4250 μαντείας
1245 4179 1349 4252 ἀναμι-

154 4274 344 4358 μνήσκεται,
379 4273 429 4336 καί
465 4274 481 4345 η
510 4275 612 4352 Κίρκη.
661 4274 761 4358 Tum,
787 4279 886 4343 eiecto
910 4282 982 4357 καί,
1010 4283 1051 4346 ud
1076 4288 1350 4363 ταλιλλογοῦνται
