2978 4950
657 206 723 281 269

114 396 173 473 er.-
198 398 252 474 τάν
279 398 445 480 ἔπιβονλὶρν
476 401 626 480 λάβωτιν.
677 402 731 470 Sic
761 401 898 484 HPQ'P,
923 421 994 468 oum
1020 399 1175 468 lemmate
1198 399 1284 467 male

114 507 211 590 ripto
230 505 266 570 εί
283 531 319 572 τε
331 507 396 590 βίρ.
421 507 458 573 ln
470 510 539 594 ipso
551 508 671 574 scholio
683 531 740 574 cur
752 511 910 574 intactum
922 507 1068 573 relictum
1081 509 1124 571 sit
1135 509 1169 573 iu
1181 509 1284 592 priore

114 614 211 679 atesi
230 613 255 677 εί
274 611 430 695 μὲν-ᾖ,
450 617 484 679 in
503 614 602 680 altera
619 619 781 700 optativus
798 618 841 681 sit
860 620 1017 680 correctus
1034 615 1059 676 εί
1078 613 1110 678 δὲ
1128 650 1169 662 -
1185 611 1282 694 ἔχοι,

114 737 171 783 m
199 718 320 785 codices
350 723 467 805 purtim
501 719 586 808 (HTj
617 721 683 800 ἔχει
717 722 811 798 dent,
843 723 962 807 partim
996 718 1077 806 (Po)
1109 717 1184 800 ἔχρ,
1211 739 1284 784 acu·

114 823 226 889 tribus
246 825 406 911 relinquo
436 827 654 893 divinandum.
701 827 774 913 Ipse
805 835 913 892 tamen
943 823 1126 899 Dindorfius
1158 829 1192 891 in
1216 825 1284 890 Ste-

116 931 191 996 ani
219 928 380 997 Thesauro
407 932 668 1018 aliquammultos
699 933 784 999 locos
816 933 960 1020 collegit,
988 933 1045 997 nbi
1068 933 1093 995 εί
1123 933 1207 1016 apud
1236 953 1284 996 se-

114 1037 216 1103 iores
238 1058 312 1103 cum
337 1042 539 1105 coniunctiro
563 1043 773 1117 construitur,
797 1061 898 1125 neque
932 1041 965 1103 in
996 1043 1102 1104 nostra
1124 1038 1283 1125 farragine

114 1145 295 1209 ctoritates
318 1145 451 1222 desunt,
476 1167 507 1209 v.
532 1168 559 1209 c.
585 1145 624 1211 ad
647 1170 670 1224 γ
696 1145 761 1210 296
786 1150 832 1231 (p.
865 1143 943 1221 148,
967 1143 1012 1232 2.)
1038 1142 1143 1209 Multo
1166 1146 1283 1209 rectius

114 1250 267 1337 erigetur
289 1249 338 1315 ἵνα
353 1289 394 1301 -
414 1250 638 1336 φυλάττηται,
664 1273 805 1338 proquo
829 1251 889 1316 ΗΤ
914 1253 1160 1333 φνλάττεται.
1208 1249 1284 1316 Plu·

114 1356 195 1421 lem
222 1360 341 1443 requiri
368 1365 401 1424 et
424 1379 473 1424 res
497 1361 566 1445 ipsa
589 1362 666 1424 satis
689 1359 845 1436 ostendit,
870 1395 911 1407 -
935 1380 992 1423 cur
1014 1360 1100 1423 enim
1125 1359 1284 1443 Antinous

114 1483 181 1527 rua
207 1468 313 1551 magis
343 1486 439 1550 quam
467 1468 582 1531 caeteri
605 1465 691 1551 proci
715 1486 733 1530 a
756 1465 917 1530 Noemone
940 1461 1085 1529 caveret?
1115 1501 1155 1511 -
1179 1470 1212 1529 et
1235 1484 1284 1528 se-

114 1589 194 1634 rens
222 1572 372 1649 λάβωτιν.
419 1570 535 1637 Verum
567 1576 641 1636 erit:
675 1569 739 1645 ίνα,
771 1572 796 1635 εί
826 1571 882 1647 μὲν
913 1570 984 1634 ἑκὼν
1009 1567 1026 1650 ᾖ
1051 1569 1197 1646 δεδωκώς,
1223 1575 1283 1648 φν-

114 1675 309 1741 ’τττωνται
334 1679 372 1750 ως
397 1679 488 1759 φίλον
512 1681 711 1758 Τνλεμάχον
733 1679 785 1743 τόν
807 1678 971 1760 Νοήμονα,
992 1677 1017 1740 εί
1038 1677 1069 1740 δὲ
1090 1676 1282 1753 βιασόμενος

114 1803 185 1862 m,
197 1783 332 1847 κάκεῖνον
344 1784 486 1862 συνεργὸν
507 1784 578 1862 πρός
599 1785 653 1857 τὴν
674 1785 841 1862 ἐπιβουλὴν
854 1781 1006 1860 λάβωτιν.
1031 1781 1143 1847 Obiter
1154 1802 1282 1858 moneO,

114 1905 314 1975 >numquam
335 1887 384 1955 ίνα
405 1897 438 1956 et
457 1887 536 1973 ὅπως
555 1888 676 1956 soloece
694 1911 769 1958 cum
788 1891 897 1954 futuro
914 1896 946 1953 et
966 1889 1104 1974 perfecto
1115 1889 1282 1953 indicativi

114 2001 248 2061 u'uotum
282 2001 432 2082 reperiri,
463 1999 547 2082 quod
579 2006 685 2063 tamen
713 1996 851 2062 librariis
874 1999 1116 2080 imputaverim,
1143 1995 1282 2080 adeoque

114 2105 279 2168 orrexerim
302 2125 375 2170 uo.
401 2104 419 2169 δ
443 2102 507 2169 184
532 2107 575 2190 (p.
603 2102 679 2189 191,
706 2104 759 2188 17)
785 2103 945 2179 δαιμονίως
970 2100 1282 2179 ἀντιλαμβανόμενος

135 2212 269 2285 retersit,
294 2209 373 2282 όπως
398 2213 551 2287 κεκίνηκε
574 2211 625 2275 τόν
649 2205 746 2274 οἶκτον
764 2212 823 2274 τῶν
841 2211 1006 2293 ἀκροατῶν,
1026 2209 1207 2286 φαντασίαν
1231 2208 1282 2271 ε’πί

114 2309 170 2383 Γῦὺῖ
189 2316 256 2382 τότε
280 2318 447 2391 ἀκούοντας
469 2320 652 2397 μετήνεγκε.
673 2332 742 2383 κτλ.
757 2314 870 2403 (HQR)
891 2316 969 2397 Quis
981 2316 1096 2382 horum
1109 2316 1282 2401 quidquam

114 2416 272 2510 ntellegit?
296 2423 402 2492 Immo
425 2446 515 2510 vero,
540 2423 674 2490 articulo
695 2427 812 2489 inserto
832 2429 864 2488 et
885 2430 1010 2489 mutata
1029 2425 1284 2508 interpunctione

114 2523 206 2592 ”riba
229 2531 390 2609 δαιμονίως
414 2531 726 2608 ἀντιλαμβανόμενος
751 2531 764 2593 ό
794 2528 933 2606 ποιητής,
952 2526 1032 2601 ὅπως
1056 2531 1216 2610 κεκινάκρ
1233 2531 1284 2592 τὸν

114 2616 210 2722 ίῑῖθο,
235 2637 330 2724 (τὴν)
354 2644 411 2701 τῶν
437 2638 592 2716 ἀκροατῶν
622 2640 804 2718 φαντασίαν
836 2637 885 2700 ἐπί
919 2637 989 2708 ’τοὺς
1019 2634 1090 2701 τότε
1117 2635 1285 2707 ἀκούοντας

114 2738 278 2821 Νῖίνεγκε.
304 2744 417 2830 Neque
439 2743 641 2810 inemendata
664 2741 886 2828 relinquenda,
908 2764 989 2828 quae
1010 2745 1158 2826 quamvis
1179 2743 1287 2808 decur-

114 2840 152 2903 118
184 2846 342 2937 leguntur
374 2850 414 2915 ad
446 2850 467 2919 δ,
491 2848 575 2915 589:
611 2845 742 2926 ἀτοπον,
778 2850 876 2929 φησί,
913 2851 947 2913 τό
984 2845 1156 2927 προλέγειν.
1192 2848 1286 2933 (quse

114 2934 258 3021 siolaus
281 2954 473 3022 Telemacho
497 2955 577 3020 dona
600 2955 785 3042 promittit.)
811 2962 906 3019 ποιεῖν
925 2955 987 3034 γάρ
1009 2954 1057 3019 δεῖ
1078 2956 1137 3032 (sic
1166 2959 1287 3038 optime

114 3058 229 3148 ditm,
253 3063 352 3128 codex
376 3070 431 3126 ποῖ
450 3062 513 3140 γάρ
537 3061 597 3146 δή),
621 3062 743 3143 φατὶ,
766 3063 808 3125 τόν
826 3066 959 3126 τοιαῦτα
979 3061 1031 3126 καί
1052 3061 1097 3138 μὴ
1111 3060 1285 3139 προλέγειν,

114 3173 220 3261 ’,μὴ
255 3170 524 3249 ἀπαρνήτεται
561 3169 574 3231 ό
610 3167 794 3245 λαμβάνων.
831 3169 907 3232 ἀλλ’
942 3167 999 3233 ἔόει
1035 3170 1162 3248 παλαιῷ
1197 3171 1287 3233 τοῦτο

114 3262 210 3340 riou,
245 3275 296 3363 (P)
322 3274 396 3341 Non
427 3270 605 3341 solumina
628 3276 672 3350 μὴ
696 3273 951 3354 ἀπαρνιίτιρται
975 3274 990 3337 ό
1013 3273 1187 3352 λαμβάνων
1212 3276 1287 3339 ecri-

114 3368 250 3461 'duuh
287 3382 342 3448 sed
377 3384 476 3447 etiam
508 3388 601 3445 ποιεῖν
633 3382 696 3461 γάρ
720 3381 780 3456 δεῖ,
805 3384 928 3464 φησί,
952 3380 994 3445 τά
1018 3387 1170 3458 τοιαῦτα,
1194 3386 1232 3445 ut
1255 3383 1289 3444 in

114 3475 174 3545 i0
209 3487 345 3565 ἀτοπον,
370 3487 468 3572 φησί,
491 3487 526 3551 τὸ
551 3486 710 3567 προλέγειν
735 3486 858 3552 dictum
883 3493 941 3552 est.

114 3696 140 3761 ἐ
202 3698 462 3766 662.Ἀό11ωιιο
486 3719 613 3764 versum
637 3700 671 3763 in
694 3696 784 3777 HPQ
807 3697 963 3784 prolixius
984 3697 1176 3764 adscribitur
1201 3694 1287 3784 (Por-

114 3800 235 3894 trist)
270 3805 430 3872 scholium
467 3806 506 3870 de
536 3804 623 3871 duali
654 3803 745 3882 ότσε,
778 3808 870 3870 cuius
901 3806 1001 3871 altera
1031 3826 1103 3890 pars
1134 3806 1232 3869 etiam
1256 3806 1290 3867 in

114 3915 213 3978 ssflto
242 3911 270 3977 Β
303 3912 425 4003 legitur
448 3911 487 3976 ed
511 3910 603 3976 Iliad.
628 3923 653 3975 A
683 3910 747 3975 104
770 3912 888 3995 relata,
912 3912 969 3976 ubi
993 3911 1103 3977 eadem
1129 3911 1226 3976 verba
1248 3946 1289 3956 —

114 4029 139 4072 ¹³
196 4019 226 4084 δέ
250 4021 277 4084 οἱ
302 4021 371 4099 πυρί
398 4015 616 4094 λαμπετόωντι
642 4018 742 4090 ἐΐκτην
769 4053 810 4065 -
835 4038 872 4084 eo
895 4019 1016 4083 maiore
1040 4017 1170 4102 quidem
1194 4036 1290 4102 quam

114 4117 199 4193 *ito
221 4127 291 4193 loco
314 4128 385 4191 iure
408 4124 569 4212 leguntur.
605 4122 747 4210 Utroque
771 4123 918 4189 codicum
941 4144 1058 4212 genere
1077 4126 1112 4188 in
1130 4122 1290 4190 auxilium

114 4224 236 4298 thibin
260 4238 369 4298 textus
392 4231 445 4296 hic
463 4229 533 4295 illic
560 4229 656 4315 paulo
676 4228 790 4295 meiius
810 4232 929 4314 poterit
953 4231 1114 4296 constitui.
1139 4229 1291 4295 Alterum

114 4350 191 4428 quem
218 4339 291 4416 dico
323 4343 448 4423 partem
478 4336 525 4402 ita
554 4336 685 4422 incipit:
710 4336 813 4417 ρἰρτίον
837 4331 885 4402 οὖν
909 4333 955 4403 ότι
979 4336 1015 4403 τό
1039 4335 1112 4402 όττε
1132 4339 1186 4404 οὐκ
1210 4333 1292 4403 ἔστιν
