2978 4950
738 230 797 298 84'

165 440 258 506 quem
280 421 355 485 hoe:
378 425 464 498 σφῶν
484 422 551 484 aine
573 443 581 481 ι
601 440 656 505 pro
674 419 790 504 plurali
808 422 920 486 tertiae
937 442 1086 507 personae
1098 424 1241 508 positum
1251 442 1320 509 repr

164 528 311 593 hensione
330 547 391 591 non
404 547 518 591 carere.
533 526 575 590 At
587 525 679 610 plane
692 531 799 590 contra
811 533 867 599 est.
881 548 917 591 ae
928 531 955 593 si
967 528 1027 593 hoe
1039 549 1149 593 sensus
1160 527 1224 594 loei
1235 526 1320 595 Hom

163 635 222 698 rici
244 655 306 698 non
329 639 506 718 respueret,
532 638 618 710 σφῶν
643 635 709 697 sine
732 628 745 694 ἶ
769 635 889 718 optime
911 634 1048 699 haberet
1077 635 1188 721 Neque
1211 635 1320 701 lroevu

165 739 369 826 ApolloniuS,
400 741 471 804 sed:
499 735 570 818 ὅπερ
596 737 690 818 ἐδόκει
715 739 911 816 ἐπίμεμπτον
935 737 1012 804 εἶναι
1035 742 1072 812 ὥς
1099 744 1197 821 τρίτον
1222 744 1320 816 sanda

163 849 245 912 τικδν
271 847 298 922 (ὃ
308 850 335 929 ν)
361 847 437 926 δι’χιο
461 850 513 910 τοῦ
548 839 794 925 ἶνοοιφόμενον,
820 850 873 911 τοῦ
898 846 993 924 λόγου
1017 848 1225 920 ἀπαιτοῦντος
1249 848 1320 915 tete

164 979 229 1034 ρον,
261 953 294 1017 id
325 959 390 1017 ost:
425 952 533 1030 ἕτεί,
569 953 644 1031 δι’χκ
678 957 731 1016 τοῦ
757 950 1004 1037 ι’γροιφόμενον,
1028 955 1128 1033 τρίτον
1153 955 1320 1029 τληθυντιιι

165 1065 290 1126 ἐστιν.

211 1167 282 1232 Scio
313 1165 479 1251 equidem,
505 1203 547 1214 -
570 1170 607 1229 ut
635 1165 741 1230 redeat
766 1165 847 1230 unde
871 1165 1012 1254 digressa
1036 1173 1083 1233 est
1106 1169 1229 1251 oratio,
1256 1205 1299 1215 —

166 1274 346 1358 abruptiere
371 1271 619 1337 Scholiastarum
644 1271 768 1337 dicendi
792 1293 906 1359 genere
930 1273 1084 1338 omissum
1102 1275 1158 1350 ὥς,
1179 1274 1236 1338 ubi
1253 1272 1320 1339 sdie

167 1386 236 1444 tum
267 1379 441 1455 vellemus,
472 1399 534 1443 non
565 1378 603 1443 ad
636 1381 745 1443 rivum
778 1378 982 1443 resecandum
1007 1400 1082 1445 esse.
1108 1379 1220 1464 ltaque
1243 1381 1320 1445 invit

165 1487 325 1552 eodieibus
355 1507 416 1550 non
447 1484 660 1549 sollicitandos
692 1484 769 1548 duxi
800 1483 900 1561 looos,
935 1486 991 1551 ubi
1021 1508 1051 1550 v.
1066 1507 1091 1550 ο.
1131 1493 1277 1551 auctores
1299 1505 1320 1551 ιι·

167 1594 290 1658 similes
313 1613 421 1658 versus
444 1612 499 1675 per
523 1611 622 1655 uuum
655 1590 706 1653 κκὶ
738 1589 925 1669 laudantur,
950 1596 973 1673 ¹)
1007 1598 1039 1657 et
1069 1594 1189 1657 intaeta
1219 1592 1320 1678 reliqu

168 1699 274 1784 qualia
305 1704 394 1763 sunt:
427 1722 462 1775 y,
495 1695 554 1763 73:
579 1696 728 1776 φαείνεται
752 1696 816 1775 γὰρ
840 1698 892 1761 οὐκ
917 1697 1044 1777 αἰσχρὸν
1067 1707 1130 1769 τοῖς
1155 1699 1301 1779 ἀρχαίοις

167 1810 202 1872 τὸ
226 1805 398 1887 λῃστεύειν,
426 1803 492 1867 acal
519 1802 701 1877 Θουκυδίδης
724 1802 840 1882 εἴρηκε,
867 1802 993 1888 (HQT),
1017 1804 1094 1871 licet
1117 1803 1144 1869 'l'
1168 1805 1320 1870 habenta*

167 1913 233 1977 καὶ
259 1913 426 1998 probatum
450 1931 468 1974 a
492 1907 655 1974 Dindorfio
678 1908 720 1994 (p.
747 1907 836 1993 745),
857 1916 984 1995 propter
1002 1911 1144 1976 eiusdem
1169 1911 1216 1975 rei
1240 1916 1320 1997 repet

168 2023 286 2085 tionem
308 2016 337 2094 ξ,
358 2016 438 2082 23οτ
462 2019 493 2080 οὐ
518 2016 580 2093 νέιρ
602 2016 730 2095 αἰσχρὸν
743 2017 789 2098 (τὸ
804 2016 984 2100 λῃστεύειν),
999 2016 1050 2080 καὶ
1066 2016 1249 2091 Θουκυδίδης
1263 2026 1320 2094 Φιιι

166 2125 258 2211 (BQ).
273 2124 409 2188 -Item
429 2147 461 2196 ι,
485 2120 569 2186 28οε
591 2120 746 2202 ἄγχιστον
767 2121 798 2185 δέ
818 2131 896 2201 φησι
921 2122 994 2186 κυθδ
1018 2122 1141 2193 τούτους
1167 2122 1320 2208 (Phaedon

168 2233 342 2310 ὑφίσταται
365 2238 419 2303 τῆς
444 2235 502 2307 γῆς
528 2227 682 2307 ἔσχοὶτους
705 2227 871 2299 οἰκοῦντος.
906 2229 972 2291 aral
1007 2231 1023 2303 ἦ
1056 2230 1228 2294 Ναυσικάα
1257 2236 1320 2311 Φιιο

170 2337 325 2415 »οἰκέομεν
361 2352 427 2399 κτλ.
460 2335 552 2418 (PQ).
587 2373 627 2381 -
660 2333 695 2416 ζ,
729 2334 772 2397 54
804 2333 842 2397 ad
877 2336 962 2412 μετὰ
999 2336 1137 2408 κλειτοὺς
1174 2336 1317 2412 βασιλῆα

168 2447 194 2509 οἱ
219 2441 468 2521 καλούμενοι
493 2440 544 2505 διοὶ
564 2441 598 2505 τδ
622 2439 800 2518 διατρέπειν
824 2442 865 2511 εἷς
890 2441 949 2512 τὰς
973 2442 1100 2521 ἀγοράς.
1126 2443 1320 2523 ἐπιφέρειν.

170 2551 238 2630 „iux
274 2575 327 2628 μιν
363 2548 472 2614 κάλεον
507 2550 640 2621 Φοιίνκες
675 2547 823 2624 οἶνοιυοί.”
859 2548 925 2611 καὶ
962 2550 1028 2627 περὶ
1065 2552 1119 2612 τοῦ
1155 2548 1320 2629 Τηλεμιὶχ

173 2695 246 2742 ,--
261 2694 279 2707 -
311 2656 427 2727 πάντες
453 2656 515 2734 γὰρ
541 2654 712 2719 κοιλὲουσι.”
737 2670 788 2737 ιλ,
817 2653 893 2739 185)
916 2660 1082 2735 συντυχεῖν
1105 2656 1169 2736 γὰρ
1195 2665 1320 2722 aestiva

168 2765 232 2849 (T),
257 2765 311 2829 ubi
335 2762 441 2848 palam
466 2767 514 2826 est
536 2760 587 2826 vel
611 2782 649 2826 ex
674 2764 950 2846 interpretatione,
975 2763 1070 2827 fuisse
1094 2765 1149 2848 qui
1172 2763 1321 2838 κλητοί

167 2876 328 2952 βασιλῆος
351 2869 510 2956 legerent,
536 2868 630 2952 idque
654 2865 858 2932 confirmatur
880 2870 939 2942 iis,
965 2889 1046 2953 quae
1071 2868 1111 2933 ad
1132 2869 1270 2934 eundem
1288 2888 1320 2935 τε

170 3001 241 3045 sum
278 2981 310 3041 in
340 2977 367 3040 Ε
397 2977 544 3040 adnotata
574 2981 665 3037 sunt:
699 2972 817 3036 ὄπισθεν
849 2982 904 3038 τῶν
937 2977 1063 3038 κλειτῶν
1095 2975 1267 3051 βασιλήιον.
1291 2981 1320 3039 ui

170 3088 232 3164 γὰρ
256 3084 325 3155 τοὺς
351 3081 481 3156 ἐνδόξους
507 3085 714 3144 κοιλοῦσιν.
742 3080 862 3145 Immo:
888 3089 1025 3154 κοιλεῖ,
1048 3080 1210 3147 Homerus
1230 3102 1320 3168 nomp

171 3214 232 3279 quo
256 3192 339 3257 facto
361 3188 525 3253 stabilitur
547 3186 641 3252 lectio
664 3188 820 3270 κλειτούς,
841 3225 881 3235 -
904 3200 976 3252 uam
1003 3189 1062 3253 hoe
1083 3195 1132 3253 est
1156 3188 1289 3267 ἐνδόξους
1313 3227 1320 3240 -

170 3300 313 3363 reiicitur
348 3294 454 3358 altera.
491 3295 624 3370 Κλντός,
657 3299 694 3357 ut
723 3294 782 3358 hoc
815 3314 937 3378 quoque
967 3294 1097 3372 addam,
1123 3296 1320 3380 praetersal

170 3405 300 3491 legitur,
324 3399 422 3465 semel
445 3403 477 3463 in
502 3400 616 3476 Iliade,
645 3398 659 3462 1
686 3398 748 3462 165
775 3435 815 3446 -
841 3401 880 3464 ad
905 3421 999 3485 quem
1024 3419 1153 3465 versum
1188 3404 1320 3468 Ariston

169 3517 244 3576 nota
276 3514 340 3583 est,
367 3506 531 3570 -semel
562 3509 595 3570 in
619 3504 775 3592 Odyssea,
801 3530 814 3585 ρ
842 3504 918 3583 386,
943 3508 998 3571 ubi
1021 3509 1055 3570 in
1078 3505 1216 3574 Soholiis
1242 3515 1320 3575 nostr

171 3616 253 3680 nihil
290 3614 442 3678 traditum
479 3619 544 3695 est,
581 3618 714 3696 utroque
749 3613 817 3678 loeo
848 3612 937 3678 nullo
968 3618 1129 3698 praeterea
1159 3615 1319 3680 substanti

171 3724 302 3788 adiecto.
339 3719 518 3803 Utrumque
552 3717 743 3782 vocabulum
776 3721 895 3804 optime
919 3719 1065 3783 distinxit
1090 3724 1185 3804 atque
1208 3720 1320 3807 interpr

176 3838 260 3892 tatus
293 3838 340 3890 est
374 3824 556 3910 Apollonius
585 3822 735 3908 Sophiste
765 3847 789 3888 ε.
814 3847 867 3890 uu.
891 3824 1098 3909 (Κλειτοὶςῑ
1124 3826 1320 3904 staforde„

178 3935 290 4012 δόξους.
327 3971 368 3981 -
402 3931 601 4004 saerata:
641 3932 708 4003 τοὺς
747 3933 780 4007 ἐξ
814 3932 960 4009 ὀνόματος
996 3932 1240 4020 καλουμένους),
1274 3933 1320 4001 ha*

176 4124 345 4133 .....——----.

207 4215 230 4273 1)
247 4213 400 4278 Saepinsenle
425 4212 485 4260 talia
511 4212 622 4275 leguntur
649 4214 673 4261 in
699 4213 853 4262 Aristonicus
881 4214 907 4261 nd
937 4213 1043 4271 Iliadem,
1070 4229 1092 4260 v.
1108 4230 1127 4262 e.
1154 4215 1183 4262 sd
1208 4215 1303 4274 ΒΜ

173 4311 189 4353 Β
211 4305 269 4359 489,
297 4310 317 4350 Δ
342 4305 397 4359 343,
424 4309 446 4350 Θ
470 4301 526 4360 325,
553 4308 575 4347 Θ
598 4303 645 4348 455
673 4305 750 4358 rnrll,
776 4301 818 4348 uisi
838 4301 913 4348 mullo
931 4302 1022 4367 saepius
1040 4301 1069 4358 ὡς
1087 4302 1125 4350 vel
1143 4303 1190 4352 alls
1207 4319 1320 4371 oompm

167 4386 286 4454 particula
303 4385 388 4434 addita.
