<?xml version="1.0" encoding="UTF-8"?>
<!DOCTYPE html PUBLIC "-//W3C//DTD XHTML 1.0 Transitional//EN"
    "http://www.w3.org/TR/xhtml1/DTD/xhtml1-transitional.dtd">
<html xmlns="http://www.w3.org/1999/xhtml" xml:lang="en" lang="en">
 <head>
  <title>
</title>
<meta http-equiv="Content-Type" content="text/html;charset=utf-8" />
  <meta name='ocr-system' content='tesseract 3.04.00' />
  <meta name='ocr-capabilities' content='ocr_page ocr_carea ocr_par ocr_line ocrx_word'/>
</head>
<body>
  <div class='ocr_page' id='page_1' title='image "./adodysseameiusq00polagoog_0032.png"; bbox 0 0 2978 4950; ppageno 0'>
   <div class='ocr_carea' id='block_1_1' title="bbox 570 218 734 304">
    <p class='ocr_par' dir='ltr' id='par_1_1' title="bbox 570 218 734 304">
     <span class='ocr_line' id='line_1_1' title="bbox 570 218 734 304; baseline 0 -20"><span class='ocrx_word' id='word_1_1' title='bbox 570 295 575 304; x_wconf 41' lang='grc'><strong>,</strong></span> <span class='ocrx_word' id='word_1_2' title='bbox 676 218 734 284; x_wconf 67' lang='grc' dir='ltr'><strong>,ιο</strong></span> 
     </span>
    </p>
   </div>
   <div class='ocr_carea' id='block_1_2' title="bbox 110 408 1308 3471">
    <p class='ocr_par' dir='ltr' id='par_1_2' title="bbox 110 408 1308 3471">
     <span class='ocr_line' id='line_1_2' title="bbox 111 408 1306 495; baseline -0.005 -18"><span class='ocrx_word' id='word_1_3' title='bbox 111 409 220 477; x_wconf 79' lang='lat' dir='ltr'><strong>locum</strong></span> <span class='ocrx_word' id='word_1_4' title='bbox 258 408 318 475; x_wconf 86' lang='lat' dir='ltr'><strong>illa</strong></span> <span class='ocrx_word' id='word_1_5' title='bbox 354 410 453 474; x_wconf 83' lang='lat' dir='ltr'><strong>etiam</strong></span> <span class='ocrx_word' id='word_1_6' title='bbox 488 408 528 474; x_wconf 90' lang='lat' dir='ltr'><strong>de</strong></span> <span class='ocrx_word' id='word_1_7' title='bbox 562 410 752 476; x_wconf 76' lang='lat' dir='ltr'><strong>Antisthene</strong></span> <span class='ocrx_word' id='word_1_8' title='bbox 781 410 997 495; x_wconf 83' lang='lat' dir='ltr'><strong>praemiserit.</strong></span> <span class='ocrx_word' id='word_1_9' title='bbox 1030 409 1161 492; x_wconf 75' lang='lat' dir='ltr'><strong>idemque</strong></span> <span class='ocrx_word' id='word_1_10' title='bbox 1188 412 1306 472; x_wconf 73' lang='grc' dir='ltr'><strong><em>οοοιοιο</em></strong></span> 
     </span>
     <span class='ocr_line' id='line_1_3' title="bbox 112 513 1306 600; baseline -0.003 -21"><span class='ocrx_word' id='word_1_11' title='bbox 112 517 240 600; x_wconf 53' lang='lat' dir='ltr'><strong>qudo·</strong></span> <span class='ocrx_word' id='word_1_12' title='bbox 271 515 344 578; x_wconf 71' lang='grc' dir='ltr'><strong>νέιῖι</strong></span> <span class='ocrx_word' id='word_1_13' title='bbox 369 514 443 579; x_wconf 80' lang='lat' dir='ltr'><strong>locis</strong></span> <span class='ocrx_word' id='word_1_14' title='bbox 464 520 658 599; x_wconf 65' lang='lat' dir='ltr'><strong>excerpserit,</strong></span> <span class='ocrx_word' id='word_1_15' title='bbox 682 521 920 599; x_wconf 71' lang='lat' dir='ltr'><strong>anpodiaconus</strong></span> <span class='ocrx_word' id='word_1_16' title='bbox 943 513 1102 595; x_wconf 81' lang='grc' dir='ltr'><strong><em>Κέχρηιιιι</em></strong></span> <span class='ocrx_word' id='word_1_17' title='bbox 1126 534 1232 577; x_wconf 78' lang='lat' dir='ltr'><strong>nocem</strong></span> <span class='ocrx_word' id='word_1_18' title='bbox 1255 513 1306 576; x_wconf 75' lang='lat' dir='ltr'><strong>tic</strong></span> 
     </span>
     <span class='ocr_line' id='line_1_4' title="bbox 111 619 1304 708; baseline -0.004 -21"><span class='ocrx_word' id='word_1_19' title='bbox 111 644 225 708; x_wconf 72' lang='lat' dir='ltr'><strong>qaoque</strong></span> <span class='ocrx_word' id='word_1_20' title='bbox 256 623 398 687; x_wconf 67' lang='grc' dir='ltr'><strong><em>ιοέοέέιιιιι</em></strong></span> <span class='ocrx_word' id='word_1_21' title='bbox 429 621 567 686; x_wconf 74' lang='lat' dir='ltr'><em>ordiatur</em></span> <span class='ocrx_word' id='word_1_22' title='bbox 595 621 685 707; x_wconf 77' lang='lat' dir='ltr'><strong>idque</strong></span> <span class='ocrx_word' id='word_1_23' title='bbox 705 627 798 686; x_wconf 82' lang='lat' dir='ltr'><strong>colum</strong></span> <span class='ocrx_word' id='word_1_24' title='bbox 821 628 850 686; x_wconf 79' lang='lat' dir='ltr'><strong>et</strong></span> <span class='ocrx_word' id='word_1_25' title='bbox 873 628 965 686; x_wconf 75' lang='lat' dir='ltr'><strong>tetum</strong></span> <span class='ocrx_word' id='word_1_26' title='bbox 987 626 1028 683; x_wconf 80' lang='lat' dir='ltr'><strong>aii</strong></span> <span class='ocrx_word' id='word_1_27' title='bbox 1050 620 1228 705; x_wconf 73' lang='lat' dir='ltr'><strong>Porphyrii,</strong></span> <span class='ocrx_word' id='word_1_28' title='bbox 1255 619 1304 683; x_wconf 82' lang='lat' dir='ltr'><strong>oei</strong></span> 
     </span>
     <span class='ocr_line' id='line_1_5' title="bbox 112 726 1303 815; baseline -0.001 -23"><span class='ocrx_word' id='word_1_29' title='bbox 112 729 171 792; x_wconf 72' lang='lat' dir='ltr'><strong>tue</strong></span> <span class='ocrx_word' id='word_1_30' title='bbox 194 735 275 793; x_wconf 75' lang='lat' dir='ltr'><strong>cero</strong></span> <span class='ocrx_word' id='word_1_31' title='bbox 296 729 334 793; x_wconf 81' lang='lat' dir='ltr'><strong>dc</strong></span> <span class='ocrx_word' id='word_1_32' title='bbox 355 729 525 814; x_wconf 71' lang='lat' dir='ltr'><strong>Pyttcpcre</strong></span> <span class='ocrx_word' id='word_1_33' title='bbox 547 729 681 792; x_wconf 68' lang='grc' dir='ltr'><strong><em>ᾱοόοιοινιι</em></strong></span> <span class='ocrx_word' id='word_1_34' title='bbox 703 729 786 793; x_wconf 81' lang='grc' dir='ltr'><strong><em>ιιιιὶ.”</em></strong></span> <span class='ocrx_word' id='word_1_35' title='bbox 811 729 905 812; x_wconf 84' lang='lat' dir='ltr'><strong>(Add.</strong></span> <span class='ocrx_word' id='word_1_36' title='bbox 929 750 960 814; x_wconf 87' lang='lat' dir='ltr'><strong>p.</strong></span> <span class='ocrx_word' id='word_1_37' title='bbox 986 726 1075 812; x_wconf 83' lang='lat'>562.)</span> <span class='ocrx_word' id='word_1_38' title='bbox 1096 728 1205 815; x_wconf 78' lang='lat' dir='ltr'>Igitur</span> <span class='ocrx_word' id='word_1_39' title='bbox 1226 727 1303 792; x_wconf 92' lang='lat' dir='ltr'><strong>bene</strong></span> 
     </span>
     <span class='ocr_line' id='line_1_6' title="bbox 111 833 1306 921; baseline -0.004 -20"><span class='ocrx_word' id='word_1_40' title='bbox 111 835 211 901; x_wconf 83' lang='lat' dir='ltr'><strong>sensit</strong></span> <span class='ocrx_word' id='word_1_41' title='bbox 240 834 456 900; x_wconf 88' lang='lat' dir='ltr'><strong>Buttmannus</strong></span> <span class='ocrx_word' id='word_1_42' title='bbox 487 833 637 900; x_wconf 79' lang='lat' dir='ltr'><strong>Scholion</strong></span> <span class='ocrx_word' id='word_1_43' title='bbox 668 841 830 907; x_wconf 85' lang='lat' dir='ltr'><strong>nostrum,</strong></span> <span class='ocrx_word' id='word_1_44' title='bbox 854 842 948 921; x_wconf 87' lang='lat' dir='ltr'><strong>prout</strong></span> <span class='ocrx_word' id='word_1_45' title='bbox 970 835 1055 921; x_wconf 88' lang='lat' dir='ltr'><strong>apud</strong></span> <span class='ocrx_word' id='word_1_46' title='bbox 1077 838 1181 919; x_wconf 88' lang='lat' dir='ltr'><strong>ipsum</strong></span> <span class='ocrx_word' id='word_1_47' title='bbox 1206 839 1306 897; x_wconf 90' lang='lat' dir='ltr'><strong>--et</strong></span> 
     </span>
     <span class='ocr_line' id='line_1_7' title="bbox 111 939 1305 1031; baseline -0.002 -26"><span class='ocrx_word' id='word_1_48' title='bbox 111 961 196 1008; x_wconf 85' lang='lat' dir='ltr'><strong>nuno</strong></span> <span class='ocrx_word' id='word_1_49' title='bbox 228 941 312 1027; x_wconf 81' lang='lat' dir='ltr'><strong>apud</strong></span> <span class='ocrx_word' id='word_1_50' title='bbox 341 939 539 1008; x_wconf 86' lang='lat' dir='ltr'><strong>Diudorfium</strong></span> <span class='ocrx_word' id='word_1_51' title='bbox 570 962 712 1027; x_wconf 89' lang='lat' dir='ltr'><strong>quoque,</strong></span> <span class='ocrx_word' id='word_1_52' title='bbox 739 942 933 1031; x_wconf 88' lang='lat' dir='ltr'><strong>-singula</strong></span> <span class='ocrx_word' id='word_1_53' title='bbox 962 946 1223 1013; x_wconf 76' lang='lat' dir='ltr'><strong>continuantur..</strong></span> <span class='ocrx_word' id='word_1_54' title='bbox 1238 960 1305 1024; x_wconf 91' lang='lat' dir='ltr'><strong>pes·</strong></span> 
     </span>
     <span class='ocr_line' id='line_1_8' title="bbox 111 1045 1304 1134; baseline -0.002 -22"><span class='ocrx_word' id='word_1_55' title='bbox 111 1049 191 1113; x_wconf 87' lang='lat' dir='ltr'><strong>sima</strong></span> <span class='ocrx_word' id='word_1_56' title='bbox 226 1046 279 1113; x_wconf 83' lang='lat' dir='ltr'><strong>vel</strong></span> <span class='ocrx_word' id='word_1_57' title='bbox 310 1049 419 1133; x_wconf 91' lang='lat' dir='ltr'><strong>potius</strong></span> <span class='ocrx_word' id='word_1_58' title='bbox 453 1045 548 1132; x_wconf 87' lang='lat' dir='ltr'><strong>plana</strong></span> <span class='ocrx_word' id='word_1_59' title='bbox 579 1069 641 1113; x_wconf 92' lang='lat' dir='ltr'><strong>non</strong></span> <span class='ocrx_word' id='word_1_60' title='bbox 672 1048 847 1114; x_wconf 86' lang='lat' dir='ltr'><strong>cohaerere.</strong></span> <span class='ocrx_word' id='word_1_61' title='bbox 894 1049 1006 1134; x_wconf 85' lang='lat' dir='ltr'><strong>Itaque</strong></span> <span class='ocrx_word' id='word_1_62' title='bbox 1038 1049 1098 1115; x_wconf 91' lang='lat' dir='ltr'><strong>hoc</strong></span> <span class='ocrx_word' id='word_1_63' title='bbox 1131 1056 1239 1130; x_wconf 89' lang='lat' dir='ltr'><strong>teneo,</strong></span> <span class='ocrx_word' id='word_1_64' title='bbox 1271 1048 1304 1110; x_wconf 91' lang='lat' dir='ltr'><strong>in</strong></span> 
     </span>
     <span class='ocr_line' id='line_1_9' title="bbox 111 1152 1303 1239; baseline -0.003 -19"><span class='ocrx_word' id='word_1_65' title='bbox 111 1155 246 1220; x_wconf 70' lang='lat' dir='ltr'><strong>cacans</strong></span> <span class='ocrx_word' id='word_1_66' title='bbox 277 1155 347 1219; x_wconf 89' lang='lat' dir='ltr'><strong>eius</strong></span> <span class='ocrx_word' id='word_1_67' title='bbox 377 1153 552 1218; x_wconf 88' lang='lat' dir='ltr'><strong>rationibus</strong></span> <span class='ocrx_word' id='word_1_68' title='bbox 581 1173 643 1219; x_wconf 90' lang='lat' dir='ltr'><strong>non</strong></span> <span class='ocrx_word' id='word_1_69' title='bbox 670 1153 828 1219; x_wconf 75' lang='lat' dir='ltr'><strong>accedens.</strong></span> <span class='ocrx_word' id='word_1_70' title='bbox 877 1152 993 1219; x_wconf 90' lang='lat' dir='ltr'><strong>Omnia</strong></span> <span class='ocrx_word' id='word_1_71' title='bbox 1015 1157 1100 1219; x_wconf 89' lang='lat' dir='ltr'><strong>enim</strong></span> <span class='ocrx_word' id='word_1_72' title='bbox 1125 1155 1303 1239; x_wconf 87' lang='lat' dir='ltr'><strong>Porphyrio</strong></span> 
     </span>
     <span class='ocr_line' id='line_1_10' title="bbox 112 1259 1303 1344; baseline -0.001 -19"><span class='ocrx_word' id='word_1_73' title='bbox 112 1259 220 1327; x_wconf 87' lang='lat' dir='ltr'><strong>deberi</strong></span> <span class='ocrx_word' id='word_1_74' title='bbox 250 1279 360 1326; x_wconf 87' lang='lat' dir='ltr'><strong>censeo</strong></span> <span class='ocrx_word' id='word_1_75' title='bbox 391 1264 424 1324; x_wconf 89' lang='lat' dir='ltr'><strong>et</strong></span> <span class='ocrx_word' id='word_1_76' title='bbox 453 1259 676 1325; x_wconf 71' lang='lat' dir='ltr'><strong>antisthenem</strong></span> <span class='ocrx_word' id='word_1_77' title='bbox 700 1262 881 1344; x_wconf 84' lang='lat' dir='ltr'><strong>excerpenti</strong></span> <span class='ocrx_word' id='word_1_78' title='bbox 904 1265 936 1325; x_wconf 90' lang='lat' dir='ltr'><strong>et</strong></span> <span class='ocrx_word' id='word_1_79' title='bbox 959 1259 998 1325; x_wconf 89' lang='lat' dir='ltr'><strong>de</strong></span> <span class='ocrx_word' id='word_1_80' title='bbox 1021 1280 1109 1325; x_wconf 90' lang='lat' dir='ltr'><strong>more</strong></span> <span class='ocrx_word' id='word_1_81' title='bbox 1133 1280 1213 1344; x_wconf 89' lang='lat' dir='ltr'><strong>quaa</strong></span> <span class='ocrx_word' id='word_1_82' title='bbox 1235 1260 1303 1344; x_wconf 87' lang='lat' dir='ltr'><strong>ipse</strong></span> 
     </span>
     <span class='ocr_line' id='line_1_11' title="bbox 111 1363 1305 1454; baseline -0.003 -21"><span class='ocrx_word' id='word_1_83' title='bbox 111 1365 329 1432; x_wconf 69' lang='lat' dir='ltr'><strong>observaverit</strong></span> <span class='ocrx_word' id='word_1_84' title='bbox 352 1363 405 1430; x_wconf 84' lang='lat' dir='ltr'><strong>rel</strong></span> <span class='ocrx_word' id='word_1_85' title='bbox 428 1363 500 1430; x_wconf 87' lang='lat' dir='ltr'><strong>aliis</strong></span> <span class='ocrx_word' id='word_1_86' title='bbox 523 1364 698 1452; x_wconf 88' lang='lat' dir='ltr'><strong>sublegerit</strong></span> <span class='ocrx_word' id='word_1_87' title='bbox 721 1365 760 1430; x_wconf 89' lang='lat' dir='ltr'><strong>de</strong></span> <span class='ocrx_word' id='word_1_88' title='bbox 783 1366 894 1431; x_wconf 90' lang='lat' dir='ltr'><strong>eodem</strong></span> <span class='ocrx_word' id='word_1_89' title='bbox 916 1365 970 1431; x_wconf 87' lang='lat' dir='ltr'><strong>vel</strong></span> <span class='ocrx_word' id='word_1_90' title='bbox 992 1366 1092 1431; x_wconf 84' lang='lat' dir='ltr'><strong>simili</strong></span> <span class='ocrx_word' id='word_1_91' title='bbox 1117 1372 1305 1454; x_wconf 84' lang='lat' dir='ltr'><strong>argumento</strong></span> 
     </span>
     <span class='ocr_line' id='line_1_12' title="bbox 111 1471 1305 1559; baseline 0 -23"><span class='ocrx_word' id='word_1_92' title='bbox 111 1492 175 1536; x_wconf 93' lang='lat' dir='ltr'><strong>non</strong></span> <span class='ocrx_word' id='word_1_93' title='bbox 203 1493 329 1557; x_wconf 89' lang='lat' dir='ltr'><strong>semper</strong></span> <span class='ocrx_word' id='word_1_94' title='bbox 363 1491 491 1537; x_wconf 88' lang='lat' dir='ltr'><strong>summa</strong></span> <span class='ocrx_word' id='word_1_95' title='bbox 521 1477 589 1537; x_wconf 85' lang='lat' dir='ltr'><strong>arte</strong></span> <span class='ocrx_word' id='word_1_96' title='bbox 613 1474 820 1537; x_wconf 86' lang='lat' dir='ltr'><strong>connectenti.</strong></span> <span class='ocrx_word' id='word_1_97' title='bbox 868 1471 956 1552; x_wconf 83' lang='lat' dir='ltr'><strong>Quae</strong></span> <span class='ocrx_word' id='word_1_98' title='bbox 979 1472 1018 1537; x_wconf 94' lang='lat' dir='ltr'><strong>de</strong></span> <span class='ocrx_word' id='word_1_99' title='bbox 1041 1472 1228 1559; x_wconf 87' lang='lat' dir='ltr'><strong>Pythagora</strong></span> <span class='ocrx_word' id='word_1_100' title='bbox 1251 1471 1305 1536; x_wconf 88' lang='lat' dir='ltr'><strong>ad·</strong></span> 
     </span>
     <span class='ocr_line' id='line_1_13' title="bbox 111 1577 1303 1665; baseline -0.001 -23"><span class='ocrx_word' id='word_1_101' title='bbox 111 1578 238 1662; x_wconf 84' lang='lat' dir='ltr'><strong>iunxit,</strong></span> <span class='ocrx_word' id='word_1_102' title='bbox 257 1581 398 1665; x_wconf 77' lang='lat' dir='ltr'><strong>ipsiusne</strong></span> <span class='ocrx_word' id='word_1_103' title='bbox 416 1580 481 1643; x_wconf 89' lang='lat' dir='ltr'><strong>sint</strong></span> <span class='ocrx_word' id='word_1_104' title='bbox 495 1578 518 1660; x_wconf 85' lang='lat'><strong>¹)</strong></span> <span class='ocrx_word' id='word_1_105' title='bbox 539 1598 580 1642; x_wconf 89' lang='lat' dir='ltr'><strong>au</strong></span> <span class='ocrx_word' id='word_1_106' title='bbox 599 1577 798 1643; x_wconf 82' lang='lat' dir='ltr'><strong>Antisthenis</strong></span> <span class='ocrx_word' id='word_1_107' title='bbox 813 1598 875 1643; x_wconf 93' lang='lat' dir='ltr'><strong>non</strong></span> <span class='ocrx_word' id='word_1_108' title='bbox 894 1578 1049 1654; x_wconf 87' lang='lat' dir='ltr'><strong>diiudico;</strong></span> <span class='ocrx_word' id='word_1_109' title='bbox 1074 1585 1158 1644; x_wconf 91' lang='lat' dir='ltr'><strong>certe</strong></span> <span class='ocrx_word' id='word_1_110' title='bbox 1177 1578 1217 1643; x_wconf 89' lang='lat' dir='ltr'><strong>ad</strong></span> <span class='ocrx_word' id='word_1_111' title='bbox 1236 1599 1303 1643; x_wconf 88' lang='lat' dir='ltr'><strong>rem</strong></span> 
     </span>
     <span class='ocr_line' id='line_1_14' title="bbox 112 1683 1305 1770; baseline -0.003 -21"><span class='ocrx_word' id='word_1_112' title='bbox 112 1689 188 1770; x_wconf 85' lang='lat' dir='ltr'><strong>apta</strong></span> <span class='ocrx_word' id='word_1_113' title='bbox 205 1690 292 1750; x_wconf 89' lang='lat' dir='ltr'><strong>sunt.</strong></span> <span class='ocrx_word' id='word_1_114' title='bbox 316 1684 424 1750; x_wconf 73' lang='lat' dir='ltr'><strong>Etiam</strong></span> <span class='ocrx_word' id='word_1_115' title='bbox 444 1703 525 1769; x_wconf 91' lang='lat' dir='ltr'><strong>quae</strong></span> <span class='ocrx_word' id='word_1_116' title='bbox 548 1683 739 1750; x_wconf 76' lang='lat' dir='ltr'><strong>secludenda</strong></span> <span class='ocrx_word' id='word_1_117' title='bbox 762 1692 840 1769; x_wconf 91' lang='lat' dir='ltr'><strong>puto</strong></span> <span class='ocrx_word' id='word_1_118' title='bbox 862 1687 963 1768; x_wconf 88' lang='lat' dir='ltr'><strong>ipsius</strong></span> <span class='ocrx_word' id='word_1_119' title='bbox 982 1685 1116 1749; x_wconf 87' lang='lat' dir='ltr'><strong>fortasse</strong></span> <span class='ocrx_word' id='word_1_120' title='bbox 1134 1683 1305 1770; x_wconf 87' lang='lat' dir='ltr'><strong>Porphyrii</strong></span> 
     </span>
     <span class='ocr_line' id='line_1_15' title="bbox 112 1789 1305 1875; baseline 0 -20"><span class='ocrx_word' id='word_1_121' title='bbox 112 1789 165 1857; x_wconf 82' lang='lat' dir='ltr'><strong>vei</strong></span> <span class='ocrx_word' id='word_1_122' title='bbox 187 1809 246 1855; x_wconf 86' lang='lat' dir='ltr'><strong>sua</strong></span> <span class='ocrx_word' id='word_1_123' title='bbox 270 1791 321 1857; x_wconf 81' lang='lat' dir='ltr'><strong>rel</strong></span> <span class='ocrx_word' id='word_1_124' title='bbox 343 1789 480 1856; x_wconf 90' lang='lat' dir='ltr'><strong>aliorum</strong></span> <span class='ocrx_word' id='word_1_125' title='bbox 505 1791 670 1856; x_wconf 88' lang='lat' dir='ltr'><strong>observata</strong></span> <span class='ocrx_word' id='word_1_126' title='bbox 693 1789 857 1855; x_wconf 86' lang='lat' dir='ltr'><strong>referentis</strong></span> <span class='ocrx_word' id='word_1_127' title='bbox 879 1811 946 1856; x_wconf 87' lang='lat' dir='ltr'><strong>esse</strong></span> <span class='ocrx_word' id='word_1_128' title='bbox 970 1797 1117 1875; x_wconf 89' lang='lat' dir='ltr'><strong>possunt,</strong></span> <span class='ocrx_word' id='word_1_129' title='bbox 1147 1811 1204 1857; x_wconf 89' lang='lat' dir='ltr'><strong>nec</strong></span> <span class='ocrx_word' id='word_1_130' title='bbox 1225 1809 1305 1875; x_wconf 88' lang='lat' dir='ltr'><strong>quae</strong></span> 
     </span>
     <span class='ocr_line' id='line_1_16' title="bbox 111 1892 1305 1984; baseline -0.003 -22"><span class='ocrx_word' id='word_1_131' title='bbox 111 1897 303 1963; x_wconf 78' lang='lat' dir='ltr'><strong>Eustathius</strong></span> <span class='ocrx_word' id='word_1_132' title='bbox 333 1897 423 1964; x_wconf 80' lang='lat' dir='ltr'><strong>affert</strong></span> <span class='ocrx_word' id='word_1_133' title='bbox 449 1918 468 1963; x_wconf 89' lang='lat' dir='ltr'><strong>a</strong></span> <span class='ocrx_word' id='word_1_134' title='bbox 496 1894 660 1962; x_wconf 87' lang='lat' dir='ltr'><strong>Dindorfio</strong></span> <span class='ocrx_word' id='word_1_135' title='bbox 691 1894 888 1984; x_wconf 86' lang='lat' dir='ltr'><strong>significate:</strong></span> <span class='ocrx_word' id='word_1_136' title='bbox 921 1892 967 1960; x_wconf 76' lang='lat' dir='ltr'><strong>ire</strong></span> <span class='ocrx_word' id='word_1_137' title='bbox 996 1896 1026 1960; x_wconf 79' lang='grc' dir='ltr'><strong>δὲ</strong></span> <span class='ocrx_word' id='word_1_138' title='bbox 1057 1899 1091 1960; x_wconf 80' lang='grc' dir='ltr'><strong>τὸ</strong></span> <span class='ocrx_word' id='word_1_139' title='bbox 1116 1897 1305 1975; x_wconf 75' lang='grc' dir='ltr'><strong><em>πολύτροπον</em></strong></span> 
     </span>
     <span class='ocr_line' id='line_1_17' title="bbox 114 2002 1304 2080; baseline -0.001 -14"><span class='ocrx_word' id='word_1_140' title='bbox 114 2002 332 2079; x_wconf 70' lang='grc' dir='ltr'><strong>ἐπαινουμένην</strong></span> <span class='ocrx_word' id='word_1_141' title='bbox 364 2003 433 2068; x_wconf 72' lang='grc' dir='ltr'><strong><em>τινὰ</em></strong></span> <span class='ocrx_word' id='word_1_142' title='bbox 462 2002 606 2079; x_wconf 71' lang='grc' dir='ltr'><strong><em>σημαίνει</em></strong></span> <span class='ocrx_word' id='word_1_143' title='bbox 638 2002 690 2068; x_wconf 75' lang='lat' dir='ltr'><strong>axi</strong></span> <span class='ocrx_word' id='word_1_144' title='bbox 723 2002 867 2077; x_wconf 74' lang='grc' dir='ltr'><strong><em>πολυειδῆ</em></strong></span> <span class='ocrx_word' id='word_1_145' title='bbox 898 2002 1053 2080; x_wconf 78' lang='grc' dir='ltr'><strong><em>έυέργοιοιυ</em></strong></span> <span class='ocrx_word' id='word_1_146' title='bbox 1082 2004 1171 2076; x_wconf 77' lang='grc' dir='ltr'><strong><em>δηλοῖ</em></strong></span> <span class='ocrx_word' id='word_1_147' title='bbox 1192 2003 1243 2065; x_wconf 74' lang='lat' dir='ltr'><strong>aei</strong></span> <span class='ocrx_word' id='word_1_148' title='bbox 1270 2004 1304 2065; x_wconf 86' lang='grc' dir='ltr'><strong>τὸ</strong></span> 
     </span>
     <span class='ocr_line' id='line_1_18' title="bbox 114 2107 1304 2189; baseline 0.001 -18"><span class='ocrx_word' id='word_1_149' title='bbox 114 2109 181 2187; x_wconf 81' lang='grc' dir='ltr'><strong>περὶ</strong></span> <span class='ocrx_word' id='word_1_150' title='bbox 204 2109 327 2182; x_wconf 69' lang='grc' dir='ltr'><strong><em>ἀηδόνος</em></strong></span> <span class='ocrx_word' id='word_1_151' title='bbox 352 2111 410 2174; x_wconf 84' lang='grc' dir='ltr'><strong>ὑπὸ</strong></span> <span class='ocrx_word' id='word_1_152' title='bbox 432 2114 485 2174; x_wconf 73' lang='grc' dir='ltr'><strong>τοῦ</strong></span> <span class='ocrx_word' id='word_1_153' title='bbox 510 2112 634 2182; x_wconf 78' lang='grc' dir='ltr'><strong><em>ποιητοῦ</em></strong></span> <span class='ocrx_word' id='word_1_154' title='bbox 658 2107 791 2189; x_wconf 79' lang='grc' dir='ltr'><strong><em>λεχθέν,</em></strong></span> <span class='ocrx_word' id='word_1_155' title='bbox 815 2109 851 2173; x_wconf 82' lang='grc' dir='ltr'><strong>τὸ</strong></span> <span class='ocrx_word' id='word_1_156' title='bbox 872 2116 1034 2187; x_wconf 66' lang='lat' dir='ltr'><strong>,recrees</strong></span> <span class='ocrx_word' id='word_1_157' title='bbox 1052 2109 1119 2189; x_wconf 84' lang='grc' dir='ltr'><strong><em>χέει</em></strong></span> <span class='ocrx_word' id='word_1_158' title='bbox 1140 2109 1304 2188; x_wconf 85' lang='grc' dir='ltr'><strong><em>πολυηχέοι</em></strong></span> 
     </span>
     <span class='ocr_line' id='line_1_19' title="bbox 114 2212 1305 2296; baseline -0.003 -16"><span class='ocrx_word' id='word_1_159' title='bbox 114 2215 252 2294; x_wconf 53' lang='lat' dir='ltr'><strong>&lt;cariffi</strong></span> <span class='ocrx_word' id='word_1_160' title='bbox 276 2217 307 2281; x_wconf 89' lang='grc' dir='ltr'><strong>έν</strong></span> <span class='ocrx_word' id='word_1_161' title='bbox 330 2214 394 2294; x_wconf 71' lang='grc' dir='ltr'><strong>γὰρ</strong></span> <span class='ocrx_word' id='word_1_162' title='bbox 417 2216 459 2295; x_wconf 67' lang='lat' dir='ltr'><strong>roi</strong></span> <span class='ocrx_word' id='word_1_163' title='bbox 483 2221 625 2294; x_wconf 82' lang='grc' dir='ltr'><strong><em>προπῶσιι</em></strong></span> <span class='ocrx_word' id='word_1_164' title='bbox 639 2252 680 2264; x_wconf 91' lang='grc'>-</span> <span class='ocrx_word' id='word_1_165' title='bbox 695 2251 736 2263; x_wconf 91' lang='grc'>-</span> <span class='ocrx_word' id='word_1_166' title='bbox 750 2215 938 2295; x_wconf 78' lang='grc' dir='ltr'><strong><em>πολύτροπον</em></strong></span> <span class='ocrx_word' id='word_1_167' title='bbox 962 2217 1004 2287; x_wconf 76' lang='grc' dir='ltr'><strong>εἰς</strong></span> <span class='ocrx_word' id='word_1_168' title='bbox 1023 2215 1098 2296; x_wconf 71' lang='grc' dir='ltr'><strong><em>ᾠδὴν</em></strong></span> <span class='ocrx_word' id='word_1_169' title='bbox 1115 2218 1169 2287; x_wconf 75' lang='grc' dir='ltr'><strong>την</strong></span> <span class='ocrx_word' id='word_1_170' title='bbox 1190 2212 1305 2287; x_wconf 70' lang='lat' dir='ltr'><strong>uindice</strong></span> 
     </span>
     <span class='ocr_line' id='line_1_20' title="bbox 111 2321 1306 2407; baseline -0.001 -21"><span class='ocrx_word' id='word_1_171' title='bbox 111 2325 220 2402; x_wconf 76' lang='grc' dir='ltr'><strong>Φηοίν,</strong></span> <span class='ocrx_word' id='word_1_172' title='bbox 240 2323 284 2407; x_wconf 88' lang='lat' dir='ltr'><strong>(p.</strong></span> <span class='ocrx_word' id='word_1_173' title='bbox 305 2321 403 2405; x_wconf 69' lang='lat'><strong>1:³81,</strong></span> <span class='ocrx_word' id='word_1_174' title='bbox 423 2321 480 2397; x_wconf 73' lang='lat'><strong>45)</strong></span> <span class='ocrx_word' id='word_1_175' title='bbox 499 2341 557 2386; x_wconf 89' lang='lat' dir='ltr'><strong>nec</strong></span> <span class='ocrx_word' id='word_1_176' title='bbox 578 2341 614 2386; x_wconf 89' lang='lat' dir='ltr'><strong>ea</strong></span> <span class='ocrx_word' id='word_1_177' title='bbox 633 2341 775 2406; x_wconf 88' lang='lat' dir='ltr'><strong>quoque,</strong></span> <span class='ocrx_word' id='word_1_178' title='bbox 795 2323 943 2406; x_wconf 89' lang='lat' dir='ltr'><strong>inquam,</strong></span> <span class='ocrx_word' id='word_1_179' title='bbox 958 2321 1085 2387; x_wconf 87' lang='lat' dir='ltr'><strong>aliunde</strong></span> <span class='ocrx_word' id='word_1_180' title='bbox 1100 2324 1222 2387; x_wconf 89' lang='lat' dir='ltr'><strong>vonisse</strong></span> <span class='ocrx_word' id='word_1_181' title='bbox 1234 2324 1306 2406; x_wconf 90' lang='lat' dir='ltr'><strong>quis</strong></span> 
     </span>
     <span class='ocr_line' id='line_1_21' title="bbox 113 2426 1306 2514; baseline -0.001 -20"><span class='ocrx_word' id='word_1_182' title='bbox 113 2429 286 2494; x_wconf 84' lang='lat' dir='ltr'><strong>existimet.</strong></span> <span class='ocrx_word' id='word_1_183' title='bbox 304 2426 367 2494; x_wconf 81' lang='lat' dir='ltr'><strong>Sed</strong></span> <span class='ocrx_word' id='word_1_184' title='bbox 379 2427 431 2493; x_wconf 83' lang='lat' dir='ltr'><strong>vel</strong></span> <span class='ocrx_word' id='word_1_185' title='bbox 443 2429 488 2493; x_wconf 89' lang='lat' dir='ltr'><strong>sic</strong></span> <span class='ocrx_word' id='word_1_186' title='bbox 500 2437 566 2492; x_wconf 89' lang='lat' dir='ltr'><strong>tam</strong></span> <span class='ocrx_word' id='word_1_187' title='bbox 579 2427 704 2492; x_wconf 84' lang='lat' dir='ltr'><strong>fatuum</strong></span> <span class='ocrx_word' id='word_1_188' title='bbox 719 2427 815 2492; x_wconf 87' lang='lat' dir='ltr'><strong>fuisse</strong></span> <span class='ocrx_word' id='word_1_189' title='bbox 827 2427 1042 2514; x_wconf 86' lang='lat' dir='ltr'><strong>Porphyrium</strong></span> <span class='ocrx_word' id='word_1_190' title='bbox 1055 2449 1118 2494; x_wconf 93' lang='lat' dir='ltr'><strong>non</strong></span> <span class='ocrx_word' id='word_1_191' title='bbox 1129 2449 1260 2514; x_wconf 88' lang='lat' dir='ltr'><strong>possum</strong></span> <span class='ocrx_word' id='word_1_192' title='bbox 1271 2431 1306 2493; x_wconf 93' lang='lat' dir='ltr'><strong>in</strong></span> 
     </span>
     <span class='ocr_line' id='line_1_22' title="bbox 111 2533 1307 2620; baseline -0.001 -20"><span class='ocrx_word' id='word_1_193' title='bbox 111 2537 258 2600; x_wconf 84' lang='lat' dir='ltr'><strong>animum</strong></span> <span class='ocrx_word' id='word_1_194' title='bbox 281 2534 447 2611; x_wconf 87' lang='lat' dir='ltr'><strong>inducere,</strong></span> <span class='ocrx_word' id='word_1_195' title='bbox 470 2539 509 2599; x_wconf 90' lang='lat' dir='ltr'><strong>ut</strong></span> <span class='ocrx_word' id='word_1_196' title='bbox 532 2552 611 2618; x_wconf 90' lang='lat' dir='ltr'><strong>quae</strong></span> <span class='ocrx_word' id='word_1_197' title='bbox 635 2535 921 2620; x_wconf 77' lang='lat' dir='ltr'><strong>argumentationis</strong></span> <span class='ocrx_word' id='word_1_198' title='bbox 943 2536 1057 2599; x_wconf 88' lang='lat' dir='ltr'><strong>seriem</strong></span> <span class='ocrx_word' id='word_1_199' title='bbox 1082 2533 1217 2602; x_wconf 87' lang='lat' dir='ltr'><strong>mirifice</strong></span> <span class='ocrx_word' id='word_1_200' title='bbox 1238 2556 1307 2620; x_wconf 87' lang='lat' dir='ltr'><strong>per·</strong></span> 
     </span>
     <span class='ocr_line' id='line_1_23' title="bbox 112 2628 1306 2729; baseline 0.001 -25"><span class='ocrx_word' id='word_1_201' title='bbox 112 2628 271 2706; x_wconf 81' lang='lat' dir='ltr'><strong>uerterent</strong></span> <span class='ocrx_word' id='word_1_202' title='bbox 302 2642 432 2726; x_wconf 91' lang='lat' dir='ltr'><strong>eiusque</strong></span> <span class='ocrx_word' id='word_1_203' title='bbox 463 2643 530 2705; x_wconf 83' lang='lat' dir='ltr'><strong>vim</strong></span> <span class='ocrx_word' id='word_1_204' title='bbox 558 2640 785 2725; x_wconf 81' lang='lat' dir='ltr'><strong>infringerent,</strong></span> <span class='ocrx_word' id='word_1_205' title='bbox 821 2660 859 2705; x_wconf 90' lang='lat' dir='ltr'><strong>ea</strong></span> <span class='ocrx_word' id='word_1_206' title='bbox 888 2640 1011 2706; x_wconf 87' lang='lat' dir='ltr'><strong>mediae</strong></span> <span class='ocrx_word' id='word_1_207' title='bbox 1035 2643 1306 2729; x_wconf 80' lang='lat' dir='ltr'><strong>argumentationi</strong></span> 
     </span>
     <span class='ocr_line' id='line_1_24' title="bbox 110 2736 1305 2832; baseline -0.002 -19"><span class='ocrx_word' id='word_1_208' title='bbox 110 2736 288 2813; x_wconf 52' lang='lat' dir='ltr'><strong>insereret(</strong></span> <span class='ocrx_word' id='word_1_209' title='bbox 321 2744 412 2812; x_wconf 88' lang='lat' dir='ltr'><strong>Unde</strong></span> <span class='ocrx_word' id='word_1_210' title='bbox 448 2752 480 2811; x_wconf 89' lang='lat' dir='ltr'><strong>et</strong></span> <span class='ocrx_word' id='word_1_211' title='bbox 516 2745 674 2830; x_wconf 87' lang='lat' dir='ltr'><strong>quomodo</strong></span> <span class='ocrx_word' id='word_1_212' title='bbox 709 2749 743 2809; x_wconf 92' lang='lat' dir='ltr'><strong>in</strong></span> <span class='ocrx_word' id='word_1_213' title='bbox 774 2751 917 2810; x_wconf 90' lang='lat' dir='ltr'><strong>nostrum</strong></span> <span class='ocrx_word' id='word_1_214' title='bbox 946 2745 1052 2811; x_wconf 89' lang='lat' dir='ltr'><strong>locum</strong></span> <span class='ocrx_word' id='word_1_215' title='bbox 1086 2750 1305 2832; x_wconf 89' lang='lat' dir='ltr'><strong>pervenerint,</strong></span> 
     </span>
     <span class='ocr_line' id='line_1_25' title="bbox 110 2849 1308 2943; baseline -0.002 -25"><span class='ocrx_word' id='word_1_216' title='bbox 110 2873 175 2919; x_wconf 90' lang='lat' dir='ltr'><strong>non</strong></span> <span class='ocrx_word' id='word_1_217' title='bbox 205 2856 335 2937; x_wconf 85' lang='lat' dir='ltr'><strong>exputo.</strong></span> <span class='ocrx_word' id='word_1_218' title='bbox 382 2851 527 2918; x_wconf 85' lang='lat' dir='ltr'><strong>Fortasse</strong></span> <span class='ocrx_word' id='word_1_219' title='bbox 559 2853 714 2916; x_wconf 89' lang='lat' dir='ltr'><strong>recentior</strong></span> <span class='ocrx_word' id='word_1_220' title='bbox 745 2871 875 2927; x_wconf 91' lang='lat' dir='ltr'><strong>manus,</strong></span> <span class='ocrx_word' id='word_1_221' title='bbox 901 2849 1029 2943; x_wconf 47' lang='lat' dir='ltr'><strong>‚Scholia</strong></span> <span class='ocrx_word' id='word_1_222' title='bbox 1052 2855 1116 2916; x_wconf 90' lang='lat' dir='ltr'><strong>iam</strong></span> <span class='ocrx_word' id='word_1_223' title='bbox 1141 2850 1245 2928; x_wconf 86' lang='lat' dir='ltr'><strong>finito,</strong></span> <span class='ocrx_word' id='word_1_224' title='bbox 1270 2873 1308 2917; x_wconf 89' lang='lat' dir='ltr'><strong>sa</strong></span> 
     </span>
     <span class='ocr_line' id='line_1_26' title="bbox 111 2955 1307 3043; baseline -0.002 -19"><span class='ocrx_word' id='word_1_225' title='bbox 111 2961 145 3024; x_wconf 92' lang='lat' dir='ltr'><strong>iu</strong></span> <span class='ocrx_word' id='word_1_226' title='bbox 177 2955 334 3025; x_wconf 85' lang='lat' dir='ltr'><strong>Codicum</strong></span> <span class='ocrx_word' id='word_1_227' title='bbox 365 2964 545 3024; x_wconf 89' lang='lat' dir='ltr'><strong>nestrorum</strong></span> <span class='ocrx_word' id='word_1_228' title='bbox 577 2956 750 3043; x_wconf 84' lang='lat' dir='ltr'><strong>archetypo</strong></span> <span class='ocrx_word' id='word_1_229' title='bbox 780 2956 947 3041; x_wconf 89' lang='lat' dir='ltr'><strong>supplendi</strong></span> <span class='ocrx_word' id='word_1_230' title='bbox 978 2979 1071 3023; x_wconf 91' lang='lat' dir='ltr'><strong>causa</strong></span> <span class='ocrx_word' id='word_1_231' title='bbox 1099 2960 1243 3043; x_wconf 85' lang='lat' dir='ltr'><strong>appinxit</strong></span> <span class='ocrx_word' id='word_1_232' title='bbox 1267 2958 1307 3024; x_wconf 89' lang='lat' dir='ltr'><strong>ab</strong></span> 
     </span>
     <span class='ocr_line' id='line_1_27' title="bbox 111 3061 1307 3150; baseline -0.002 -20"><span class='ocrx_word' id='word_1_233' title='bbox 111 3064 224 3131; x_wconf 89' lang='lat' dir='ltr'><strong>eodem</strong></span> <span class='ocrx_word' id='word_1_234' title='bbox 241 3084 338 3149; x_wconf 88' lang='lat' dir='ltr'><strong>quem</strong></span> <span class='ocrx_word' id='word_1_235' title='bbox 358 3064 493 3149; x_wconf 89' lang='lat' dir='ltr'><strong>putabat</strong></span> <span class='ocrx_word' id='word_1_236' title='bbox 512 3067 639 3129; x_wconf 86' lang='lat' dir='ltr'><strong>auctore</strong></span> <span class='ocrx_word' id='word_1_237' title='bbox 662 3066 695 3127; x_wconf 90' lang='lat' dir='ltr'><strong>in</strong></span> <span class='ocrx_word' id='word_1_238' title='bbox 720 3061 830 3127; x_wconf 87' lang='lat' dir='ltr'><strong>cadem</strong></span> <span class='ocrx_word' id='word_1_239' title='bbox 854 3083 887 3127; x_wconf 90' lang='lat' dir='ltr'><strong>re</strong></span> <span class='ocrx_word' id='word_1_240' title='bbox 910 3063 1058 3147; x_wconf 86' lang='lat' dir='ltr'><strong>prosecta.</strong></span> <span class='ocrx_word' id='word_1_241' title='bbox 1083 3063 1145 3129; x_wconf 86' lang='lat' dir='ltr'><strong>Sed</strong></span> <span class='ocrx_word' id='word_1_242' title='bbox 1169 3085 1307 3150; x_wconf 82' lang='lat' dir='ltr'><strong>quoquo</strong></span> 
     </span>
     <span class='ocr_line' id='line_1_28' title="bbox 112 3168 1306 3254; baseline 0 -19"><span class='ocrx_word' id='word_1_243' title='bbox 112 3170 208 3236; x_wconf 88' lang='lat' dir='ltr'><strong>modo</strong></span> <span class='ocrx_word' id='word_1_244' title='bbox 236 3169 365 3236; x_wconf 89' lang='lat' dir='ltr'><strong>taudem</strong></span> <span class='ocrx_word' id='word_1_245' title='bbox 395 3169 472 3236; x_wconf 89' lang='lat' dir='ltr'><strong>haec</strong></span> <span class='ocrx_word' id='word_1_246' title='bbox 502 3190 536 3236; x_wconf 86' lang='lat' dir='ltr'><strong>se</strong></span> <span class='ocrx_word' id='word_1_247' title='bbox 563 3168 714 3244; x_wconf 87' lang='lat' dir='ltr'><strong>habeant,</strong></span> <span class='ocrx_word' id='word_1_248' title='bbox 747 3168 807 3234; x_wconf 89' lang='lat' dir='ltr'><strong>hoc</strong></span> <span class='ocrx_word' id='word_1_249' title='bbox 839 3189 922 3233; x_wconf 89' lang='lat' dir='ltr'><strong>nunc</strong></span> <span class='ocrx_word' id='word_1_250' title='bbox 952 3189 1042 3254; x_wconf 88' lang='lat' dir='ltr'><strong>spero</strong></span> <span class='ocrx_word' id='word_1_251' title='bbox 1073 3178 1195 3235; x_wconf 87' lang='lat' dir='ltr'><strong>certum</strong></span> <span class='ocrx_word' id='word_1_252' title='bbox 1228 3174 1306 3247; x_wconf 89' lang='lat' dir='ltr'><strong>erit,</strong></span> 
     </span>
     <span class='ocr_line' id='line_1_29' title="bbox 111 3275 1308 3362; baseline -0.002 -20"><span class='ocrx_word' id='word_1_253' title='bbox 111 3276 210 3343; x_wconf 80' lang='lat' dir='ltr'><strong>veroa</strong></span> <span class='ocrx_word' id='word_1_254' title='bbox 231 3275 355 3342; x_wconf 85' lang='lat' dir='ltr'><strong>inclusa</strong></span> <span class='ocrx_word' id='word_1_255' title='bbox 377 3276 506 3342; x_wconf 82' lang='lat' dir='ltr'><strong>soloce</strong></span> <span class='ocrx_word' id='word_1_256' title='bbox 535 3294 598 3360; x_wconf 92' lang='lat' dir='ltr'><strong>quo</strong></span> <span class='ocrx_word' id='word_1_257' title='bbox 630 3295 714 3340; x_wconf 89' lang='lat' dir='ltr'><strong>nuno</strong></span> <span class='ocrx_word' id='word_1_258' title='bbox 744 3280 819 3340; x_wconf 91' lang='lat' dir='ltr'><strong>sunt</strong></span> <span class='ocrx_word' id='word_1_259' title='bbox 849 3277 1025 3362; x_wconf 84' lang='lat' dir='ltr'><strong>incongrua</strong></span> <span class='ocrx_word' id='word_1_260' title='bbox 1048 3297 1114 3341; x_wconf 89' lang='lat' dir='ltr'><strong>esse</strong></span> <span class='ocrx_word' id='word_1_261' title='bbox 1138 3283 1170 3341; x_wconf 88' lang='lat' dir='ltr'><strong>et</strong></span> <span class='ocrx_word' id='word_1_262' title='bbox 1194 3279 1308 3341; x_wconf 92' lang='lat' dir='ltr'><strong>autin</strong></span> 
     </span>
     <span class='ocr_line' id='line_1_30' title="bbox 111 3378 1216 3471; baseline -0.003 -22"><span class='ocrx_word' id='word_1_263' title='bbox 111 3384 313 3471; x_wconf 84' lang='lat' dir='ltr'><strong>marginem,</strong></span> <span class='ocrx_word' id='word_1_264' title='bbox 336 3382 420 3467; x_wconf 89' lang='lat' dir='ltr'><strong>quod</strong></span> <span class='ocrx_word' id='word_1_265' title='bbox 443 3381 577 3456; x_wconf 86' lang='lat' dir='ltr'><strong>malim,</strong></span> <span class='ocrx_word' id='word_1_266' title='bbox 601 3380 720 3446; x_wconf 89' lang='lat' dir='ltr'><strong>autad</strong></span> <span class='ocrx_word' id='word_1_267' title='bbox 743 3379 862 3447; x_wconf 86' lang='lat' dir='ltr'><strong>calcem</strong></span> <span class='ocrx_word' id='word_1_268' title='bbox 886 3378 1007 3446; x_wconf 78' lang='lat' dir='ltr'><strong>Scholii</strong></span> <span class='ocrx_word' id='word_1_269' title='bbox 1030 3381 1216 3469; x_wconf 83' lang='lat' dir='ltr'><strong>ableganda.</strong></span> 
     </span>
    </p>
   </div>
   <div class='ocr_carea' id='block_1_3' title="bbox 109 3661 1311 4332">
    <p class='ocr_par' dir='ltr' id='par_1_3' title="bbox 111 3661 1309 3987">
     <span class='ocr_line' id='line_1_31' title="bbox 111 3661 1309 3729; baseline 0.002 -17"><span class='ocrx_word' id='word_1_270' title='bbox 111 3663 143 3712; x_wconf 72' lang='grc' dir='ltr'><strong>τὸ</strong></span> <span class='ocrx_word' id='word_1_271' title='bbox 161 3664 324 3726; x_wconf 63' lang='lat' dir='ltr'><strong>prohaeres,</strong></span> <span class='ocrx_word' id='word_1_272' title='bbox 341 3677 385 3727; x_wconf 90' lang='lat' dir='ltr'><strong>pro</strong></span> <span class='ocrx_word' id='word_1_273' title='bbox 403 3678 451 3727; x_wconf 82' lang='lat' dir='ltr'><strong>quc</strong></span> <span class='ocrx_word' id='word_1_274' title='bbox 469 3677 532 3711; x_wconf 89' lang='lat' dir='ltr'><strong>nuuc</strong></span> <span class='ocrx_word' id='word_1_275' title='bbox 550 3679 577 3712; x_wconf 84' lang='lat' dir='ltr'><strong>ex</strong></span> <span class='ocrx_word' id='word_1_276' title='bbox 597 3665 622 3713; x_wconf 88' lang='lat' dir='ltr'>H</span> <span class='ocrx_word' id='word_1_277' title='bbox 640 3670 676 3729; x_wconf 67' lang='grc' dir='ltr'><strong>τῷ</strong></span> <span class='ocrx_word' id='word_1_278' title='bbox 694 3666 740 3711; x_wconf 75' lang='grc' dir='ltr'><strong><em>που</em></strong></span> <span class='ocrx_word' id='word_1_279' title='bbox 758 3664 836 3723; x_wconf 76' lang='grc' dir='ltr'><strong><em>λόγου</em></strong></span> <span class='ocrx_word' id='word_1_280' title='bbox 855 3661 959 3725; x_wconf 67' lang='lat' dir='ltr'><strong>mactae</strong></span> <span class='ocrx_word' id='word_1_281' title='bbox 980 3665 1117 3728; x_wconf 60' lang='grc' dir='ltr'><strong><em>μονοτρόπῳ</em></strong></span> <span class='ocrx_word' id='word_1_282' title='bbox 1133 3668 1196 3714; x_wconf 85' lang='lat' dir='ltr'><strong>recte</strong></span> <span class='ocrx_word' id='word_1_283' title='bbox 1212 3665 1309 3714; x_wconf 82' lang='lat' dir='ltr'><strong>reatitu-</strong></span> 
     </span>
     <span class='ocr_line' id='line_1_32' title="bbox 111 3744 1309 3818; baseline 0.002 -16"><span class='ocrx_word' id='word_1_284' title='bbox 111 3744 232 3810; x_wconf 76' lang='lat' dir='ltr'><strong>tun&#39;eri,</strong></span> <span class='ocrx_word' id='word_1_285' title='bbox 246 3767 270 3817; x_wconf 89' lang='lat' dir='ltr'><strong>p.</strong></span> <span class='ocrx_word' id='word_1_286' title='bbox 287 3751 326 3809; x_wconf 88' lang='lat' dir='ltr'><strong>lo,</strong></span> <span class='ocrx_word' id='word_1_287' title='bbox 341 3749 384 3799; x_wconf 87' lang='lat' dir='ltr'><strong>iiu.</strong></span> <span class='ocrx_word' id='word_1_288' title='bbox 399 3752 471 3815; x_wconf 84' lang='lat' dir='ltr'><strong>4—p.</strong></span> <span class='ocrx_word' id='word_1_289' title='bbox 490 3750 529 3808; x_wconf 86' lang='lat'><strong>11,</strong></span> <span class='ocrx_word' id='word_1_290' title='bbox 543 3750 585 3800; x_wconf 89' lang='lat' dir='ltr'><strong>liu.</strong></span> <span class='ocrx_word' id='word_1_291' title='bbox 596 3752 609 3800; x_wconf 88' lang='lat'>1</span> <span class='ocrx_word' id='word_1_292' title='bbox 622 3752 703 3813; x_wconf 85' lang='lat' dir='ltr'><strong>Dind.)</strong></span> <span class='ocrx_word' id='word_1_293' title='bbox 715 3753 874 3818; x_wconf 64' lang='lat' dir='ltr'><strong>»praescripto</strong></span> <span class='ocrx_word' id='word_1_294' title='bbox 888 3754 1022 3816; x_wconf 75' lang='grc' dir='ltr'><strong><em>Πορφνρέον</em></strong></span> <span class='ocrx_word' id='word_1_295' title='bbox 1037 3755 1132 3804; x_wconf 87' lang='lat' dir='ltr'><strong>nominc</strong></span> <span class='ocrx_word' id='word_1_296' title='bbox 1142 3755 1205 3805; x_wconf 83' lang='lat' dir='ltr'><strong>iuter</strong></span> <span class='ocrx_word' id='word_1_297' title='bbox 1214 3754 1309 3805; x_wconf 84' lang='lat' dir='ltr'><strong>Scholia</strong></span> 
     </span>
     <span class='ocr_line' id='line_1_33' title="bbox 114 3831 1308 3901; baseline -0.001 -16"><span class='ocrx_word' id='word_1_298' title='bbox 114 3835 199 3885; x_wconf 75' lang='lat' dir='ltr'><strong>iliadis</strong></span> <span class='ocrx_word' id='word_1_299' title='bbox 220 3833 278 3884; x_wconf 80' lang='lat' dir='ltr'><strong>libri</strong></span> <span class='ocrx_word' id='word_1_300' title='bbox 300 3832 385 3883; x_wconf 83' lang='lat' dir='ltr'><strong>decimi</strong></span> <span class='ocrx_word' id='word_1_301' title='bbox 409 3831 485 3881; x_wconf 76' lang='lat' dir='ltr'><strong>relatu</strong></span> <span class='ocrx_word' id='word_1_302' title='bbox 508 3836 544 3882; x_wconf 80' lang='lat' dir='ltr'><strong>cst</strong></span> <span class='ocrx_word' id='word_1_303' title='bbox 562 3833 587 3882; x_wconf 86' lang='lat' dir='ltr'><strong>iu</strong></span> <span class='ocrx_word' id='word_1_304' title='bbox 606 3835 692 3883; x_wconf 82' lang='lat' dir='ltr'><strong>Codice</strong></span> <span class='ocrx_word' id='word_1_305' title='bbox 708 3834 817 3883; x_wconf 69' lang='lat' dir='ltr'><strong>leidensi</strong></span> <span class='ocrx_word' id='word_1_306' title='bbox 836 3835 951 3884; x_wconf 79' lang='lat' dir='ltr'><strong>vossiano</strong></span> <span class='ocrx_word' id='word_1_307' title='bbox 968 3837 1031 3901; x_wconf 83' lang='lat' dir='ltr'><strong>apud</strong></span> <span class='ocrx_word' id='word_1_308' title='bbox 1049 3837 1163 3886; x_wconf 83' lang='lat' dir='ltr'><strong>Valckeu.</strong></span> <span class='ocrx_word' id='word_1_309' title='bbox 1182 3837 1308 3886; x_wconf 78' lang='lat' dir='ltr'><strong>Animadr.</strong></span> 
     </span>
     <span class='ocr_line' id='line_1_34' title="bbox 111 3914 450 3987; baseline -0.015 -18"><span class='ocrx_word' id='word_1_310' title='bbox 111 3920 141 3969; x_wconf 77' lang='lat' dir='ltr'><strong>sd</strong></span> <span class='ocrx_word' id='word_1_311' title='bbox 159 3917 316 3969; x_wconf 73' lang='lat' dir='ltr'><strong>ammonium</strong></span> <span class='ocrx_word' id='word_1_312' title='bbox 334 3933 357 3982; x_wconf 91' lang='lat' dir='ltr'><strong>p.</strong></span> <span class='ocrx_word' id='word_1_313' title='bbox 376 3914 450 3987; x_wconf 50' lang='grc' dir='ltr'><strong>ω’·</strong></span> 
     </span>
    </p>

    <p class='ocr_par' dir='ltr' id='par_1_4' title="bbox 109 3998 1311 4332">
     <span class='ocr_line' id='line_1_35' title="bbox 148 3998 1310 4066; baseline 0 -15"><span class='ocrx_word' id='word_1_314' title='bbox 148 4003 173 4062; x_wconf 87' lang='grc'><strong>1)</strong></span> <span class='ocrx_word' id='word_1_315' title='bbox 189 4000 321 4066; x_wconf 80' lang='lat' dir='ltr'><strong>Porphyrii</strong></span> <span class='ocrx_word' id='word_1_316' title='bbox 334 4015 362 4049; x_wconf 77' lang='lat' dir='ltr'><strong>ea</strong></span> <span class='ocrx_word' id='word_1_317' title='bbox 374 4001 478 4048; x_wconf 65' lang='lat' dir='ltr'><strong>menum</strong></span> <span class='ocrx_word' id='word_1_318' title='bbox 495 3999 584 4048; x_wconf 82' lang='lat' dir='ltr'><strong>referre</strong></span> <span class='ocrx_word' id='word_1_319' title='bbox 598 3998 704 4048; x_wconf 82' lang='lat' dir='ltr'><strong>dubitari</strong></span> <span class='ocrx_word' id='word_1_320' title='bbox 720 4000 809 4063; x_wconf 83' lang='lat' dir='ltr'><strong>nequit.</strong></span> <span class='ocrx_word' id='word_1_321' title='bbox 828 4001 975 4065; x_wconf 77' lang='lat' dir='ltr'><strong>Pythagoras</strong></span> <span class='ocrx_word' id='word_1_322' title='bbox 989 4003 1053 4051; x_wconf 86' lang='lat' dir='ltr'><strong>enim</strong></span> <span class='ocrx_word' id='word_1_323' title='bbox 1061 4006 1156 4051; x_wconf 77' lang='lat' dir='ltr'><strong>suntme</strong></span> <span class='ocrx_word' id='word_1_324' title='bbox 1168 4001 1310 4052; x_wconf 81' lang='lat' dir='ltr'><strong>Dicaearcho</strong></span> 
     </span>
     <span class='ocr_line' id='line_1_36' title="bbox 111 4083 1311 4153; baseline -0.003 -11"><span class='ocrx_word' id='word_1_325' title='bbox 111 4095 227 4142; x_wconf 66' lang='lat' dir='ltr'><strong>nentur</strong></span> <span class='ocrx_word' id='word_1_326' title='bbox 244 4087 308 4138; x_wconf 72' lang='grc' dir='ltr'><strong><em>ὀέτιι</em></strong></span> <span class='ocrx_word' id='word_1_327' title='bbox 326 4083 436 4137; x_wconf 70' lang='grc' dir='ltr'><strong><em>διαθεῖναι</em></strong></span> <span class='ocrx_word' id='word_1_328' title='bbox 454 4087 500 4145; x_wconf 72' lang='grc' dir='ltr'><strong>τὴν</strong></span> <span class='ocrx_word' id='word_1_329' title='bbox 520 4092 688 4150; x_wconf 50' lang='lat' dir='ltr'><strong>&amp;narrares</strong></span> <span class='ocrx_word' id='word_1_330' title='bbox 706 4089 777 4136; x_wconf 73' lang='grc' dir='ltr'><strong><em>πόλιν</em></strong></span> <span class='ocrx_word' id='word_1_331' title='bbox 795 4087 855 4138; x_wconf 76' lang='lat' dir='ltr'><strong>iirr&#39;</strong></span> <span class='ocrx_word' id='word_1_332' title='bbox 873 4089 926 4138; x_wconf 76' lang='lat' dir='ltr'><strong>&#39;arri</strong></span> <span class='ocrx_word' id='word_1_333' title='bbox 944 4091 975 4139; x_wconf 75' lang='grc' dir='ltr'><strong>πυ</strong></span> <span class='ocrx_word' id='word_1_334' title='bbox 993 4096 1042 4140; x_wconf 72' lang='grc' dir='ltr'><strong>τῶν</strong></span> <span class='ocrx_word' id='word_1_335' title='bbox 1065 4092 1185 4152; x_wconf 67' lang='lat' dir='ltr'><strong>*suptarus</strong></span> <span class='ocrx_word' id='word_1_336' title='bbox 1212 4087 1311 4153; x_wconf 67' lang='grc' dir='ltr'><strong><em>ἀρχεῖον</em></strong></span> 
     </span>
     <span class='ocr_line' id='line_1_37' title="bbox 109 4174 1311 4244; baseline 0.002 -17"><span class='ocrx_word' id='word_1_337' title='bbox 109 4176 316 4244; x_wconf 55' lang='lat' dir='ltr'><strong>idumeum</strong></span> <span class='ocrx_word' id='word_1_338' title='bbox 341 4177 424 4227; x_wconf 63' lang='grc' dir='ltr'><strong><em>πολλὰ</em></strong></span> <span class='ocrx_word' id='word_1_339' title='bbox 446 4176 488 4226; x_wconf 73' lang='lat' dir='ltr'><strong>nai</strong></span> <span class='ocrx_word' id='word_1_340' title='bbox 513 4177 580 4226; x_wconf 70' lang='lat' dir='ltr'><strong>neae</strong></span> <span class='ocrx_word' id='word_1_341' title='bbox 606 4174 758 4241; x_wconf 73' lang='grc' dir='ltr'><strong><em>διαλιχέιές,</em></strong></span> <span class='ocrx_word' id='word_1_342' title='bbox 783 4175 834 4237; x_wconf 78' lang='grc' dir='ltr'><strong><em>τοῖς</em></strong></span> <span class='ocrx_word' id='word_1_343' title='bbox 861 4177 917 4236; x_wconf 78' lang='grc' dir='ltr'><strong><em>νέοις</em></strong></span> <span class='ocrx_word' id='word_1_344' title='bbox 944 4178 1018 4229; x_wconf 72' lang='grc' dir='ltr'><strong><em>πάλιν</em></strong></span> <span class='ocrx_word' id='word_1_345' title='bbox 1037 4179 1155 4241; x_wconf 55' lang='lat' dir='ltr'><strong>§dorcade</strong></span> <span class='ocrx_word' id='word_1_346' title='bbox 1176 4179 1311 4238; x_wconf 71' lang='grc' dir='ltr'><strong><em>έποινὶποιπο</em></strong></span> 
     </span>
     <span class='ocr_line' id='line_1_38' title="bbox 111 4265 1309 4332; baseline -0.001 -12"><span class='ocrx_word' id='word_1_347' title='bbox 111 4268 263 4332; x_wconf 61' lang='lat' dir='ltr'><strong>rumare</strong></span> <span class='ocrx_word' id='word_1_348' title='bbox 289 4265 336 4318; x_wconf 76' lang='grc' dir='ltr'><strong>ὑπὸ</strong></span> <span class='ocrx_word' id='word_1_349' title='bbox 360 4272 409 4317; x_wconf 65' lang='grc' dir='ltr'><strong>πᾶν</strong></span> <span class='ocrx_word' id='word_1_350' title='bbox 432 4265 558 4330; x_wconf 65' lang='grc' dir='ltr'><strong><em>ἀρχόντων</em></strong></span> <span class='ocrx_word' id='word_1_351' title='bbox 582 4267 730 4324; x_wconf 64' lang='lat' dir='ltr'><strong>amedeis·</strong></span> <span class='ocrx_word' id='word_1_352' title='bbox 752 4268 818 4328; x_wconf 73' lang='grc' dir='ltr'><strong><em>μιπῖι</em></strong></span> <span class='ocrx_word' id='word_1_353' title='bbox 839 4265 865 4316; x_wconf 77' lang='lat' dir='ltr'><strong>di</strong></span> <span class='ocrx_word' id='word_1_354' title='bbox 884 4271 970 4318; x_wconf 74' lang='grc' dir='ltr'><strong><em>πιιῦππ</em></strong></span> <span class='ocrx_word' id='word_1_355' title='bbox 987 4266 1039 4327; x_wconf 77' lang='grc' dir='ltr'><strong><em>τοῖς</em></strong></span> <span class='ocrx_word' id='word_1_356' title='bbox 1058 4270 1142 4320; x_wconf 70' lang='lat' dir='ltr'><strong>roario</strong></span> <span class='ocrx_word' id='word_1_357' title='bbox 1160 4272 1187 4322; x_wconf 77' lang='grc' dir='ltr'><strong>ἰιι</strong></span> <span class='ocrx_word' id='word_1_358' title='bbox 1207 4283 1255 4318; x_wconf 63' lang='grc' dir='ltr'><strong>πων</strong></span> <span class='ocrx_word' id='word_1_359' title='bbox 1274 4268 1309 4319; x_wconf 70' lang='grc' dir='ltr'><strong>έν·</strong></span> 
     </span>
    </p>
   </div>
   <div class='ocr_carea' id='block_1_4' title="bbox 111 4354 1310 4431">
    <p class='ocr_par' dir='ltr' id='par_1_5' title="bbox 111 4354 1310 4431">
     <span class='ocr_line' id='line_1_39' title="bbox 111 4354 1310 4431; baseline 0 -22"><span class='ocrx_word' id='word_1_360' title='bbox 111 4360 265 4411; x_wconf 64' lang='lat' dir='ltr'><strong>iunantes</strong></span> <span class='ocrx_word' id='word_1_361' title='bbox 282 4358 371 4422; x_wconf 69' lang='grc' dir='ltr'><strong><em>ὶέρέονς</em></strong></span> <span class='ocrx_word' id='word_1_362' title='bbox 389 4357 554 4406; x_wconf 62' lang='lat' dir='ltr'><strong>remma·</strong></span> <span class='ocrx_word' id='word_1_363' title='bbox 575 4355 631 4408; x_wconf 76' lang='lat' dir='ltr'><strong>aira</strong></span> <span class='ocrx_word' id='word_1_364' title='bbox 649 4355 704 4415; x_wconf 74' lang='grc' dir='ltr'><strong><em>τοῖς</em></strong></span> <span class='ocrx_word' id='word_1_365' title='bbox 721 4354 838 4420; x_wconf 73' lang='grc' dir='ltr'><strong><em>γυναιξίν.</em></strong></span> <span class='ocrx_word' id='word_1_366' title='bbox 853 4360 915 4426; x_wconf 79' lang='lat' dir='ltr'><strong>apud</strong></span> <span class='ocrx_word' id='word_1_367' title='bbox 931 4360 1310 4431; x_wconf 69' lang='lat' dir='ltr'><strong>Porphyr.VitaPythsg.n.18.</strong></span> 
     </span>
    </p>
   </div>
   <div class='ocr_carea' id='block_1_5' title="bbox 0 0 1498 4950">
    <p class='ocr_par' dir='ltr' id='par_1_6' title="bbox 0 0 1498 4950">
     <span class='ocr_line' id='line_1_40' title="bbox 0 0 1498 4950; baseline 0 0"><span class='ocrx_word' id='word_1_368' title='bbox 0 0 1498 4950; x_wconf 95' lang='lat' dir='ltr'><strong> </strong></span> 
     </span>
    </p>
   </div>
  </div>
 </body>
</html>
