2978 4950
701 204 766 287 417

131 407 272 477 έπθθετον
298 410 364 476 ἐπὶ
395 416 461 476 τοῦ
486 407 760 488 κατακρύπτεσθαι
794 407 851 472 unt
883 416 945 480 τοῖς
979 408 1063 488 έριόις
1087 408 1155 481 τοὺς
1180 406 1325 485 ἑταίρους.

130 518 279 586 Tandem
324 518 511 584 adverbium
557 516 704 595 οὶρμοδιός
739 515 839 580 menti
874 516 1036 601 scriptoris
1070 535 1131 579 non
1167 516 1323 579 convenit.

129 624 265 692 Etenim
289 644 351 691 non
374 631 483 690 monet
507 628 633 709 poetam
658 629 726 706 apte
750 660 790 669 —
814 622 848 686 id
871 628 919 687 est
937 621 1016 704 οριὶι
1035 621 1108 684 locis
1129 657 1169 669 -
1191 624 1240 684 nti
1261 622 1324 705 epi·

131 733 250 809 thetis,
286 732 341 798 sed
375 731 473 816 aptis,
509 734 555 795 rei
588 750 685 814 quam
715 729 862 814 proponit
893 731 1035 813 apprime
1066 726 1326 793 convenientibus

129 859 270 924 eamque
299 838 450 926 graphice
483 836 733 924 designantibus.
782 835 892 920 ltaque
923 841 979 899 aut
1008 833 1102 899 fallor
1131 840 1187 899 aut
1218 839 1326 898 auctor
1374 893 1377 899 .

129 948 280 1031 scripsit:
306 946 326 1009 οὶ
335 945 431 1023 ρμοδ
440 930 514 1014 θοις
538 946 585 1007 cici
612 941 763 1024 κέχρηται
787 948 849 1012 τοῖς
873 940 1027 1012 ἐπιθέτοις.

180 1180 213 1233 ι,
241 1154 316 1220 440.
365 1155 497 1220 Οὔθατα
521 1154 583 1232 γὰρ
608 1159 830 1233 σφαραγεῦντο
855 1155 1037 1237 exponitur:
1062 1151 1253 1229 διετείνοντο,
1279 1151 1327 1214 έκ-
1352 1143 1354 1147 ’

128 1263 345 1340 πεπλησμένα
380 1258 467 1336 ἦσαν.
501 1258 590 1339 οὖθαρ
621 1259 652 1324 δὲ
683 1260 717 1325 τθ
749 1259 850 1337 γθλα.
882 1258 970 1344 (HQ)
1002 1257 1126 1323 Ultima
1149 1258 1264 1325 abeunt
1287 1258 1326 1322 ab

128 1369 343 1436 Ambrosiano
378 1391 414 1435 ac
446 1371 501 1433 vix
537 1369 570 1432 in
607 1369 753 1430 animum
786 1368 934 1430 inducere
967 1386 1111 1451 possum,
1135 1386 1327 1450 quemquam

127 1479 384 1564 grammaticum
405 1470 492 1553 οὖθαρ
514 1493 579 1538 esse
599 1473 842 1558 interpretatum
864 1475 966 1549 γθλοι.
997 1471 1116 1555 Itaque
1130 1472 1259 1538 fortasse
1280 1476 1325 1537 sic

126 1583 271 1648 scribare
283 1583 471 1667 praestabit:
486 1581 679 1662 διετείνοντο,
701 1577 960 1657 ἐμπεπλησμένα
982 1574 1058 1652 ἦσαν
1076 1580 1152 1666 (τὰ)
1173 1579 1323 1643 οὔθατα

127 1689 198 1755 δια
223 1689 266 1753 τὸ
290 1690 416 1766 γοθλα.

177 1931 209 1983 ι,
236 1904 312 1971 456.
348 1906 539 1991 Adloquitur
562 1908 780 1996 Polyphemus
799 1911 932 1975 arietem
953 1907 1218 1974 dilectissimum:
1240 1910 1264 1973 εἰ
1286 1909 1320 1983 δη

126 2015 326 2095 θμοΦρονέοις
355 2016 556 2095 ποτιφωνήεις
581 2040 616 2080 τε
640 2017 747 2095 γένοιο.
796 2018 968 2083 Inventum
994 2018 1191 2099 sequioribus
1215 2015 1324 2100 displi-

127 2125 220 2188 cuit:
255 2120 336 2186 δοκεῖ
363 2120 392 2185 δέ
428 2122 674 2212 βουκολικὸν
711 2119 787 2189 εἶναι
820 2132 880 2196 τοῖς
913 2122 1061 2200 νεωτέροις
1092 2125 1126 2186 τὸ
1150 2122 1222 2201 πρὸς
1248 2123 1323 2202 κριὸν

126 2227 347 2306 διαλέγεσθαι.
374 2227 426 2315 (Q)
450 2228 523 2294 Non
546 2231 639 2296 video
663 2251 719 2296 cur
737 2233 925 2297 recentiores
944 2231 1156 2295 rusticitatem
1177 2229 1322 2294 admirati

126 2336 198 2401 sint
230 2338 264 2399 in
294 2337 423 2401 rustico.
470 2335 571 2402 Paulo
603 2337 735 2403 meliore
765 2341 887 2403 ratione
917 2336 1000 2401 δοκεῖ
1017 2334 1223 2415 βλακικὸν
1247 2332 1323 2400 εἶναι

126 2450 195 2515 τοῖς
223 2441 370 2523 νεωτέροις
394 2442 428 2508 τὸ
452 2441 524 2523 πρὸς
549 2443 625 2522 κριθν
651 2443 861 2524 διαλέγεσθαι.

179 2680 210 2735 ι,
236 2653 312 2722 508.

245 2766 344 2828 'Eous
369 2786 415 2832 τις
440 2763 542 2828 ένθοθδε
566 2765 678 2841 μθντις
703 2767 775 2845 θνηρ
802 2765 854 2841 ἠύς
879 2789 912 2829 τε
937 2765 1042 2845 μέγας
1067 2789 1120 2845 τε,
1146 2803 1165 2816 -
1180 2803 1232 2817 ··

251 2869 278 2942 ὅς
305 2894 355 2948 μοι
381 2869 440 2952 ἔφη
464 2871 541 2935 τάδε
565 2871 671 2937 πάντα
697 2873 936 2946 τελευτήσεσθαι
958 2872 1084 2938 dorisco.

127 2976 345 3043 Observatur:
371 2979 413 3041 έκ
437 2981 544 3042 τούτου
569 2979 686 3052 νοητέον
711 2975 756 3042 θτι
780 2978 996 3054 δεισιδαίμονες
1021 2980 1047 3044 σι’
1068 2979 1256 3060 Κύκλωπες,
1277 2979 1321 3050 ὅτι

128 3086 284 3161 ὑπηκονον
304 3085 500 3162 1βουλήμασι
535 3086 604 3149 θεῶν
636 3084 688 3148 καὶ
721 3088 774 3150 οὐκ
804 3083 983 3150 οὶπέιιτεινον
1015 3087 1085 3157 τοὺς
1116 3089 1323 3168 προλέγοντας

129 3192 242 3261 αὐτοῖς
279 3214 368 3254 τινα
402 3192 487 3270 παρα
519 3194 589 3255 θεῶν
612 3190 753 3264 ἐσόμενα.
778 3189 832 3275 (Q)
865 3190 970 3256 Immo
994 3195 1071 3257 κοὶκ
1095 3195 1201 3259 τούτου
1227 3197 1324 3271 νοητέ-

128 3321 181 3374 ον,
220 3333 260 3345 -·
293 3318 353 3363 non
387 3300 470 3362 enim
505 3298 578 3362 hinc
607 3306 732 3362 tantum
758 3301 858 3383 pietas
882 3298 1061 3385 Cyclopum
1085 3304 1243 3380 cernitur,
1269 3304 1324 3368 cfr.

128 3401 249 3471 soboli.
275 3404 314 3468 ad
337 3424 400 3470 uss.
430 3402 493 3467 106
518 3412 550 3469 et
574 3403 656 3488 225,
682 3412 776 3470 -et
800 3405 854 3469 οὐκ
873 3404 1051 3470 οθπέκτεινον
1070 3405 1139 3480 τοὺς
1161 3402 1325 3489 προλέγον-

127 3532 194 3582 τας
221 3509 327 3580 αὐτοῑς
351 3513 400 3574 τοὶ
425 3511 512 3589 παρὰ
537 3512 606 3575 θεῶν
632 3509 775 3590 ἐσόμενα.

181 3755 211 3807 ι,
239 3727 312 3792 525.
364 3729 425 3792 Διά
455 3730 486 3794 τί
510 3730 523 3792 θ
547 3728 716 3799 Ὀδυσσεὺς
741 3727 831 3800 οὕτως
857 3729 990 3803 οένοητοις
1013 3728 1055 3799 εἷς
1081 3731 1131 3792 τθν
1155 3730 1326 3795 Ποσειδῶνα

126 3841 331 3916 ὠλιγώρησεν
355 3836 445 3900 εἰπὼν
471 3838 529 3913 „cic
555 3837 607 3899 οὐκ
631 3835 795 3916 ὀφθαλμόν
818 3836 852 3912 γ’
876 3835 997 3909 ιἠσεται
1018 3833 1080 3898 οὐδ’
1101 3835 1325 3924 ε’νοσίχθων”;ἣ

126 3944 184 4012 διὰ
213 3945 248 4006 τὸ
274 3940 429 4019 γινώσκειν
454 3945 491 4014 ὡς
518 3943 570 4006 οὐκ
595 3939 626 4015 ἦν
652 3943 754 4022 ἰατρὸς
780 3942 792 4006 θ
819 3943 983 4025 Ποσειδῶν,
1009 3937 1086 4004 αλλ’
1111 3941 1125 4004 θ
1150 3941 1325 4019 Ἀπόλλων,

126 4054 145 4129 ἢ
175 4047 226 4116 ὅτι
252 4050 284 4113 οὐ
310 4049 488 4128 θεραπεύσει
512 4050 619 4112 αὐτοὶ
642 4049 691 4112 διοὶ
717 4050 771 4120 την
796 4050 937 4125 πονηρίαν
955 4048 1061 4110 αὑτοῦ.
1089 4047 1154 4131 (Μ)
1174 4047 1232 4112 Est
1250 4048 1328 4114 haec

126 4161 277 4246 epitome
308 4155 500 4239 quaestionis
523 4155 778 4242 Porphyrium,
804 4175 899 4238 quam
924 4137 1123 4237 aliquantum
1149 4154 1327 4220 uberiorem

126 4265 287 4333 exhibent
313 4260 414 4342 HQT,
441 4265 474 4325 in
497 4283 559 4346 qua
581 4284 674 4327 nemo
697 4282 822 4326 mecum
842 4263 997 4348 corrigere
1016 4261 1223 4348 gravabitur:
1245 4262 1262 4336 ἢ
1282 4261 1325 4328 θ’τι

126 4375 161 4440 εὖ
189 4370 372 4451 θεραπεύσει
398 4369 520 4432 αὑτὸν
546 4372 596 4434 δια
621 4373 675 4445 την
700 4368 841 4449 πονηρίαν
867 4370 971 4432 αὐτοῦ.

1153 4487 1184 4543 21
