2978 4950
635 200 678 276 85

10 486 16 491 -
94 394 163 465 dubie
190 399 366 464 Aristarchi
396 400 686 484 interpretationem
710 405 852 474 secutos,
876 405 913 464 ut
936 397 1168 465 Aristoniceam
1193 421 1246 464 no·

10 558 16 571 .
94 515 141 572 tan
160 508 325 571 conferenti
344 508 485 590 patebit,
505 506 648 571 confudit
663 507 701 570 de
720 526 807 571 more
829 504 1009 592 Hesychius
1022 513 1059 586 (s.
1074 527 1105 571 r.
1120 506 1244 592 κλητθς)

92 615 272 678 recentiorum
300 614 558 697 pronunciatione
582 613 614 676 in
637 632 773 677 errorem
797 611 956 677 inductus.
983 607 1008 695 ¹)
1033 649 1075 660 -
1100 638 1140 689 μ,
1168 611 1244 679 279.
1271 687 1273 692 ,

46 710 50 719 ’
93 721 131 805 (ex
144 717 203 805 BQ)
226 719 389 799 σχέτλιοςε
417 719 600 799 καρτερικός,
625 719 789 790 brioderus.
814 721 880 784 cai
905 720 935 782 ἐν
954 718 1062 783 'laidis
1077 718 1244 800 ‚fizirarc'c

92 827 153 902 dccc,
179 826 302 905 γεραιέ,
334 825 372 889 σὺ
405 826 461 902 μὲν
493 824 581 890 πίνου
613 827 722 891 οὔποτε
755 826 891 903 eclysis?
915 832 971 905 (K,
1003 823 1091 906 164.)
1119 862 1160 873 -
1187 824 1246 888 Est

92 939 172 999 tenen
193 931 244 998 vel
267 933 300 997 in
325 931 375 998 his
403 933 480 999 locis
503 954 586 997 unus
609 938 641 996 et
664 932 762 1009 alter,
787 933 843 996 nbi
866 935 903 1004 ὥς
925 954 1018 1018 aegre
1043 933 1150 996 abesse
1174 951 1245 995 sen·

92 1041 166 1104 timus
203 1047 235 1104 et
271 1037 426 1105 Codicum
461 1041 620 1104 dissensus
655 1042 877 1104 auctoritatem
913 1059 1023 1103 eornm
1058 1038 1245 1111 labelactet,

92 1145 154 1227 quod
172 1151 201 1211 et
224 1149 258 1211 in
282 1166 319 1212 co
344 1149 532 1230 usuvenit,
558 1167 651 1230 quem
676 1149 817 1231 primum
842 1145 1064 1218 exhibuimus,
1090 1156 1122 1208 et
1142 1145 1247 1231 magis

92 1253 164 1314 ctiam
191 1253 223 1315 in
252 1272 307 1330 so,
339 1253 378 1316 dc
411 1274 473 1338 qno
503 1274 587 1316 nnnc
615 1273 725 1317 sumus
749 1253 859 1316 acturi.
908 1251 960 1315 Ad
984 1254 1018 1334 δ,
1044 1250 1127 1328 692,
1152 1249 1246 1314 ἄλλον

92 1356 113 1416 ι’
136 1355 279 1437 ίχθριίρρσι
310 1358 439 1436 βροτῶν,
472 1357 567 1423 ἄλλον
599 1382 632 1421 κε
656 1360 761 1435 crucia
786 1370 833 1422 est
856 1360 889 1420 iu
912 1357 1039 1437 BAPQ:
1064 1357 1188 1435 βέλτιον
1212 1358 1247 1420 τὸ

93 1461 130 1534 „b
148 1463 240 1543 staff
265 1466 361 1550 (quod
381 1465 579 1550 praecedenti
600 1485 692 1530 versu
713 1464 845 1552 legitur)
862 1472 924 1536 τοῖς
945 1463 1005 1527 ἄνω
1027 1464 1246 1543 spectatula.

91 1566 116 1628 τί
140 1569 166 1633 δὲ
194 1570 405 1651 ηὲχθκίρρσιιθ
436 1574 471 1658 (·
490 1576 569 1653 opor)
603 1572 669 1635 θίντί
695 1579 747 1635 τοῦ
773 1572 961 1652 ἐχθαίρῃ,
988 1572 1053 1635 καί
1078 1572 1112 1635 τὸ
1138 1569 1247 1648 ,,ίχθὺς

90 1666 113 1740 it
137 1699 165 1738 κε
192 1675 336 1757 pipard
367 1680 417 1762 (Φ,
445 1676 534 1764 127),
567 1679 636 1741 niori
672 1682 724 1740 τοῦ
749 1677 876 1758 Quippe.
924 1677 1071 1742 Primum
1095 1699 1168 1742 cum
1193 1696 1249 1761 pro

89 1779 141 1841 xci
171 1784 201 1847 τὸ
235 1783 291 1847 ΒΡ
322 1785 491 1869 praebeant
523 1784 615 1863 πρὸς
648 1786 702 1861 τὸ,
735 1785 818 1869 qnod
849 1785 986 1848 hicnon
1010 1786 1114 1869 magis
1138 1790 1250 1868 aptum

87 1891 137 1959 θθθ,
168 1891 334 1955 inhornm
358 1877 503 1957 bmnium
528 1890 699 1977 archetypo
724 1889 808 1977 sigla
830 1890 927 1955 fuisse
953 1896 1099 1975 apparet,
1123 1910 1161 1954 er
1185 1910 1248 1973 qua

85 2006 147 2055 cnm
174 2018 232 2062 non
260 1998 426 2063 commode
457 1998 522 2085 legi
554 2003 677 2082 poterat
708 2017 779 2081 pars
810 1997 984 2061 scribarum
1014 1998 1064 2060 aci
1090 1997 1247 2073 fecerunt,

82 2109 145 2174 pars
165 2107 272 2186 πρὸς,
297 2125 370 2182 nos,
396 2112 501 2169 nostro
525 2103 593 2168 inre
617 2103 763 2188 copulam
788 2108 872 2168 certe
895 2104 1127 2188 improbantes,
1157 2085 1250 2166 unice

79 2213 275 2275 numanum
299 2213 345 2282 ὥς
365 2232 521 2275 eruemus.
548 2210 613 2276 Our
632 2215 738 2274 antem
760 2212 852 2275 unice
874 2205 1106 2275 necessarium?
1126 2207 1249 2272 Dicam.

76 2297 102 2362 Ρ
101 2309 163 2377 rior
190 2315 310 2381 scholii
335 2338 416 2402 pars
452 2316 588 2401 (βέλτιον
730 2315 951 2401 specificatur)
984 2314 1149 2380 Nicanoris
1184 2335 1252 2378 csse

72 2412 175 2489 Palam
202 2430 260 2488 est.
308 2421 395 2503 Quae
426 2430 618 2509 sequnntur:
649 2425 683 2487 τὸ
715 2425 747 2487 δὲ
780 2423 957 2502 »ἐχθαίρῃσι
987 2436 1055 2485 κτλ.
1081 2421 1253 2487 Aristonici

69 2531 147 2588 ⁸1111t
178 2535 380 2614 spectantque
416 2528 523 2615 diplen
558 2529 747 2594 Aristarchi.
794 2528 885 2593 Unde
919 2530 977 2594 hoc
1020 2531 1093 2592 sciri
1135 2529 1251 2611 possit,

66 2624 179 2698 statim
213 2636 387 2721 apparebit.
424 2635 484 2702 Sed
519 2639 608 2720 prins
640 2656 775 2720 quaero,
810 2657 865 2700 cur
893 2636 1020 2700 tandem
1045 2637 1070 2699 si
1096 2634 1251 2713 ἐχθαίρῃσι

64 2731 173 2805 valea
206 2743 333 2823 ἐχθαίρῃ
368 2742 573 2807 Aristarchus
608 2763 675 2806 rem
718 2741 1033 2829 pervulgatissimam
1067 2740 1253 2825 explicuerit

60 2831 204 2932 a‘loroque
227 2847 375 2933 exemplo
398 2846 642 2913 confirmaverit.
691 2848 819 2912 Poterat
840 2853 985 2911 sexcenta
1009 2846 1085 2911 talia
1105 2847 1251 2910 excitare.

56 2923 137 3014 Sssd
160 2955 284 3040 scripsit
312 2954 512 3020 Aristonicus
542 2956 624 3039 quod
650 2956 850 3020 Aristarchus
874 2954 1035 3019 voluerat:
1062 2954 1095 3016 τὸ
1115 2953 1150 3016 δὲ
1177 2954 1251 3032 »ἕχ-

52 3035 201 3140 θαίρρσθ
232 3061 300 3125 riori
333 3065 385 3125 τοῦ
411 3062 615 3140 ἐχθαίρω,
641 3065 686 3133 ὥς

48 3157 129 3224 ²05,
147 3167 292 3250 φάγοι,
317 3168 350 3232 in
374 3169 582 3253 quibuscum
607 3167 773 3232 Palatinus
796 3168 943 3252 praebeat
965 3167 1110 3249 ἒχθκίροι,
1132 3187 1253 3231 omnes-

43 3260 134 3335 que
152 3281 187 3338 ut
210 3275 338 3340 ridetur
361 3272 480 3351 Φίγοι,
502 3273 733 3349 Buttmannns,
755 3276 815 3338 etei
833 3273 1023 3349 dubitanter,
1042 3272 1124 3356 qnod
1140 3291 1251 3335 verum

38 3366 124 3440 eflt
152 3380 298 3456 retinnit,
336 3378 516 3444 Dindorlins
548 3384 581 3443 in
613 3381 702 3464 peius
720 3382 883 3444 'mutavit
931 3380 1135 3444 Aristarchus
1167 3380 1251 3441 enirn

33 3471 258 3551 tllribusdam
294 3487 328 3549 in
361 3485 439 3550 locis
473 3485 678 3551 Homericam
714 3485 859 3572 linguam
889 3509 922 3547 κε
952 3506 1025 3548 cum
1050 3486 1252 3549 coniunctivo

86 3588 181 3657 tabere
216 3592 271 3658 ubi
306 3594 459 3657 recentior
500 3593 611 3679 lingua
651 3595 829 3677 optativum
870 3613 941 3655 cum
982 3590 1019 3654 aiv
1062 3591 1253 3654 desideraret

32 3687 245 3783 “ontendit,
282 3719 318 3763 eo
354 3701 537 3783 praesertim
573 3698 703 3769 consilio
739 3705 774 3762 ut
804 3698 877 3762 hinc
909 3695 1066 3761 stabiliret
1098 3716 1188 3759 snam
1214 3694 1251 3759 de

40 3856 237 3895 Χ.-

112 4011 132 4070 l)
147 4012 254 4064 Photius:
273 4009 394 4067 κλθτος
407 4012 466 4073 (sir)·
481 4006 552 4070 δοξκ,
567 4012 596 4060 ud
611 4027 670 4076 qnae
681 4011 701 4059 N
705 4010 801 4059 abcrus:
820 4011 915 4059 .Glossa
925 4010 1021 4060 mutila:
1034 4011 1092 4060 lutet
1102 4006 1253 4076 κλυτοτόξῳ,

46 4086 115 4138 Vel
133 4095 205 4143 simile
221 4095 305 4159 quid”.
343 4095 397 4144 Fuit
413 4111 466 4144 cum
485 4096 652 4158 huncquoque
670 4093 770 4157 glossam
788 4094 816 4141 ad
834 4110 861 4141 cn
881 4094 1014 4151 traherem,
1032 4095 1061 4142 dc
1079 4095 1165 4157 quibus
1182 4112 1253 4160 supra

50 4165 210 4245 ‘li-sponsor.
247 4186 269 4233 N
274 4202 318 4234 nuc
340 4186 508 4250 simpliciorem
526 4186 665 4234 medicinam
683 4185 801 4250 praefero:
820 4182 956 4240 κλυτός·
976 4180 1121 4244 1ἔνδοξος,
1140 4192 1165 4235 nt
1183 4202 1252 4250 erpo·

59 4264 141 4318 uitur
159 4273 182 4321 in
208 4274 390 4338 lltymologicis,
416 4278 551 4340 spectatque
578 4276 634 4324 hacc
660 4276 737 4338 glossa
763 4274 891 4322 Homerica
912 4276 964 4323 illu:
986 4275 1073 4332 κλυτὸς
1093 4273 1254 4336 Ἱπποδάμεια(

64 4344 122 4413 (Β,
136 4358 189 4427 lic)
206 4369 230 4411 et
247 4364 336 4419 κλυτὰς
357 4358 508 4426 Ἀμφιτρίτη
530 4363 569 4426 (ε,
586 4365 653 4423 422),
673 4363 710 4411 ubi
729 4361 828 4410 videnda
847 4363 947 4413 Scholia.
