2978 4950
760 183 831 289 4⁴

210 413 302 481 nium
321 414 443 479 vocatis
464 409 647 477 Herodiano
670 433 704 475 τ.
730 433 796 487 μον.
822 406 888 484 νέξ.
912 430 944 496 p.
969 409 1023 488 43,
1052 408 1093 477 17
1114 413 1159 498 (p.
1175 410 1401 501 toutonem:

212 518 295 602 εἴπερ
324 512 373 583 οὖν
403 517 542 584 Αἰολιιιόν
575 516 724 603 (verbum
754 513 857 595 ἔργον),
882 515 1028 596 ζητητέον
1052 517 1085 582 rt
1107 518 1204 585 αὐτοῦ
1229 512 1263 592 ἦν
1287 519 1399 596 κοινόν,

210 631 243 694 et
277 624 414 692 Scholiis
448 624 563 689 nostris
593 648 621 708 ι,
652 619 717 688 257
750 631 794 708 (ρ.
827 622 905 707 426,
936 621 1010 709 30),
1043 623 1083 691 de
1113 646 1176 709 qua
1199 625 1401 695 adnotatione

210 741 318 819 postes
353 732 479 798 uberior
513 735 574 796 erit
606 730 790 815 disputandi
825 729 923 797 locus.
971 730 1033 799 Sed
1068 732 1147 799 haec
1178 736 1287 800 omnia
1316 755 1401 800 nnnc

210 859 406 927 supervacua
436 843 528 922 sunt,
560 858 635 903 cum
667 835 774 902 Codex
797 845 908 922 sponte
930 860 988 905 sua
1010 839 1093 925 quod
1116 861 1229 905 sanum
1254 850 1303 906 est
1326 862 1402 928 eup-

207 947 345 1032 peditet.
373 951 406 1011 et
428 944 528 1010 laetor
550 953 589 1024 τῇ
613 945 837 1018 succurretur.
883 943 932 1011 lta
956 966 1031 1012 rero
1055 946 1245 1031 profecimus
1268 946 1399 1033 quidem

210 1052 348 1139 aliquid,
388 1051 444 1118 ssd
484 1053 531 1116 sic
572 1057 609 1116 nt
642 1053 752 1116 statim
787 1053 907 1117 iterum
941 1052 1138 1119 haereamus.
1184 1053 1268 1120 Nam
1303 1053 1399 1140 qnid,

209 1178 342 1245 quassu,
371 1166 438 1224 est:
469 1159 502 1223 οὐ
531 1158 580 1223 δεῖ
605 1155 708 1236 ζητεῖν
738 1162 802 1225 τῶς
831 1165 903 1230 τοῖς
927 1158 1076 1231 cistulam
1099 1159 1236 1234 ὁμιλίαις
1259 1169 1399 1241 χρῆται,

208 1264 292 1346 εἴπερ
321 1262 376 1339 ἔξω
396 1261 552 1344 τυγχοὶνει
571 1271 626 1338 τῆς
646 1262 819 1338 οἰκουμένης
844 1264 905 1329 ἐπὶ
925 1265 1051 1345 τούτῳ
1075 1268 1124 1345 τῷ
1149 1265 1274 1344 λόγῳ,
1301 1286 1397 1352 quam

209 1378 317 1439 temen
340 1374 531 1456 scripturam
555 1377 587 1435 et
609 1368 818 1435 Ludwichins
841 1368 995 1435 retinuit?
1019 1369 1141 1437 Suntne
1159 1371 1237 1437 haec
1255 1378 1399 1438 extrema

209 1500 281 1545 cum
307 1477 390 1554 εἴτερ
414 1475 470 1552 ἔξω
494 1475 649 1555 τυγχάνει
674 1490 744 1541 κτλ.
771 1496 810 1541 an
835 1497 909 1542 cum
934 1482 998 1548 τῶς
1016 1500 1046 1541 τ.
1060 1478 1096 1542 εἰ.
1125 1476 1262 1554 ὁμιλίαις
1281 1487 1400 1560 χρῆται

208 1581 447 1671 coniungenda?
477 1582 594 1649 Utrum
626 1582 791 1648 obscurius
821 1585 882 1667 sit,
905 1603 999 1648 nemo
1022 1582 1116 1649 facile
1139 1584 1267 1650 dixerit.
1313 1584 1399 1651 Nam

209 1691 266 1769 ἔξω
298 1689 471 1771 τυγχάνειν
502 1697 558 1764 τῆς
588 1689 761 1762 οἰκουμένης
792 1688 859 1753 ἔτι
889 1711 967 1753 τινι
992 1687 1096 1770 λόγῳ
1119 1710 1244 1777 semper
1267 1690 1398 1776 quidem

209 1796 382 1864 absurdum
411 1801 475 1870 est,
508 1815 570 1861 non
602 1797 710 1859 minus
738 1800 848 1859 autem
877 1794 937 1860 hoc
964 1801 1071 1862 nostro
1095 1794 1210 1861 saltem
1233 1795 1304 1864 loco
1328 1804 1399 1868 τοῖς

209 1904 356 1974 rietatem
380 1900 519 1979 ὅμιλιοιις
536 1903 669 1983 χρῆσθαι
693 1900 758 1965 ἐπὶ
782 1903 908 1983 τούτῳ
933 1904 981 1982 τῷ
1005 1900 1132 1982 λόγῳ,
1151 1905 1240 1988 quasi
1259 1899 1399 1990 Cyclope

207 2032 270 2077 non
301 2030 425 2095 semper
448 2013 481 2073 et
503 2008 622 2094 ubique
644 2007 729 2092 apud
751 2005 931 2072 Homerum
956 2005 1077 2076 Graeco
1099 2006 1213 2096 lingua
1236 2017 1330 2075 utens
1352 2011 1401 2075 in·

209 2117 354 2183 ducatur.
403 2114 445 2181 Et
480 2114 555 2200 qnid
590 2114 745 2180 faciamus
778 2113 864 2179 illis:
896 2114 948 2178 sai
978 2115 1021 2179 τοὶ
1054 2115 1120 2194 περὶ
1152 2114 1224 2185 τοὺς
1254 2119 1399 2186 Φοίνικος

209 2220 480 2298 assemsum,
504 2240 585 2305 quse
608 2222 655 2285 sic
676 2218 775 2304 nude,
795 2219 885 2286 nullo
903 2219 1032 2287 vinculo
1050 2241 1124 2287 cum
1137 2221 1398 2306 praecedentibus

207 2348 364 2402 connexa,
401 2347 539 2404 „vacuos
570 2326 646 2391 dant
679 2327 712 2390 in
748 2331 819 2392 aire
848 2323 990 2391 seltns”t
1021 2325 1084 2393 Sed
1106 2329 1173 2393 iam
1196 2328 1398 2394 tenebrarum

208 2437 288 2502 satis
311 2433 493 2500 offudimus.
540 2431 636 2512 Quas
649 2452 758 2498 omnes
782 2431 952 2517 dispellent
974 2434 1188 2518 interpunctio
1207 2442 1348 2500 correcte
1367 2439 1400 2500 et

206 2540 372 2608 lenissima
391 2541 547 2614 mutatio,
566 2538 634 2604 sire
653 2541 760 2624 potius
778 2535 880 2604 nulla.
907 2537 1083 2626 Legamus:
1105 2541 1145 2604 cri
1165 2540 1228 2605 tri
1244 2539 1399 2623 ζητεῖν,

208 2655 272 2721 τῶς
303 2654 374 2717 τοῖς
406 2646 555 2718 studuisse
588 2643 723 2721 tprttmr
747 2652 884 2728 χρῆτοιι,
910 2645 994 2725 εἴπερ
1019 2643 1075 2720 ἔξω
1099 2646 1254 2728 τυγχάνει
1280 2656 1336 2723 τῆς
1360 2649 1401 2713 oi-

206 2753 371 2831 νοουμένης,
398 2760 494 2818 erret
518 2749 615 2831 τούτῳ
638 2751 681 2831 τῷ
705 2748 790 2830 λόγῳ
815 2750 867 2815 ιον)
893 2752 935 2816 τοὶ
960 2752 1027 2830 περὶ
1050 2754 1121 2823 τοὺς
1147 2754 1292 2826 octaceoc
1317 2755 1395 2818 οἶνοι-

207 2860 409 2936 cerverano.
453 2857 532 2928 εἰκὸς
565 2852 616 2922 οὖν
650 2855 702 2921 καὶ
741 2855 857 2928 ἄλλους
892 2861 1122 2929 τετλοινιῑτθμι.
1168 2859 1208 2924 Ιι]
1238 2867 1304 2925 est:
1337 2879 1400 2925 non

206 2971 329 3055 oportet
359 2966 486 3050 quaeri,
518 2962 573 3049 qui
602 2959 657 3027 fiat
686 2967 723 3027 ut
753 2957 908 3048 Cyclops,
940 2983 1015 3028 curu
1040 2970 1148 3028 temen
1171 2978 1260 3030 extra
1282 2971 1395 3030 notum

205 3081 362 3141 terrerum
401 3072 510 3137 orbem
549 3067 739 3144 collocetur,
770 3068 934 3133 communi
971 3065 1119 3156 (Graeco)
1156 3091 1316 3146 sermons,
1355 3110 1397 3120 -

207 3181 337 3254 συνήθους
362 3181 451 3254 ἡμῖν,
478 3182 516 3240 ut
539 3173 721 3240 Aristonico
744 3175 778 3238 in
801 3172 924 3239 deliciis
944 3181 1011 3250 est,
1031 3184 1070 3256 τῇ
1090 3175 1152 3240 tre
1170 3185 1265 3257 χεῖρον
1277 3176 1399 3261 ὁμιλίᾳ,

207 3294 244 3354 nt
273 3283 474 3351 Herodianus
505 3280 588 3346 dixit
612 3276 638 3361 ¹)
666 3317 707 3328 -
732 3286 852 3344 utatur.
899 3279 970 3345 Hac
998 3283 1086 3346 enim
1114 3276 1237 3347 istisne
1260 3288 1294 3347 et
1316 3303 1398 3368 quse

207 3393 290 3480 apud
313 3390 472 3456 Phaeaces
495 3376 636 3476 sg'untnr
657 3387 749 3452 nobis
771 3385 939 3452 evertenda
965 3388 1045 3473 (sire
1064 3388 1271 3472 repudienda)
1292 3397 1397 3456 erunt.

207 3499 291 3567 Fieri
322 3498 420 3562 etism
450 3499 554 3579 potest
583 3497 621 3558 ut
652 3491 707 3557 alii
733 3489 860 3575 (Graeci
883 3494 975 3577 puta)
997 3499 1136 3558 errantes
1159 3493 1200 3558 ad
1224 3515 1299 3559 eum
1324 3515 1398 3582 per·

207 3601 385 3674 venerint.’'
432 3599 617 3665 Locutionis
650 3598 747 3677 τούτῳ
783 3599 825 3677 τῷ
860 3597 963 3682 λόγῳ,
998 3599 1083 3684 apud
1118 3619 1228 3665 omnes
1261 3598 1401 3668 Graecos

205 3714 264 3778 hcc
291 3729 389 3797 quem
411 3725 507 3792 supra
528 3707 620 3791 posui
643 3702 875 3792 significatione
897 3704 1089 3790 iconentis,
1114 3705 1198 3789 apud
1224 3702 1397 3773 Gramma·

206 3821 286 3886 ticos
318 3835 392 3880 vero
423 3810 711 3897 frequentissimae,
745 3809 891 3894 exempla
915 3810 1099 3895 conquirere
1121 3811 1272 3897 putidum
1295 3813 1399 3882 ferme

208 3930 267 3992 set.
312 3920 402 3988 Dabo
434 3919 498 3985 duo
529 3939 568 3983 cx
598 3919 721 4005 ingenti
744 3920 845 4003 copia.
892 3916 1040 3983 Alterum
1063 3917 1239 3984 Herodiani
1262 3918 1399 4003 (Scholl.

208 4030 258 4098 Ill.
291 4039 333 4095 Ψ.
365 4025 445 4112 254)
475 4025 515 4090 ad
547 4023 622 4104 ἑοινῷ
645 4023 724 4088 trel:
749 4060 793 4073 -
807 4060 847 4072 —
873 4026 965 4089 τοῖσιν
988 4027 1051 4102 γὰρ
1075 4023 1180 4098 δοτικὴ
1204 4023 1400 4107 διούλλνιβος

210 4186 355 4202 ..ρ-...α-

243 4282 267 4341 1)
287 4279 315 4329 V.
332 4295 352 4328 c.
375 4275 430 4338 nei
447 4292 499 4336 μεν.
520 4269 571 4335 νέξ.
590 4291 612 4340 p.
632 4274 672 4332 tt,
691 4275 723 4323 10
742 4274 812 4323 Dind.
830 4278 862 4338 (p.
881 4271 913 4324 87
931 4269 1032 4337 lehre).
1051 4289 1099 4338 quc
1116 4274 1144 4322 de
1161 4272 1213 4322 loco
1230 4278 1312 4338 posteo
1330 4276 1403 4342 plura

209 4364 324 4420 dieantur,
342 4365 367 4410 et
383 4378 405 4426 p.
424 4359 464 4417 29,
482 4361 498 4407 4
517 4359 551 4423 (p.
574 4358 621 4405 100
638 4356 728 4415 lebret
