2978 4950
753 208 795 278 87

98 415 102 426 ·
209 419 277 466 terso
299 398 457 489 Odysseae
480 406 563 467 sture
587 403 695 486 possit,
718 404 752 466 in
776 407 850 466 nota
869 402 908 466 ed
929 401 1102 487 Odyssenm
1123 399 1157 470 δ.
1179 397 1254 476 692,
1277 400 1367 463 ouius

98 526 100 530 ’
207 526 279 572 unse
295 508 369 573 hsee
389 511 497 573 omnis
513 507 700 590 attulimus,
721 510 849 573 omnino
868 490 1052 591 perversum
1073 508 1127 569 sit.
1153 505 1237 568 Fieri
1258 513 1365 568 temen

204 618 301 696 potest,
324 621 362 678 ut
391 615 479 691 πρὸς,
509 612 592 698 quod
623 612 678 677 BP
710 614 879 697 praebent,
910 612 1059 678 relietum
1090 613 1132 675 sit
1164 631 1203 676 ex
1227 610 1367 695 pleniore

203 717 317 786 dictione
340 722 358 795 ή
382 720 415 785 δὲ
436 720 581 798 ἀναφοραὶ
605 719 678 798 πρὸς
703 722 736 783 τὸ
761 736 832 783 ιισλ.
857 718 919 784 Sed
943 727 975 784 et
998 719 1057 783 hoo
1080 718 1182 782 multo
1212 719 1363 782 incertius

201 828 250 900 est,
280 832 310 891 et
340 829 418 892 setis
448 826 570 891 habebo
600 828 627 889 si
658 826 847 910 probavero,
875 846 931 890 neo
955 826 1048 905 πρὸς
1074 823 1107 887 τὸ
1131 844 1193 889 non
1215 829 1365 909 sequente

197 925 233 992 θοι
249 939 280 996 et
299 932 403 998 multo
425 935 532 997 minus
556 931 624 995 καὶ
650 933 727 997 bene
750 932 872 997 hebere.

230 1036 271 1102 Et
291 1039 335 1104 sie
358 1039 398 1104 sd
421 1060 474 1105 eos
496 1039 581 1104 looos
604 1039 693 1102 nobis
716 1041 867 1102 transitus
891 1038 993 1103 suetus
1017 1044 1081 1110 est,
1105 1039 1161 1102 ubi
1185 1044 1241 1102 sut
1263 1038 1362 1124 sigla,

193 1160 246 1223 qua
279 1148 316 1219 ως
346 1146 523 1229 indicetur,
556 1145 685 1210 confuse
716 1152 763 1210 est
793 1166 867 1209 eum
900 1143 1067 1208 simillime
1091 1144 1157 1207 sai
1182 1144 1357 1220 indicente,

190 1254 239 1311 sut
260 1254 472 1317 necessarium
494 1255 533 1323 ὠς
557 1253 596 1317 ob
620 1251 697 1316 elias
720 1272 829 1317 causas
853 1251 1056 1316 desideretur.
1099 1251 1203 1337 Igitur
1226 1253 1263 1323 ὠς
1288 1254 1365 1316 seri-

188 1347 320 1422 undum
342 1364 406 1424 *est
440 1359 465 1430 θ,
493 1356 553 1422 48:
588 1356 622 1421 πὸ
657 1357 841 1436 „spirituus”
867 1357 934 1442 (ὡς)
960 1356 1031 1434 πρὸς
1054 1358 1124 1427 τοὺς
1149 1355 1208 1422 δθο.
1237 1357 1295 1443 (H)
1321 1397 1363 1406 —

182 1455 213 1530 θ,
242 1460 307 1528 100
342 1462 530 1550 Porphyrii:
568 1463 618 1527 διθο
653 1465 685 1527 σι’
719 1465 744 1527 οἱ
780 1464 916 1533 Φαίακες
950 1463 1155 1541 εὐωχηθέντες
1189 1462 1365 1544 ἠγωνίζοντο

177 1570 328 1637 reuersis
359 1574 487 1647 θγῶνα,
516 1568 622 1649 δρθμον
645 1570 697 1633 καὶ
723 1570 858 1645 διἀνλον,
884 1568 935 1632 καὶ
960 1571 992 1633 οὐ
1017 1572 1071 1643 τήν
1096 1570 1197 1642 ἄλλων
1221 1567 1347 1644 ἄθλησιν
1356 1592 1365 1649 ;

173 1683 392 1748 saevusne
429 1677 491 1755 γὰρ
516 1674 635 1740 οἱπθνων
658 1676 816 1756 ἀνθρώπων
839 1680 943 1740 ταῦτα
968 1676 1057 1754 (haee
1081 1678 1115 1739 iu
1140 1675 1166 1755 Q
1190 1679 1235 1741 sie
1259 1677 1367 1762 depru-

169 1782 273 1848 uta:
298 1787 386 1848 τοῦτο
411 1783 473 1861 γὰρ
497 1790 554 1847 τῶν
578 1789 770 1854 παλαιῶς
796 1780 831 1868 (θ)
856 1781 976 1847 οθπθνων
1000 1782 1104 1867 ἕσπθν).
1129 1782 1197 1852 ἴσως
1224 1783 1270 1859 δέ,
1296 1786 1367 1869 (ὡς)

164 1875 333 1956 &morsos
355 1897 428 1960 σοῖς
461 1889 543 1963 ήθεσι
573 1889 637 1954 δέον
668 1897 773 1964 ποιεῖν,
805 1888 907 1964 ἐπειδή
931 1889 1061 1965 μίμησις
1087 1892 1103 1964 ή
1129 1889 1264 1965 ποθήσις,
1290 1888 1365 1954 οὕτω

160 1997 357 2068 ἳὲποθιιιιεν.
379 1994 504 2082 (EQD.)
529 1996 679 2061 Proxime
702 2016 777 2061 vero
800 1996 896 2060 habet
919 1994 964 2060 D:
988 1994 1056 2067 ἴσως
1079 1995 1109 2058 δὲ
1130 1996 1195 2059 καὶ
1217 1997 1368 2075 οὶρμθσσον

155 2102 353 2186 praebens,
391 2105 457 2166 ism
492 2102 585 2188 plone
618 2123 804 2188 perversum
836 2101 879 2181 Q:
915 2101 985 2172 ἴσως
1012 2101 1044 2165 δὲ
1068 2102 1130 2165 δέον
1154 2104 1189 2167 τὸ
1214 2102 1366 2181 θρμθσπον

153 2203 234 2272 Τοῖς
280 2211 362 2285 ήθεσι
400 2209 466 2273 καὶ
502 2217 596 2272 ποιεῖν
627 2224 712 2291 κτλ,
745 2211 835 2273 euius
868 2211 980 2272 erroris
1011 2210 1100 2294 origo
1123 2211 1156 2272 in
1181 2211 1286 2294 aprino
1310 2219 1366 2277 est.

150 2292 304 2401 N‘impe
338 2316 442 2381 scribe
476 2317 607 2381 verbum
645 2324 740 2380 ποιεῖν
771 2315 823 2379 hie
845 2317 956 2399 faeere
988 2314 1092 2379 valere
1122 2324 1210 2380 ratus
1242 2323 1296 2382 est.
1325 2358 1365 2368 —-

147 2421 180 2476 ἰ
218 2414 295 2486 25:
321 2423 356 2486 τὸ
380 2420 412 2485 δὲ
440 2422 530 2504 ᾖπρὸς
555 2421 670 2501 ζόφον”
696 2421 748 2506 (de
772 2419 880 2486 Ithaca
903 2421 1039 2505 dictum)
1059 2424 1098 2485 οὐ
1118 2422 1190 2500 πρὸς
1210 2423 1367 2503 σθχκρισιν

145 2516 229 2580 τῶν
273 2531 441 2608 λεχθεισῶν
476 2531 568 2602 νήσων
605 2528 740 2610 ciperet,
773 2527 840 2591 ε’πεθ
871 2528 934 2590 ε’στι
969 2527 1151 2607 δνπιιιωσέρα
1185 2531 1367 2604 ήΣικελθα.

143 2611 274 2722 (BQ.)
296 2634 360 2700 Res
383 2638 453 2720 ipsu
473 2645 505 2700 et
526 2633 660 2699 Homeri
678 2635 774 2709 verbe
794 2640 920 2698 tontum
940 2654 1002 2698 non
1021 2632 1175 2711 clament,
1199 2635 1251 2699 hie
1272 2639 1368 2722 serip-

144 2720 251 2803 tum
288 2741 404 2825 fuisse,
432 2762 494 2807 non
529 2742 569 2804 οὐ
600 2742 671 2820 πρὸς
701 2764 729 2804 σ.
762 2739 817 2804 sed
839 2760 965 2824 prorsus
988 2742 1198 2804 eontrarium:
1222 2744 1268 2810 ὥς
1293 2744 1364 2818 πρὸς

146 2832 338 2928 σύγιιρισιν
371 2855 429 2911 σῶν
452 2849 617 2926 λεχθεισῶν
642 2848 745 2921 νήσων.
793 2845 831 2909 In
857 2851 1036 2910 transcursu
1061 2846 1201 2910 eiusdem
1226 2845 1365 2926 Soholii,

147 2944 264 3019 qnod
294 2953 467 3041 Porphyrii
491 2975 557 3019 esse
578 2953 722 3035 videtur,
747 2954 877 3016 initium
907 2954 1080 3038 corrigam:
1105 2959 1166 3021 πῶς
1191 2954 1365 3033 χθαμαλή;

150 3056 507 3140 ⁷‘⁴154rrurrurrsproisufi
534 3061 550 3134 ή
576 3061 607 3125 δὲ
627 3059 784 3139 σύγκρισις
806 3059 822 3133 ή
842 3061 913 3138 πρὸς
940 3060 999 3129 σας
1027 3059 1132 3130 ἄλλοις
1158 3059 1260 3133 νήσονο
1286 3070 1368 3126 ποιεῖ

155 3164 456 3245 Quis-sontes
488 3167 678 3249 χθαμαλήν,
709 3166 787 3239 αὐτή
820 3165 850 3229 δὲ
882 3168 968 3229 κατ’
1000 3165 1095 3238 αὑτήν
1126 3167 1170 3242 μή
1195 3165 1364 3242 οὶνσεξεια-

151 3243 289 3350 ζομένη
324 3277 396 3352 πρὸς
431 3272 539 3350 Σάμον
570 3274 621 3336 καὶ
654 3271 803 3336 Ζοθιιννθον
841 3271 944 3351 ὑψηλή
985 3273 1076 3335 ε’σπιν,
1131 3272 1234 3338 Nemo
1272 3274 1363 3338 eredo

152 3371 263 3444 {nihi
291 3382 483 3468 repugnabit
509 3379 680 3467 legendum
714 3399 779 3443 esse
803 3378 1023 3442 contendenti:
1049 3380 1065 3451 ή
1090 3379 1121 3441 δὲ
1145 3379 1301 3459 σύγκρισις
1327 3387 1363 3443 Ἠ
1395 3421 1398 3426 -

151 3487 252 3566 ἣρθς
289 3511 318 3551 π.
357 3485 461 3558 ἄλλοις
497 3486 618 3562 νήσους,
656 3491 704 3548 et:
741 3486 819 3557 αὐτή
851 3485 881 3548 δὲ
913 3487 996 3547 καθ’
1030 3485 1137 3558 αὑτήν.
1163 3523 1204 3534 -
1229 3510 1252 3562 ι,
1282 3483 1365 3549 196;

156 3595 302 3666 εἰκότως
339 3592 405 3656 καὶ
440 3595 511 3673 πρὸς
545 3591 692 3667 ποιμένας
724 3593 820 3657 οὶπιὼν
852 3589 977 3671 ἄλφιτα
1012 3591 1063 3654 καὶ
1100 3588 1172 3656 οἶνον
1197 3592 1363 3671 βαστάζει.

153 3681 303 3765 lmmoz
327 3702 374 3771 ὡς
398 3698 470 3776 πρὸς
495 3697 643 3774 ποιμένας
667 3699 772 3763 οθπιιθν.
796 3721 885 3769 -ι,
912 3695 992 3761 403:
1018 3697 1208 3778 Πολθφήμεε
1233 3701 1365 3763 ἐνταῦθα

156 3808 213 3870 ‘ti
244 3805 342 3881 ὄνομα
371 3807 439 3892 (ὥς)
464 3805 526 3869 ιθπδ
550 3810 607 3868 τῶν
633 3802 750 3869 εθδθσων
775 3804 875 3868 οὶκοθει
901 3803 913 3865 ο“
938 3802 1114 3874 Ὀδυσσεύς.
1139 3803 1202 3868 ὅθεν
1226 3806 1365 3884 πρότερον

165 3913 341 3977 Κύκλωπα
364 3909 516 3990 θνομοθζων
539 3910 660 3990 ὕστερον
683 3910 817 3985 τοῦνομα
839 3910 936 3985 λέγει,
960 3908 1045 3994 (HQ)
1064 3909 1099 3973 In
1121 3911 1147 3990 Q
1167 3917 1231 3974 est:
1262 3914 1365 3978 οὶκοθει

166 4020 222 4090 <ts
260 4018 273 4082 ὅ
310 4017 495 4094 Ὀδυσσεύς,
529 4018 612 4103 quod
642 4019 761 4082 iniuria
793 4015 911 4081 delevit
942 4015 1174 4093 Buttmannus;
1208 4021 1252 4091 ὠς
1278 4024 1364 4085 enim

167 4143 242 4192 non
277 4128 375 4191 otiose
408 4124 537 4190 illatum
574 4129 638 4200 est,
674 4124 727 4189 sed
762 4127 796 4188 in
831 4122 1032 4187 Ambrosiuni
1068 4123 1237 4209 archetypo
1273 4148 1367 4210 supro

174 4227 317 4306 lineum.
355 4239 393 4296 ut
424 4232 567 4308 videtur,
600 4231 755 4295 insertum
786 4233 816 4294 in
847 4227 987 4293 alienum
1013 4234 1136 4293 tantum
1162 4229 1269 4296 loeum
1295 4253 1365 4317 per·

182 4344 280 4405 seuit.
307 4377 350 4389 -
374 4354 405 4403 λ.
430 4338 505 4404 385.
529 4338 657 4409 ἄλλυδις
681 4337 784 4411 θολλιι
812 4339 925 4423 (immo
948 4336 1059 4417 ἄλλή.
1083 4336 1215 4402 .Versus
1236 4338 1369 4406 Homeri
