2978 4950
626 198 691 266 353

142 394 210 466 τοὺς
246 396 384 474 ιἰρίστους
418 399 475 456 τῶν
506 389 594 465 ξένοιν
625 392 677 454 καί
705 393 743 456 δι’
768 392 877 471 sipario
903 394 1074 479 (αὐτοῖς)
1098 392 1244 460 ἐκδιδόναι

149 502 340 581 θυγατέρας,
370 503 408 569 ὡς
433 498 485 562 καί
510 499 559 563 tari
585 498 845 579 Βελλεροφόντου,
869 498 1009 584 Τυδέος,
1035 503 1242 573 Πολυνείκους.

126 609 174 688 νίιρ
199 610 243 681 είς
268 608 318 671 τὸν
343 611 474 671 πλοῦτον
499 605 644 685 οὶφειίροιν
666 607 691 668 oi
716 606 848 687 παλαιοί
870 609 929 685 (ita
951 608 1152 672 scribendum
1175 609 1242 673 dixi

126 714 299 786 Observatt.
333 736 361 798 p.
397 711 469 796 95),
503 713 577 776 ἀλλ’
608 713 649 782 είς
673 715 728 785 τίιν
751 714 859 790 uiperae
882 714 937 785 riae
961 714 1023 777 οίτδ
1047 721 1102 787 τῆς
1126 713 1239 795 ὅψεως·

126 825 212 895 σιλιῑί
233 820 295 899 γίορ
321 820 401 898 οὶνδρί
427 817 547 888 ἔοικας”
573 820 606 900 (οι
632 817 735 904 253.).
756 820 808 902 δρᾷ
829 819 860 883 δὲ
881 820 914 892 δὴ
936 822 988 884 καί
1009 822 1043 885 ἐκ
1062 830 1117 895 τῆς
1141 820 1238 900 ίψεοις

126 955 139 992 ν
163 926 379 1013 Ὀδυσσέα]
407 925 460 990 καί
486 926 520 988 ἐκ
544 931 600 988 τῶν
630 923 729 1001 λόγων
746 926 954 1005 τεκμαίρεται
979 925 1013 990 τὸ
1037 927 1162 1004 ἀξίωμα
1186 932 1238 991 τοῦ

126 1035 167 1107 ές.
203 1034 252 1098 lta
276 1036 361 1118 prior
384 1032 446 1097 loci
470 1052 556 1116 pars,
578 1038 671 1116 prout
692 1053 730 1095 ex
749 1032 990 1120 Hamburgensi
1009 1035 1143 1119 prodiit,
1157 1056 1240 1100 nunc

126 1144 138 1206 i
170 1139 350 1228 retingenda
382 1118 525 1214 ¹videtur,
560 1139 683 1203 duabus
715 1139 838 1204 voculis
868 1144 1062 1206 extrinsecus
1092 1142 1239 1220 adscitis,

126 1270 177 1314 sus
189 1250 305 1313 eiectis.
332 1245 539 1332 Singulorum
553 1247 769 1310 mutationum
782 1269 866 1311 nunc
879 1268 988 1313 causas
1000 1249 1137 1314 reddam.
1155 1249 1241 1315 Duas

126 1355 248 1442 ahyrius
279 1354 341 1418 loci
371 1353 563 1418 controversi
587 1350 759 1416 solutiones
782 1354 943 1438 proponit,
970 1357 1170 1421 verissimam
1196 1357 1239 1422 al-

126 1484 154 1526 m
185 1458 232 1547 (ἦν
264 1461 320 1537 μὲν
353 1459 487 1524 παλαιὸν
516 1456 577 1528 ἔθος
609 1461 706 1542 κτλ),
739 1458 872 1524 alteram
895 1482 1010 1526 vanam
1035 1483 1071 1527 ac
1094 1463 1238 1546 futilem,

126 1589 177 1653 qua
199 1568 345 1652 deinceps
370 1587 476 1652 agam.
514 1569 579 1630 Hae
603 1564 774 1630 solutiones
797 1568 830 1630 in
851 1566 924 1650 Po,
945 1570 978 1631 in
999 1569 1114 1652 quibus
1135 1573 1240 1635 versui

151 1675 323 1759 adscriptae
347 1681 437 1753 sunt,
460 1672 565 1737 locum
592 1674 638 1736 ita
666 1678 851 1747 mutarunt,
877 1679 914 1737 ut
938 1695 1018 1758 quae
1042 1678 1075 1738 in
1101 1675 1126 1740 'l'
1150 1698 1240 1761 prae·

126 1786 144 1844 t
165 1783 197 1845 in
220 1783 261 1846 iis
284 1780 419 1846 secundo
441 1778 510 1844 loco
528 1784 663 1863 ponatur
685 1779 789 1842 verbis
809 1778 904 1863 paule
924 1779 1016 1845 aliter
1036 1783 1240 1848 conformatis

126 1889 270 1972 erisque.
317 1886 353 1950 ln
381 1891 486 1951 nostro
515 1890 622 1950 antem
648 1885 754 1950 codice
777 1886 852 1948 αλλ’
878 1886 984 1951 abesse
1008 1908 1068 1952 nou
1093 1909 1182 1973 posse
1205 1893 1238 1954 in

126 1995 218 2059 endas
250 1994 442 2077 quaestionis
466 1991 560 2055 initio
587 1993 661 2074 poni
685 1990 836 2065 solitum,
863 1995 1023 2056 neminem
1046 2002 1240 2080 negaturum

126 2119 175 2164 or.
222 2099 398 2183 interposui
430 2102 462 2162 et
493 2099 597 2169 αὐτοῖς
629 2103 699 2181 post
730 2095 766 2159 δι’
798 2096 905 2174 οξρετίρν
938 2104 970 2161 et
994 2102 1183 2182 sententiam
1208 2108 1240 2166 et

126 2224 196 2269 snm
227 2205 283 2284 PQ
314 2204 535 2269 auctoritatem
559 2210 696 2267 secutus.
743 2202 795 2266 Ad
820 2203 974 2269 athetasin
999 2205 1082 2289 quod
1106 2209 1239 2290 attinet,

126 2313 184 2376 atis
215 2313 320 2377 verbis
350 2313 401 2376 τδν
434 2310 589 2374 Ὀδυσσέα
622 2299 779 2374 sententia
801 2330 839 2375 ex
864 2313 1063 2394 apertissima
1086 2314 1241 2398 impedita

126 2423 166 2483 :ot
194 2425 226 2484 et
258 2421 374 2502 inepta.
422 2414 680 2490 Consideremus,
713 2436 846 2498 quaeso,
879 2416 954 2481 hoc:
984 2416 1036 2500 ὁρᾷ
1063 2418 1239 2506 (Alcinous)

131 2528 165 2596 ἧς
186 2523 282 2602 ὄψεως
308 2526 374 2589 τὸν
399 2521 609 2587 Ὀδυσσέα.
656 2520 746 2586 Unde
771 2524 872 2608 igitur
895 2523 988 2588 aliter
1013 2524 1074 2589 nisi
1098 2547 1136 2590 ex
1160 2528 1239 2593 facie

126 2628 245 2695 iceretl
281 2628 341 2695 aed
378 2651 435 2695 nec
471 2649 581 2694 verum
616 2632 678 2704 est,
711 2648 785 2692 narn
819 2629 958 2694 hominis
989 2651 1104 2697 nomen
1135 2633 1237 2699 adhue

127 2744 186 2802 rat.
222 2737 338 2801 Lenius
362 2737 494 2800 fortasse
516 2719 627 2799 fuisset
650 2740 721 2798 τοῦ
747 2734 967 2806 Ὀδυσσέως
989 2740 1158 2825 corrigere,
1183 2739 1237 2803 sed

126 2860 270 2910 >nomen
295 2845 457 2928 proprium
482 2840 708 2925 interpolatum
735 2841 848 2906 habere
873 2842 911 2907 ab
936 2863 972 2907 eo
995 2844 1158 2921 additum,
1183 2848 1236 2930 qui

130 2969 184 3014 um
207 2950 260 3032 δρᾷ
286 2950 408 3015 obiecto
432 2947 554 3013 scilicet
578 2947 768 3012 destitutum
792 2947 902 3013 nollet.
950 2949 1037 3028 Quae
1057 2950 1235 3039 diligent-ia,

126 3053 177 3135 fit,
211 3058 374 3122 hominem
411 3054 542 3138 felellit3
578 3054 696 3118 etenim
727 3053 761 3117 τδ
793 3052 919 3131 ἀξίωμα
948 3062 1001 3121 τοῦ
1034 3057 1136 3135 avana
1169 3065 1236 3123 tam

130 3164 142 3225 i
173 3164 224 3246 δρᾷ
257 3184 352 3247 quam
377 3163 466 3226 verbi
490 3159 691 3238 τεκμαίρεται
717 3161 877 3226 obiectum
902 3167 957 3226 est.
1005 3163 1161 3248 Perspieit
1184 3163 1238 3229 Al·

126 3287 160 3333 us
182 3292 219 3334 er
244 3269 337 3334 vultu
363 3267 550 3354 colligitque
574 3288 611 3331 ex
635 3269 834 3332 sermonibus
854 3268 993 3333 hominis
1014 3270 1213 3357 dignitatem.

126 3370 184 3441 [acc
214 3365 252 3441 de
283 3376 386 3461 priore
418 3381 505 3458 parte
536 3373 703 3438 sufficiant.
751 3373 862 3458 Neque
885 3375 983 3441 altera
1006 3377 1038 3439 in
1063 3375 1089 3441 'I'
1112 3379 1238 3463 integra

126 3500 170 3546 ros
191 3484 345 3566 pervenit.
372 3480 440 3552 ίσως
466 3479 496 3544 δὲ
511 3518 552 3528 -
571 3480 676 3566 pergit
700 3485 912 3545 enarrator-
931 3482 983 3545 acl
1010 3490 1116 3561 πεῖραν
1141 3486 1235 3548 αὐτοῦ

126 3586 223 3659 βαίνων
263 3587 440 3671 (Alcinous)
470 3591 559 3650 τοῦτο
593 3584 723 3665 οίριρκεν,
756 3587 793 3656 ὥς
815 3588 840 3651 εί
865 3589 921 3662 μὲν
945 3588 1023 3652 ίίλοι
1049 3590 1236 3667 παραμένειν

159 3697 260 3765 αὐτοῖς
287 3692 527 3771 --ἐλέγχοιτο
563 3692 601 3755 οόν
629 3691 913 3772 οἱλαζονευσοίροενος
949 3696 1014 3771 περί
1047 3703 1102 3770 τῆς
1128 3705 1233 3760 Καλυ-

180 3836 232 3850 --
264 3801 288 3863 εί
320 3801 350 3862 δὲ
384 3799 476 3874 μηδὲν
509 3799 650 3878 προσέχοι
684 3801 726 3878 τῷ
750 3798 845 3878 ριίριῳ
871 3803 956 3884 (oum
981 3800 1161 3885 Nausicaa),
1187 3827 1236 3867 τε-

126 3927 172 3969 ιιον
204 3903 279 3971 εἶναι
310 3915 364 3979 τῆς
399 3905 562 3975 ἐπιεικείας
591 3907 686 3969 αὐτοῦ
711 3908 762 3969 καί
788 3916 842 3979 τῆς
867 3906 997 3976 πίστεως
1022 3903 1058 3970 ὧν
1083 3907 1144 3987 &aa
1170 3910 1236 3989 περὶ

141 4019 323 4094 Καλυψοῦς,
355 4012 432 4075 ὥστε
458 4012 595 4097 (addidit
617 4011 791 4091 Prellerus)
817 4011 1111 4091 προθυμότερον
1136 4038 1236 4093 τερι·

131 4118 244 4183 έσίαι
276 4124 345 4193 τὴν
377 4122 634 4196 παρασκευὴν
667 4117 739 4197 πρὸς
770 4118 821 4181 τὸν
845 4117 964 4201 νόστον,
988 4121 1026 4189 ὡς
1050 4120 1153 4197 οίνδρδς
1177 4123 1236 4206 (sic

126 4240 138 4285 a
166 4224 339 4310 Prellerus,
371 4226 438 4291 cod.
463 4222 624 4310 ανδρεῑονί)
650 4232 741 4301 τιμῆς
766 4225 817 4287 καί
843 4233 961 4300 πολλῆς
986 4223 1113 4305 χοίριτος
1138 4227 1232 4304 οίξίοιι.

150 4332 226 4396 vitia
248 4335 348 4418 perite
372 4331 503 4397 sustulit
527 4331 700 4407 Prellerus,
725 4331 953 4416 gravissimum
981 4333 1014 4395 in
1038 4332 1126 4398 exitu
1149 4336 1236 4400 incu-

1060 4454 1092 4501 aa
