2978 4950
710 178 776 256 405

143 377 188 448 ob
223 393 357 467 eamque
391 400 521 447 oausam
551 379 711 446 Phaeacas
741 379 983 467 demigravisse‚
1020 380 1103 446 unde
1133 386 1241 447 tamen
1275 398 1337 446 non

144 491 292 575 sequitur
326 493 463 554 caeteros
498 508 620 574 quoque
651 509 714 552 non
744 509 834 553 seous
866 509 901 552 aa
931 487 1167 574 Polyphemum
1201 488 1336 553 iniustos

144 594 342 680 deorumque
365 601 576 660 contemtores
599 595 749 661 exhiberi.

193 828 222 890 r,
248 804 323 871 107.
370 805 418 871 De
449 806 565 871 iisdem
599 826 675 870 oum
708 805 869 872 Homerus
899 808 1031 873 dixisset
1062 807 1093 874 οί
1111 811 1149 887 ῥα
1172 810 1262 873 θεοῖσι
1287 831 1340 872 πε-

144 910 283 984 ποιθότες
314 910 508 977 ἀθανάτοισιν
543 913 561 994 ΙΙ
594 913 663 977 ούτε
695 913 877 990 Φυτεύουσιν
908 914 1015 995 χερσίν
1038 915 1136 997 Φυτθν
1159 914 1223 980 οὔτ’
1247 915 1338 994 ἀρόω-

145 1044 211 1103 σιν,
242 1019 281 1084 de
312 1019 363 1083 his
393 1022 497 1107 igitur
527 1019 671 1084 versibus
702 1022 822 1084 iterum
845 1019 888 1085 ¹1¹:
921 1022 1003 1103 φασὶ
1028 1022 1091 1101 γάρ
1115 1017 1175 1086 ότι
1201 1020 1337 1107 (addidit

144 1123 257 1210 Dind.)
282 1126 333 1190 θιά
358 1124 393 1189 τό
418 1123 562 1204 εύιιρατον
587 1131 646 1189 τῶν
669 1125 763 1204 ἀέρων
786 1130 957 1204 προνοοῦσιν
978 1130 1095 1192 αύτῦν
1120 1128 1200 1215 (ood.
1225 1128 1336 1202 αὑτὸν,

144 1232 283 1297 eorrexit
312 1229 458 1316 Prellor.)
488 1232 514 1295 ol
545 1231 602 1296 θεοί
631 1233 669 1304 ἀς
701 1231 872 1312 ἀπογόνων,
899 1234 987 1311 „incl
1010 1239 1117 1314 σφισιν
1141 1233 1273 1312 ε’γγύθεν
1296 1234 1336 1297 εί-

145 1338 233 1415 σίν,”
264 1337 280 1412 ἢ
314 1337 360 1409 ὥς
392 1337 568 1402 δικαίων.
601 1336 719 1415 μόνος
750 1339 828 1417 γάρ
861 1337 1000 1413 ἀδικος
1034 1341 1335 1422 όΠολύΦνμος.

144 1443 300 1509 ἀπάνευθε
332 1443 396 1522 γάρ
426 1444 464 1508 ὢν
493 1445 659 1521 ἀθεμίστια
691 1445 775 1529 ἤδη,
810 1446 861 1510 καί
896 1444 953 1518 οἶος
985 1449 1204 1525 ποιμαίνεσκε,
1228 1455 1286 1511 τῶν
1310 1446 1337 1509 δ’

145 1548 252 1615 ἀλλων
286 1547 414 1620 ἕκαστος
448 1551 619 1626 θεμιστεύει
655 1550 772 1615 παίδων
805 1551 852 1626 ἧδ’
884 1553 1020 1634 ἀλόχων.
1054 1551 1071 1617 ό
1078 1557 1141 1618 θεν
1172 1555 1269 1631 μηδὲ
1294 1553 1335 1617 τὸ

144 1658 349 1732 σπήλαιον
382 1654 636 1731 ἀνοίξαντες
670 1665 1063 1738 πολυπραγμονοῦσι
1095 1662 1135 1726 τί
1165 1660 1335 1725 πέπονθε

144 1764 201 1828 καὶ
229 1763 393 1841 μαντείαις
427 1770 563 1844 χρῶνται
601 1765 654 1829 καὶ
690 1766 770 1836 θεοὺς
795 1764 959 1846 νομίζουσι.
988 1767 1097 1843 »ἀλλά
1121 1769 1159 1831 σύ
1184 1771 1217 1844 γ’
1241 1766 1333 1845 εύχεο

144 1871 242 1950 πατρί
267 1869 450 1935 Ποσειδάωνι
474 1869 617 1934 isaari?
641 1872 699 1956 (vs.
727 1869 817 1956 412.)
841 1869 978 1936 Mirifice
1001 1892 1090 1954 sane,
1110 1875 1137 1936 si
1157 1870 1335 1958 Cyelopum

143 1981 280 2065 quisque
309 1979 392 2041 inter
422 1976 539 2042 liberos
568 1997 640 2042 euos
664 1982 696 2041 et
718 1997 833 2042 uxores
856 1980 906 2041 ius
930 1978 1027 2061 dicit,
1052 1978 1126 2043 hino
1149 1979 1354 2052 deducitur„

143 2083 232 2171 quod
271 2103 373 2168 neque
409 2081 603 2168 Polyphemi
646 2087 801 2178 oooaeosti
845 2083 1002 2148 auxilium
1045 2083 1247 2168 implorantis
1283 2105 1336 2148 an·

143 2197 233 2256 trum
267 2192 430 2273 aperiunt,
464 2209 565 2273 neque
598 2189 673 2272 quid
703 2210 814 2274 passus
845 2190 888 2253 sit
919 2192 1093 2274 inquirunt.
1120 2189 1262 2276 (ἕκαστος
1287 2192 1335 2254 θε-

142 2296 286 2375 μιστεύει
311 2333 353 2342 -
376 2292 464 2358 όθεν
487 2295 563 2370 μηδὲ
586 2332 627 2344 -
651 2302 942 2373 πολυπραγμονοῦσι
975 2299 1007 2360 τί
1038 2295 1189 2382 πέπονθε).
1224 2297 1335 2381 Neque

143 2405 256 2468 minus
290 2399 425 2466 mirifice
455 2407 688 2485 componuntur
719 2401 754 2464 τό
777 2404 821 2476 μὴ
844 2401 963 2479 ἀνοῖξαι
987 2402 1039 2466 καί
1065 2410 1336 2482 πολυπραγμονεῖν

143 2529 222 2575 oum
254 2509 324 2573 his:
339 2542 340 2545 ¹
356 2505 409 2572 καί
441 2507 605 2582 μαντείαις
636 2513 773 2587 χρῶνται
805 2507 857 2571 καί
888 2509 969 2579 θεοὺς
994 2508 1156 2589 νομίζουσι.
1201 2509 1246 2574 Ut
1269 2529 1337 2574 mo·

142 2615 250 2682 lestiis
281 2615 333 2679 hie
366 2612 560 2697 liberemur,
590 2615 686 2679 verba
715 2634 790 2680 oaeu
822 2614 959 2699 quodam
991 2614 1061 2680 loco
1091 2636 1149 2681 suo
1182 2624 1271 2680 mota
1303 2617 1337 2678 in

144 2721 254 2788 aedem
285 2721 455 2806 pristinam
488 2740 525 2785 oo
555 2723 675 2785 iustam
705 2721 905 2786 reducamus.
954 2720 1054 2792 Μόνος
1085 2723 1148 2801 γάρ
1183 2721 1286 2793 ἀθικος
1321 2721 1335 2786 ό

143 2827 349 2909 Πολύφημος.
369 2824 524 2891 ἀπάνευθε
544 2828 608 2906 γάρ
627 2828 666 2891 ὢν
685 2829 853 2905 ἀθεμίστια
873 2829 959 2909 ἤθει
981 2828 1034 2892 καί
1053 2824 1110 2900 οίος
1122 2828 1336 2905 ποιμαίνεσκε,

145 2930 235 3000 ῦθεν
254 2934 353 3010 μηδὲ
376 2935 418 2998 τὸ
442 2934 641 3008 σπήλαιον
665 2931 911 3009 ἀνοίξαντες
935 2938 1336 3012 πολυπραγμονοῦσι

145 3043 188 3108 τί
219 3040 402 3105 πέπονθε.
437 3046 495 3103 τῶν
529 3039 554 3104 δ’
578 3038 683 3104 ἀλλων
706 3039 837 3112 ἕκαστος
862 3040 1034 3119 θεμιστεύει
1057 3042 1172 3105 παίδων
1198 3041 1242 3116 ἦθ’
1265 3039 1339 3105 ἀλό-

139 3172 229 3230 χων,
263 3145 315 3210 καί
351 3146 515 3222 μαντείαις
539 3154 674 3226 χρῶνται
699 3147 751 3211 καί
779 3146 861 3217 θεοὺς
885 3145 1034 3226 νομίζουσι
1060 3161 1130 3211 κτλ.
1171 3146 1339 3211 Praeterea

143 3259 181 3320 in
205 3257 298 3319 notae
320 3255 414 3318 initio
437 3249 503 3328 ότι,
529 3253 613 3337 quod
638 3257 705 3319 sine
729 3254 826 3319 dubio
851 3254 956 3318 abesse
980 3254 1109 3338 nequit,
1133 3273 1196 3317 non
1217 3273 1253 3317 eo
1270 3253 1340 3318 looo

143 3351 354 3436 inseruerim,
380 3377 442 3443 quo
468 3357 651 3423 Dindorfius
675 3361 877 3426 inserendum
896 3363 1038 3444 putavit,
1052 3360 1107 3425 sed
1126 3360 1221 3444 paulo
1240 3360 1339 3423 infra:

143 3467 230 3551 φασί
261 3465 324 3543 γάρ
354 3465 404 3530 θιά
435 3465 470 3528 τὸ
503 3464 647 3543 εύνρατον
677 3473 735 3530 τῶν
767 3468 861 3544 ἀίρων
884 3464 974 3552 (ότι)
999 3471 1167 3545 προνοοῦσιν
1191 3468 1291 3530 αὐτῶν
1315 3465 1340 3530 ol

145 3571 207 3638 θεοί
241 3571 288 3657 (ἢ)
309 3574 347 3642 sir
378 3570 538 3649 ἀπογόνων
563 3604 583 3620 -
607 3572 624 3646 ἢ
650 3573 688 3642 ὡς
712 3573 844 3637 δικαίων.
891 3573 965 3638 Non
995 3576 1081 3638 enim
1104 3572 1210 3637 hercle
1232 3572 1265 3635 id
1289 3570 1340 3634 di·

143 3685 242 3756 eunt,
275 3679 350 3743 deos
383 3679 423 3742 ob
458 3697 624 3743 amoenam
656 3677 734 3743 caeli
766 3681 954 3763 temperiem
977 3680 1039 3743 sibi
1061 3679 1243 3763 providere,
1268 3676 1338 3752 sed,

142 3785 233 3874 quod
256 3782 451 3871 Cyelopibus
475 3787 583 3849 omnia
614 3790 725 3868 sponte
749 3806 787 3850 ex
811 3791 895 3850 terra
918 3786 1124 3871 proveniunt,
1145 3784 1340 3870 philosophis

143 3899 198 3962 eet
220 3891 272 3956 διά
296 3892 330 3956 τί
355 3890 499 3970 εὔκρατον
524 3896 584 3955 τῶν
607 3891 716 3970 ἀέρων.
741 3890 815 3956 deos
838 3893 977 3958 veroiis
1000 3892 1165 3977 providere
1187 3911 1225 3957 es
1247 3910 1341 3955 eausa

142 4005 215 4079 est,
240 4019 338 4083 quam
360 4000 425 4081 ipsi
449 3997 594 4061 afferunt.

194 4238 222 4294 ι,
247 4207 324 4278 138.

287 4320 317 4384 ἒν
342 4318 372 4382 δὲ
397 4320 493 4395 λιμὴν
515 4317 657 4399 εύορμος,
682 4316 717 4384 ἵν’
741 4319 774 4384 ού
797 4320 878 4400 χρεὼ
903 4319 1077 4399 πείσματός
1101 4323 1193 4400 ἔστιν,
1222 4354 1241 4370 ·
1257 4353 1276 4370 ·
