2978 4950
658 156 723 222 355

126 357 252 419 υπετῦι
297 347 474 427 ὑπόσχηται
519 349 693 424 γαμήσειν,
737 348 858 416 πάντας
898 349 1127 426 ἐλεγχθήσεται
1163 351 1282 414 κᾶιιεῖνο

129 456 287 533 υδθροινιι.
336 455 406 520 Etsi
434 456 460 518 ri
495 475 567 519 cum
597 457 798 521 coniunctivo
820 457 853 518 in
877 455 1083 538 scriptoribus
1107 454 1282 540 decrepitae

126 564 285 630 aecitetis
316 582 377 625 non
408 561 619 644 infrequenter
647 565 825 645 comparet,
851 571 957 626 tamen
981 568 1012 624 et
1037 582 1182 645 praesens
1205 586 1281 640 παρ·

126 676 227 733 ιεῖται
266 668 420 732 absonum
452 673 484 730 et
507 667 706 732 accusativus
729 668 908 745 πειρώμενον
932 666 1073 732 soloecus
1098 674 1156 732 est.
1200 668 1282 747 Qua·

126 779 220 861 >pter
249 774 405 838 scribam:
439 776 543 836 ταῦτα
575 771 663 850 λέγει
696 778 903 851 πειρώμενος
929 798 956 836 τ.
983 772 1154 843 Ὀδυσσέως
1180 775 1204 837 si
1232 810 1279 823 --

126 882 307 962 ρήτνται
338 881 404 943 θεοῦ
436 878 551 956 γοὶμον.
583 881 609 943 εἰ
635 879 697 957 γὰρ
721 886 875 959 προπετῶς
902 876 1080 960 ῦπθσχήται
1104 884 1278 960 γαμήσειν,

126 990 215 1058 {aroc
241 986 470 1067 ἐλεγχθήσεται
496 998 567 1048 κτλ.
583 982 619 1071 ¹).

126 1221 171 1280 n,
197 1196 272 1262 316.
588 1194 737 1260 'atnam
763 1194 793 1259 te
818 1196 848 1259 π’
873 1196 953 1266 οῦτισ
979 1193 1073 1273 ἐρύξει

270 1304 429 1381 ψαιήκυν·
453 1303 498 1378 μή
521 1305 609 1365 τοῦτο
633 1303 726 1381 φίλον
752 1299 807 1366 Διῒ
829 1303 921 1380 πατρῖ
947 1301 1073 1379 γένοιτο.

126 1431 172 1474 ,ιη
201 1411 353 1476 lemmata
383 1410 427 1485 μή
458 1414 547 1473 τοῦτο
578 1409 622 1472 P:
656 1408 689 1471 τὸ
722 1406 831 1472 ἑκθντα
862 1410 896 1472 σὲ
928 1406 1040 1490 ἐρθξαι.
1087 1408 1211 1473 Immo:
1242 1410 1275 1472 τὸ

132 1517 262 1583 zvarai
286 1542 321 1582 σε
347 1515 461 1597 ἕρθξοιι.

126 1753 167 1801 t.
203 1730 275 1796 319.
310 1735 354 1795 De
385 1731 563 1817 remigibus
592 1730 659 1794 suis
689 1729 849 1813 praedicat
882 1728 1048 1795 Alcinous:
1083 1732 1107 1794 οῖ
1139 1731 1274 1794 δ’ἐλθωσι

126 1838 244 1921 bivar,
272 1836 340 1916 ὄφρ’
365 1835 403 1900 θον
426 1835 509 1908 ἵκηαι
532 1837 548 1912 ΙΙ
571 1834 705 1914 πατρίδα
729 1837 783 1909 σήν
808 1835 859 1898 καὶ
885 1836 982 1909 θῦμα.
1032 1836 1138 1902 Dictio
1169 1837 1273 1901 ἔλθωσι

126 1943 225 2018 tatone
250 1943 335 2028 apud
360 1955 499 2026 veteres,
523 1963 580 2006 nec
604 1942 739 2017 iniuria,
765 1942 977 2026 discrepantes
1000 1944 1275 2027 interpretationes

126 2053 225 2125 ierit,
258 2070 393 2134 quarum
425 2070 506 2116 unus
538 2047 564 2113 'I'
595 2048 689 2132 paulo
720 2049 846 2113 uberior
877 2051 966 2113 testis
994 2055 1041 2113 est
1071 2049 1148 2115 haec
1183 2050 1273 2114 exhi·

126 2173 181 2218 ts:
211 2158 248 2225 ῦς
283 2158 312 2219 ἐν
345 2157 466 2232 γαλήνή
497 2155 641 2226 πλέοντες
675 2154 691 2228 ή
723 2155 862 2230 γαλήνην
893 2154 1029 2236 ἔχοντες.
1063 2155 1180 2229 δήλου
1210 2157 1273 2234 γθιρ
1301 2164 1319 2197 *

149 2267 286 2327 τοιοῦτον
311 2262 472 2341 παρέξουσι
496 2267 609 2334 πλοῦν,
635 2264 673 2332 cie
699 2261 812 2325 δοκεῖ
834 2262 864 2324 ἐν
887 2265 1012 2341 γαλήνρ
1036 2270 1136 2326 πλεῖν.
1161 2286 1273 2341 παραι-

126 2365 193 2433 ’ἑον
225 2371 287 2448 γὰρ
319 2370 388 2440 τοὺς
421 2370 560 2445 γαλήνην
593 2370 648 2442 τήν
676 2367 838 2431 θοθλοισσαν
862 2367 1038 2438 ἀκούοντας.
1086 2368 1168 2432 Mihi
1195 2368 1272 2434 haec

126 2479 298 2542 etouicum
321 2475 434 2540 referre
454 2473 505 2539 vel
525 2480 609 2539 certe
629 2494 666 2538 ex
686 2494 722 2539 eo
742 2474 870 2538 finxisse
890 2475 1055 2552 videntur,
1077 2495 1271 2559 quamquam

126 2581 220 2649 sime
249 2594 305 2647 ant
336 2583 452 2666 scripta
483 2587 538 2645 ant
570 2580 736 2664 descripta.
784 2579 973 2646 Mendosum
1007 2594 1054 2644 est
1084 2581 1173 2655 δῆλον
1196 2580 1270 2659 γθρ.

126 2682 179 2754 de
211 2691 296 2753 euim
331 2688 389 2753 hoe
426 2685 536 2760 δῆλον1
578 2686 687 2770 Neque
730 2688 837 2751 minus
880 2687 1067 2751 mendosum
1107 2690 1143 2758 ὡς
1181 2686 1270 2751 δοκεῖ.

126 2807 133 2847 f
166 2797 394 2883 grammaticae
418 2796 504 2858 enim
528 2793 616 2881 leges
636 2792 761 2857 nullum
783 2792 870 2861 aliud
887 2793 946 2858 hoc
965 2793 1142 2858 subiectum
1156 2794 1270 2859 habere

126 2908 185 2966 eet
209 2923 303 2986 quam
327 2900 514 2986 praecedens
533 2905 641 2970 πλοῦς.
679 2899 768 2964 Unde
789 2899 965 2964 bellissima
983 2902 1097 2964 existet
1116 2903 1272 2966 sententia

126 3023 179 3071 νοτ
210 3009 223 3071 θ
249 3013 351 3078 πλοῦς
385 3006 466 3070 δοκεῖ
496 3006 526 3070 ἑν
556 3009 680 3084 γαλήνρ
703 3014 803 3069 πλεῖν.
851 3003 945 3071 Certa
968 3006 1190 3072 emendatione
1213 3007 1270 3071 has

126 3104 247 3179 tertias
278 3115 486 3180 evitabimus:
517 3114 635 3185 δηλοῖ
656 3115 719 3193 γὰρ
743 3110 788 3176 ῦτι
813 3119 943 3177 τοιοῦτον
968 3112 1130 3192 παρέξουσι
1155 3118 1268 3186 πλοῦν,

145 3215 286 3285 δονεῖν
320 3222 350 3284 ἕν
382 3221 504 3300 γαλήνρ
536 3228 626 3284 πλεῖν
646 3222 683 3301 ²).
731 3220 874 3285 Eandem
898 3221 1191 3304 interpretationem
1216 3220 1269 3284 sed

126 3327 259 3392 viorem
297 3327 438 3414 legimus
473 3329 506 3389 in
542 3326 587 3401 Q:
624 3326 790 3390 ἐλαύνωσιν
826 3325 966 3407 ήσθχως,
1004 3325 1135 3390 eandem
1168 3328 1199 3389 in
1224 3326 1266 3390 P:

126 3486 252 3508 N·—

126 3616 128 3627 ’
158 3605 304 3668 nepotiano<
323 3604 347 3649 ot
365 3602 388 3651 in
406 3605 483 3648 vetere
502 3591 604 3648 editione
623 3602 700 3647 estet
719 3601 780 3664 apud
801 3599 987 3656 unumunurn,
1006 3605 1168 3670 trappa-‚tem
1186 3601 1268 3650 Eusta-

126 3693 135 3725 Ι
165 3691 260 3754 praebet
277 3709 299 3756 p.
320 3692 397 3746 1581,
421 3691 459 3740 27.

126 3786 128 3795 ·
159 3770 196 3822 Ex
218 3775 316 3823 infinitis
341 3775 399 3823 locis
421 3774 465 3823 bac
486 3774 621 3822 confusione
643 3772 736 3821 infectis
757 3788 818 3821 nunc
836 3788 910 3822 unum
927 3773 1004 3822 obiter
1021 3778 1130 3837 tangam,
1155 3774 1267 3833 Luciani,

126 3849 195 3903 uina
211 3857 308 3906 Timone
327 3857 348 3918 (ς
366 3857 411 3920 21)
429 3856 515 3904 Plutus
533 3856 562 3903 ad
581 3855 740 3905 Mercurium:
767 3859 820 3910 ρλδλ
839 3860 852 3908 θ
871 3858 942 3919 Ζεύς,
961 3855 1019 3909 ἀλλ’
1040 3860 1053 3908 θ
1071 3859 1189 3912 Παιόνων
1206 3861 1266 3912 λινε-

126 3953 187 3999 λλιι
209 3971 239 4013 με
265 3960 320 4016 παρ’
348 3951 437 4010 αὐτοῖς
462 3952 509 4000 en
531 3950 698 4011 πλουτοδότης
722 3951 762 4001 καῖ
787 3948 955 4013 μεγαλόδωρος
974 3951 1015 3999 παῖ
1040 3949 1114 4007 αὐτὸς
1133 3953 1178 3999 θῖν’
1198 3948 1270 4010 δηλοῖ

126 4047 128 4060 “
159 4042 202 4092 καὶ
216 4051 250 4110 τῷ
270 4043 378 4104 trapam,
407 4039 470 4085 Bcnc
487 4035 584 4085 haberet
601 4039 672 4100 δηλοῖ
687 4059 715 4104 γ.
733 4061 754 4091 ιι.
776 4043 805 4090 πθ
824 4037 908 4101 θνομα,
927 4036 967 4083 sed
984 4036 1047 4099 qnod
1064 4035 1144 4086 editur
1167 4025 1289 4086 absurde'

126 4128 177 4173 ¹¹11
195 4131 234 4176 est.
270 4129 440 4194 Rapoueudum
462 4144 553 4176 censeo:
577 4132 673 4193 δῆλον
697 4129 757 4194 γοῦν
781 4132 822 4181 καῖ
845 4139 881 4195 τῷ
901 4131 1008 4192 θνθματι.
1041 4129 1216 4190 Argumentum
1238 4145 1265 4177 ex

126 4207 247 4280 stephanis
272 4224 440 4286 τηηριωῖς
466 4219 541 4282 (8101),
570 4219 651 4267 Pierii,
677 4220 704 4268 ¹1¹.
734 4219 778 4267 121
805 4222 816 4279 ᾗ
836 4219 878 4280 18)
904 4218 1054 4285 rtoaumptum
1080 4219 1155 4268 rideri
1178 4221 1266 4269 verosi·

126 4311 134 4341 ²
160 4313 202 4356 eat.
