2978 4950
726 156 769 244 θθ

144 373 199 428 mo
232 361 277 429 sit
309 363 376 441 περὶ
409 366 463 426 τοῦ
495 364 544 447 ri,
575 383 660 429 nuno
689 363 757 443 περὶ
793 368 847 429 τοῦ
872 365 954 442 πῶς,
979 383 1016 430 uo
1038 365 1183 449 primum
1207 363 1343 449 ponam

148 475 294 547 tantum,
313 467 544 535 Telemachum
562 471 608 534 sic
628 468 797 548 simulare,
819 471 910 555 quasi
928 469 1064 536 Antinoi
1089 469 1343 556 deprecationem

147 597 254 643 revera
288 597 326 642 ex
356 574 501 663 maligno
533 577 641 641 animo
673 577 848 661 proiectam
882 579 985 643 amice
1015 576 1136 642 dictam
1172 579 1343 664 acciperet,

149 683 265 768 quibus
287 703 371 748 nunc
394 681 599 771 adiungitur,
625 682 783 768 quomodo
807 681 899 749 fictae
922 683 1162 749 benevolentiae
1185 688 1264 750 vota
1287 685 1343 748 iro

147 793 220 855 nica
242 788 453 876 explicatione
476 787 592 854 callide
610 788 801 874 exploserit,
820 795 858 853 nt
878 789 982 856 meat:
1004 796 1081 856 tune
1092 791 1196 878 igitur
1207 808 1343 879 regnum

149 901 276 961 tantum
306 894 431 960 malum
463 896 646 979 existimas,
678 901 716 959 ut
745 915 797 960 me
821 893 992 982 parvulum
1019 898 1088 961 eius
1111 899 1215 962 oneris
1237 916 1343 982 expm·

151 1010 218 1070 tem
249 1003 315 1068 iore
343 998 474 1087 cupias?
496 999 579 1065 mihi
604 1008 712 1068 contra
735 1022 798 1068 non
820 1002 898 1067 adeo
920 1002 1068 1088 imroba
1089 1005 1181 1069 merx
1204 1023 1273 1068 esse
1297 1003 1343 1067 vi·

151 1111 252 1176 detur.
279 1108 414 1196 Operose
438 1128 529 1184 sane,
553 1107 711 1192 siquidem
735 1107 914 1195 Porphyrio
933 1128 996 1174 non
1008 1110 1076 1174 sinc
1088 1129 1208 1197 magno
1220 1127 1343 1194 semper

151 1216 313 1306 cogitandi
336 1213 587 1299 enunciandique
610 1213 778 1281 molimine
801 1215 841 1280 ab
865 1234 930 1280 una
948 1217 1238 1303 argumentationis
1258 1217 1343 1301 partr

150 1324 190 1389 ad
225 1316 359 1388 alteram
395 1322 528 1386 transire
558 1341 629 1386 mos
660 1327 719 1386 eat.
765 1320 844 1387 Mox
875 1323 988 1386 incisio
1019 1323 1126 1386 minor
1148 1321 1343 1387 condentur

151 1436 223 1516 post
253 1428 458 1510 παραίτησιν,
488 1413 550 1492 ⁴nac
572 1429 689 1493 reticeo
713 1430 946 1514 suspicionem,
970 1427 1127 1493 ultimum
1150 1428 1289 1494 verbum
1314 1428 1343 1491 iu

154 1536 335 1616 διορθοῦσθαι
366 1541 660 1613 προσποιεῖται
692 1533 776 1599 mihi
806 1534 936 1619 quidem
967 1535 1087 1599 vitium
1119 1533 1203 1600 alors
1232 1532 1343 1599 videri.

152 1643 264 1729 Neque
287 1645 371 1708 enim
397 1632 654 1727 Porphyriauum
677 1645 727 1705 eat
751 1645 799 1706 ter
822 1643 996 1727 repetitum
1018 1639 1101 1706 illud
1124 1647 1343 1723 προσποιεῖται

152 1749 421 1831 προσποιούμενος,
454 1754 664 1825 προσποιεῖται
698 1746 786 1812 brevi
816 1749 920 1831 spatio
951 1749 1138 1824 interiecto,
1162 1767 1267 1833 noque
1288 1746 1343 1813 hot

150 1857 284 1922 verbum
304 1855 421 1921 ultimo
439 1853 509 1919 loco
527 1856 702 1918 sententiae
713 1858 836 1937 aptum.
861 1853 1019 1939 Fingebat
1038 1851 1268 1932 Telemachus,
1286 1873 1343 1940 qno

152 1965 258 2029 animo
282 1961 413 2027 Antinoi
437 1961 582 2039 θσενχην
604 1959 723 2026 factam
744 1968 896 2042 censeret,
916 1962 1018 2045 ipsius
1038 1958 1223 2028 Telemachi
1235 1968 1343 2028 votum

152 2067 259 2134 hercle
289 2088 392 2153 neque
422 2064 534 2131 fiotum
564 2086 666 2151 neque
689 2064 879 2131 simulatum
904 2073 982 2131 erat.
1029 2065 1246 2146 Quamobrem
1270 2067 1343 2135 Por

153 2176 308 2262 phyrium
331 2174 453 2239 deduce
477 2172 635 2257 suspicor:
660 2170 871 2239 Telemachus
894 2172 1083 2239 simulatam
1102 2176 1237 2239 Antinoi
1257 2173 1343 2241 bene

154 2282 329 2348 volentiam
350 2280 387 2343 δι’
407 2281 505 2360 εὐχῆς
524 2279 705 2359 διορθοῦσθαι
724 2281 1007 2360 προθυμεῖται.
1032 2280 1178 2366 Denique
1197 2279 1343 2346 voculum

154 2388 186 2453 δέ
216 2392 288 2472 post
319 2381 363 2450 ὅτι
396 2384 562 2451 delendam
592 2406 659 2452 esse
692 2389 791 2452 etiam
822 2383 1024 2451 Dindorfium
1054 2387 1205 2452 statuisse
1236 2385 1343 2453 videor

154 2496 188 2557 in
218 2493 419 2558 adnotatione
448 2491 625 2557 dicentem:
661 2492 711 2575 „a
743 2497 799 2556 aut
822 2491 992 2557 delendum
1018 2499 1073 2558 aut
1096 2478 1224 2558 salteni'
1237 2493 1273 2557 in
1297 2492 1343 2558 aa

154 2599 344 2664 mutandum
353 2597 379 2681 ‚’'
403 2617 538 2683 quorum
562 2597 645 2663 illud
669 2605 702 2662 et
724 2599 792 2682 ipse
815 2596 1007 2683 amplector,
1031 2599 1091 2664 boc
1111 2598 1270 2663 absonum
1292 2604 1343 2664 est

154 2705 278 2791 Nempe
300 2705 331 2769 δέ
354 2707 388 2769 in
411 2705 470 2770 hac
493 2704 691 2791 paragrapho
718 2704 929 2770 errabundam
957 2707 1060 2770 vitam
1084 2707 1155 2792 agit
1175 2705 1225 2770 bie
1247 2708 1343 2771 otiose

154 2811 301 2895 illatum,
335 2818 367 2876 et
397 2817 469 2895 post
499 2805 563 2886 θτι,
595 2817 632 2875 ut
659 2831 744 2875 nuno
771 2811 927 2888 vidimus,
958 2818 992 2876 et
1013 2831 1109 2897 supra
1134 2808 1169 2897 (l.
1196 2811 1253 2898 13)
1280 2819 1343 2897 post

155 2920 365 2999 Τηλέμαχος,
397 2918 454 2981 ubi
476 2915 660 2982 Dindorfius
683 2916 874 3001 particulam
898 2915 990 3002 plane
1014 2919 1205 3004 suppressit,
1230 2917 1343 2985 lectore

156 3033 264 3090 tamen
284 3028 317 3090 in
339 3023 605 3090 Adnotationibus
625 3025 757 3088 monito.

201 3130 374 3216 Sequentia
406 3149 469 3194 non
502 3130 612 3193 minus
646 3129 799 3195 laborant.
846 3130 976 3218 Pergit:
1009 3127 1080 3195 εἶτα
1111 3131 1178 3212 περὶ
1210 3133 1270 3208 μὲν
1295 3139 1343 3206 reia

158 3237 324 3316 βασιλεῖαι
355 3237 433 3312 Φησὶ
464 3236 508 3313 μῖη
540 3234 775 3320 οὶμφισβητεῖν,
807 3240 874 3315 περὶ
906 3239 1010 3314 μέντοι
1034 3242 1088 3302 τοῦ
1113 3238 1224 3301 ἑαυτοῦ
1249 3236 1343 3303 οῖκοιν

269 3347 308 3413 ὡς
339 3350 394 3416 τῆς
423 3342 592 3419 βασιλεῖαι
622 3346 707 3418 μετὰ
739 3342 774 3406 σθ
805 3345 968 3408 ἀποθανεῖν
992 3343 1043 3408 τὸν
1067 3343 1207 3420 βασιλέα
1233 3345 1286 3409 ἐπὶ
1312 3354 1343 3427 τε

158 3452 241 3533 τύχη
273 3448 430 3527 κειμένης.
462 3455 521 3512 τῶν
553 3449 584 3512 δὲ
608 3449 775 3526 κτημάτων
799 3447 836 3514 ὧν
856 3451 1023 3515 δέδοικεν
1047 3452 1061 3515 d
1085 3450 1240 3529 βασιλεὺς
1261 3451 1343 3532 tort·

158 3575 253 3624 λοντα
282 3557 379 3636 κθριον
403 3550 479 3618 εἶναι
504 3549 524 3636 ᾧ
554 3554 713 3621 δέδοικε.
760 3555 820 3622 Rei
844 3567 974 3641 natura,
998 3557 1109 3631 credo,
1135 3558 1270 3623 suadet:
1294 3562 1343 3624 τῶι

158 3664 326 3743 κτημάτων
358 3660 395 3726 ὧν
432 3663 667 3727 λέλοιπενθ
702 3662 854 3739 βασιλεὺς
886 3662 1053 3744 ὀφείλοντα
1087 3663 1184 3744 κύριον
1216 3661 1298 3729 εἶναι
1328 3659 1343 3745 ρ’

159 3773 338 3837 λέλοιπε.

204 4012 234 4060 οι,
252 3984 327 4049 394.
348 3983 439 4063 Quod
451 3984 515 4048 iere
527 3983 653 4067 accidit,
666 3990 740 4050 sunt
752 3997 784 4051 et
795 3987 891 4052 huius
903 3990 1098 4073 quaestionis
1110 3988 1343 4076 Porphyriones

160 4094 291 4159 disiecta
325 4090 472 4154 membra
502 4092 536 4154 in
567 4093 665 4156 variis
696 4090 858 4157 codicibus
888 4097 985 4159 variis
1010 4096 1155 4161 versibus
1179 4089 1342 4182 adscripta

157 4199 249 4265 Siout
268 4198 307 4262 ad
331 4218 470 4273 versum,
495 4217 591 4283 quem
615 4218 711 4283 supra
734 4201 843 4282 posui,
867 4200 944 4266 haee
968 4204 1101 4265 suntin
1121 4198 1236 4282 Horo
1263 4203 1343 4282 atys

159 4303 292 4374 τοιοῦτόν
324 4305 406 4368 ἔστι·
438 4305 583 4382 βασιλεῖς
616 4305 673 4368 εῖσι
705 4304 813 4367 πολλοὶ
840 4306 869 4367 ἓν
893 4306 1110 4389 redopertae
1137 4307 1262 4395 Ἰθάκη,
1288 4310 1343 4385 siro,
