2978 4950
708 144 775 214 440

144 335 328 415 ὑπομνήσεις
360 332 540 415 taetricum
572 336 614 400 πιδ
645 334 750 408 acida?
781 334 829 401 De
852 356 917 420 qua
940 355 1038 418 voce,
1063 332 1259 419 sequioribus
1280 331 1323 397 ad·

147 444 278 509 modum
310 443 473 526 adamata,
506 461 647 527 quaeque
672 463 745 507 cum
769 444 886 521 auspic
910 444 1019 506 simm.
1043 442 1219 506 consociari
1238 437 1322 513 solet,

147 549 264 615 nobilis
297 556 345 615 111
376 548 562 613 Ruhnkenii
594 548 768 633 disputatio
800 548 840 614 ad
871 546 1040 614 Timaeum
1064 570 1096 633 p.
1122 544 1323 631 15181111

147 677 243 741 qnam
265 677 374 722 omnes
393 661 574 741 provocent.
607 654 655 718 En
675 655 772 719 buius
791 655 947 740 exemplis
968 655 1006 719 dc
1019 656 1205 741 aequiorum
1217 653 1322 738 seriptis

149 763 344 849 desumptis,
369 784 471 827 unum
495 762 553 826 boc
576 761 722 827 Philonis
745 761 853 828 ludaei
877 769 1039 848 repetam:
1067 764 1081 825 ὁ
1106 762 1138 826 δὲ
1164 760 1262 837 βαθὺς
1282 762 1322 824 zai

150 868 308 948 διωλύγιος
333 867 435 942 ὕπνος.

194 1081 287 1146 Nunc
307 1084 455 1167 quoniam
474 1080 657 1146 Heraclitus
674 1084 708 1145 in
728 1082 874 1146 manibus
895 1090 960 1159 est,
983 1102 1044 1146 non
1066 1082 1123 1147 abs
1140 1101 1177 1146 re
1190 1081 1325 1146 critutin

148 1205 282 1276 cognato
304 1195 495 1277 argumento
521 1190 553 1252 in
573 1189 657 1253 hunc
677 1208 802 1274 quoque
823 1197 985 1255 auctorem
1005 1187 1255 1273 aliquammulta
1271 1205 1325 1272 pro·

149 1296 230 1360 ferre
271 1303 414 1380 receptae
449 1295 596 1359 lectionis
631 1297 824 1371 tentamina,
860 1314 941 1379 quae
975 1298 1075 1360 etiam
1108 1301 1182 1380 post
1215 1296 1327 1358 iteratas

151 1401 289 1466 Mehleri
320 1422 410 1467 curas
434 1422 495 1466 non
519 1421 656 1488 magnae
681 1400 777 1467 molis
800 1400 948 1466 libellum
973 1401 1028 1467 sed
1053 1400 1203 1486 pluribus
1225 1399 1328 1467 loaisa

151 1509 263 1572 scribis
294 1508 378 1573 male
407 1509 554 1573 habitum
587 1508 640 1572 hic
664 1496 733 1572 illic
758 1507 1008 1572 emendatiorem
1032 1507 1184 1573 exhibere
1207 1505 1327 1573 valeant

151 1614 294 1680 Praeirit
312 1615 363 1678 his
383 1613 616 1699 quodammodo
635 1612 817 1678 Hermanno
838 1613 970 1699 Dichls,
991 1617 1041 1679 vir
1059 1613 1146 1699 apud
1168 1610 1327 1680 Germanos

152 1722 270 1785 eximia
291 1720 432 1785 doctrina
448 1718 709 1797 florentissimus,
732 1722 786 1804 qui
808 1726 881 1784 ante
898 1719 1021 1805 aliquot
1033 1740 1131 1785 annos
1144 1739 1261 1807 magna
1272 1739 1328 1783 rer·

152 1827 265 1891 borum
295 1829 466 1910 asperitate
500 1825 755 1890 emendationem
779 1825 819 1890 ad
843 1825 1000 1891 Heracliti
1022 1824 1207 1912 allegorias
1231 1843 1326 1910 propo·

153 1936 236 2018 suit,
269 1953 378 1999 reram
411 1931 503 1997 illam
534 1933 664 2017 quidem
700 1931 755 1997 sed
779 1953 887 1996 unam.
936 1932 1060 2016 Nempe
1085 1934 1170 1997 circa
1192 1929 1329 1997 finemiu

154 2047 297 2104 extrema
327 2041 523 2123 peroratione
555 2039 601 2123 (p.
629 2036 692 2101 152
724 2037 838 2122 Mehl.)
870 2040 916 2102 ita
948 2038 1073 2103 editur:
1105 2041 1194 2118 ἱερεῖς
1230 2037 1259 2102 a
1286 2036 1328 2100 sai

156 2144 271 2224 ζοὶκοροι
295 2148 355 2209 τῶν
379 2146 539 2220 δαιμονίων
563 2141 608 2208 ἔτι
632 2145 690 2207 πῶν
715 2145 815 2208 αὐτῶν
839 2144 957 2217 πάντες
983 2142 1077 2223 ἔσμεν
1101 2143 1137 2220 ἐξ
1160 2144 1236 2209 ἴσον,
1271 2139 1344 2209 Gor·-

156 2255 238 2316 rexit
261 2250 443 2315 Diehlsius:
465 2256 522 2314 τῶν
543 2250 702 2326 δαιμονίων
727 2253 825 2314 ἐπῶν
849 2252 995 2324 αὑτοῦ,
1021 2249 1272 2335 plaudentesque
1288 2247 1330 2315 td·

153 2361 327 2440 sentimur,
359 2356 455 2422 simul
486 2378 526 2421 ne
557 2365 589 2421 et
621 2359 682 2441 ipsi
714 2357 889 2434 ἀσύμβολοι
915 2357 1116 2423 discedamus
1140 2368 1264 2443 praeter
1283 2375 1326 2431 aa.

152 2487 232 2550 quae
263 2467 295 2527 in
326 2464 584 2548 praecedentibus
608 2464 659 2527 bic
683 2463 750 2527 illic
774 2467 839 2527 iam
864 2467 1049 2550 attigimus,
1076 2465 1155 2529 baec
1181 2464 1327 2529 addentes

101 2561 104 2567 ¹
199 2571 233 2636 C.
259 2572 273 2634 l
296 2573 340 2654 (p.
366 2572 416 2654 2):
452 2571 548 2639 natta
582 2571 644 2646 γὰρ
670 2571 702 2631 ἑιι
727 2571 844 2647 πρώτης
871 2573 992 2645 ἡλικίας
1018 2573 1059 2634 τοὶ
1086 2574 1182 2646 νήπιοι
1208 2574 1265 2635 τῶν
1287 2573 1328 2647 cip·

52 2677 57 2685 ⁸
152 2680 287 2756 τιμιι1ὧν
320 2678 435 2740 παίδων
466 2676 652 2757 διδοιπκοιλίοι
682 2677 755 2753 παρ’
786 2677 885 2754 ἐκείνῳ
914 2677 1109 2759 rudericus,
1142 2676 1194 2740 κοιὶ
1227 2675 1331 2753 μονονοὺ

153 2784 472 2862 ἐνεσποοογοινωμὲνοις
506 2792 566 2853 τοῖς
601 2781 703 2846 ἔπεσιν
734 2785 829 2846 οιύποῦ
863 2784 1029 2860 κοθοιπεοεὶ
1055 2784 1177 2863 ποτίμῳ
1203 2783 1330 2860 ydram

153 2895 211 2962 τοὶς
244 2893 355 2971 ψυχὰς
388 2890 566 2968 ἐπάρδομεν.
618 2889 765 2952 Primum
797 2893 1023 2975 comprobatur
1055 2892 1131 2955 hinc
1165 2894 1332 2956 coniectura

154 2997 338 3062 Diehlsiana
366 3019 420 3080 per
444 3017 476 3058 se
501 2996 676 3059 verissima.
727 2994 810 3058 'rum
834 3017 895 3060 non
923 3007 969 3060 111
994 3018 1109 3060 sanum
1135 3000 1210 3074 παρ’
1236 2998 1331 3076 ἐκείνῳ.

154 3105 268 3167 ’111111
292 3103 446 3188 puelluli,
472 3105 596 3186 opinor,
624 3122 684 3164 uon
709 3104 790 3183 oprcd
813 3104 970 3165 Homerum
997 3107 1180 3189 cognitione
1202 3103 1334 3168 Homeri·

154 3233 261 3275 corum
288 3213 464 3274 carminum
490 3210 724 3272 imbuebantur.
774 3208 937 3272 Mehlerus
962 3231 1144 3293 perperam:
1173 3207 1334 3292 ῃ11111111.

153 3317 297 3380 vocabul.
323 3314 545 3395 διδοσκκι.ίοι”,
575 3322 683 3398 estque
709 3317 741 3377 11
768 3315 968 3388 universum,
996 3324 1032 3378 11
1058 3319 1181 3399 passim
1207 3315 1335 3381 ostende·

153 3435 221 3500 tur,
248 3426 345 3485 nimis
369 3443 483 3505 pronus
509 3422 546 3484 ad
572 3421 725 3485 eiicieuda
750 3442 785 3483 ea
810 3443 889 3505 quae
915 3423 976 3504 ipsi
999 3421 1165 3486 molestias
1186 3424 1344 3495 exhibent,-

154 3533 250 3594 ctiam
285 3530 338 3592 ubi
372 3528 459 3591 nulla
483 3527 736 3609 interpolationis
760 3531 897 3610 suspicio
922 3529 1068 3592 accedere
1093 3538 1211 3611 potest.
1258 3526 1334 3608 Quod

154 3643 185 3699 11
209 3658 291 3698 nuuc
315 3637 434 3698 facturn
459 3642 514 3697 est.
565 3633 749 3718 Legendum
770 3634 858 3698 nullo
878 3638 978 3699 eiecto
998 3636 1170 3701 vocabulo:
1194 3639 1237 3701 τοὶ
1254 3639 1334 3709 νιίπιο

155 3749 211 3803 πῶν
233 3744 407 3818 aperuerat
422 3740 536 3801 nattes
550 3739 737 3819 διδονοιιοιλίοο
760 3763 783 3801 π
794 3764 813 3799 a
823 3739 848 3816 ρ’
872 3741 957 3803 ἐκεί
965 3763 1025 3803 νον
1048 3744 1246 3817 virtatem,
1264 3739 1334 3826 quod

153 3851 219 3931 ipse
240 3848 457 3932 comprobabit
481 3845 680 3918 Heraclitus,
703 3849 754 3909 cui
775 3847 945 3910 sententias
959 3868 1031 3911 suas
1045 3849 1231 3914 immutatis
1244 3849 1335 3913 verbis

153 3958 277 4037 saepius
301 3958 415 4018 iterare
440 3953 627 4036 praeplacet.
675 3952 710 4015 ln
736 3952 853 4038 epilogi
875 3955 967 4017 initio
988 3965 1029 4032 (c.
1048 3953 1192 4020 LXXIV
1205 3978 1236 4040 p.
1254 3953 1333 4039 ilop

153 4057 201 4120 ίνοο
229 4097 246 4107 -
271 4060 482 4140 οὶνοοιρεθὲνπων
506 4067 563 4121 πῶν
588 4059 767 4132 ποιημοίπων
789 4059 909 4138 ἄφωνος
936 4061 1059 4134 οὶμοιθίοι
1081 4067 1136 4124 τοῦ
1157 4064 1272 4140 κόσμου
1290 4085 1334 4124 κο·

153 4166 365 4246 ποισκεδοοσθῇ,
391 4169 441 4230 axi
467 4168 546 4241 μήτε
572 4167 683 4237 νηπίων
708 4167 822 4229 παίδων
848 4169 936 4247 χορὸς
963 4169 1145 4245 ὠφελῆται,
1178 4173 1255 4242 τὰς
1286 4192 1335 4233 σο·

153 4272 255 4353 :plac
280 4298 334 4336 ποι
343 4274 368 4352 ρ’
393 4274 566 4352 Ὀμήρου
591 4279 705 4351 πρῶτον
730 4277 767 4343 ὡς
793 4275 856 4336 οὶπδ
881 4276 999 4346 τιθήνης
1023 4275 1224 4355 ποπιζόμενοο
1244 4276 1335 4353 ydra,
