2978 4950
151 114 214 179 Nec
249 113 332 179 mihi
368 114 438 202 quis
473 117 603 184 obiiciat
632 117 733 202 locos,
769 115 877 202 quales
910 116 945 181 hi
976 120 1067 181 sunt:
1092 139 1123 198 ε,
1149 114 1234 179 445:
1259 111 1336 179 οὕτω

152 220 356 287 πολύλλιστον
386 229 458 288 κατ’
491 225 666 297 αἰτιατικὴν
697 225 765 289 αντὶ
795 227 848 288 τοῦ
874 223 1087 298 τολνλιστοις,
1113 227 1168 289 aut
1191 221 1227 306 ζ,
1252 221 1333 287 239:

151 327 242 392 ιιλῦτὲ
275 329 382 408 ,μειι”,
405 328 513 408 οὕτως,
541 338 596 398 aut
621 321 656 412 ζ,
683 331 767 395 241:
792 328 884 402 οὕτως
911 330 939 394 ἕν
962 329 1109 406 μέλλοντι
1132 327 1248 409 χρόνῳ,
1272 330 1336 393 ἔτι·

151 434 298 518 μίξεται,
332 441 469 523 suntque
504 439 537 502 in
573 437 710 503 Scholiis
740 444 771 503 et
787 437 843 511 ,ad
874 436 1008 502 Iliadem
1041 440 1073 500 et
1099 436 1137 500 ad
1163 434 1336 522 Odysseam

151 541 329 627 complures
369 543 605 622 huiuscemodi,
642 565 750 610 omnes
782 544 910 609 solitam
943 542 1175 630 Didymeorum
1212 563 1337 626 excerp·

151 653 255 713 torum
275 649 464 716 brevitatem
484 651 671 728 referentes,
689 651 743 716 sed
770 671 879 716 omnes
899 653 945 715 ita
968 652 1160 733 comparati,
1183 653 1220 713 ut
1243 653 1275 713 et
1299 649 1337 713 de

150 753 212 820 levi
236 758 466 843 grammaticae
490 762 617 822 tantum
641 757 823 823 discrimine
848 764 1023 844 agatur-
1042 777 1073 820 v.
1087 776 1113 820 c.
1139 755 1233 819 κλῦτέ
1257 778 1335 837 μευ,

151 882 209 927 non
240 885 292 938 μοι
318 900 358 910 -
382 884 440 927 nec
464 865 599 928 verbum
623 864 781 929 adiectum
807 863 953 928 habeant.
1001 861 1111 947 Itaque
1134 883 1205 926 cum
1231 882 1337 949 gram-

152 969 261 1033 matici
296 989 411 1034 nornen
442 973 637 1054 requiratur,
673 971 814 1055 suspicor
842 968 1011 1034 lectionem
1043 968 1228 1055 vulgatam,
1258 987 1338 1052 quas

154 1080 234 1140 certe
263 1071 450 1140 difficultate
474 1097 536 1140 non
561 1082 662 1160 caret,
687 1098 761 1142 cum
787 1075 987 1141 Aristarchus
1009 1078 1043 1139 in
1066 1096 1103 1140 ea
1127 1076 1336 1159 acquieverit,

153 1180 215 1245 loni
251 1203 307 1266 per
342 1182 434 1261 διχῶς
471 1182 647 1267 explicans,
685 1183 909 1268 Aristophanes
944 1182 1061 1248 leniore
1098 1183 1276 1247 coniectura
1308 1182 1337 1245 ai

153 1288 270 1354 mederi
301 1295 432 1353 conatus
461 1292 521 1373 sit,
545 1290 710 1355 audaciore
733 1291 909 1354 mutatione
933 1309 999 1353 esse
1023 1294 1179 1354 tentatam
1205 1309 1223 1352 a
1244 1289 1336 1352 Zeno-

150 1396 225 1478 doto,
248 1400 343 1479 atque
363 1395 440 1461 adeo
459 1416 524 1461 esse
544 1397 764 1461 scribendum:
786 1394 1014 1482 (Ζηνόδοτος
1037 1395 1090 1474 δὲ)
1110 1395 1226 1467 κῆδος
1249 1394 1335 1472 λέγει

152 1498 238 1573 οὕτως
265 1497 305 1578 „i'
324 1524 375 1577 μοι
399 1502 491 1566 κακὸν
516 1502 634 1578 ἔμπεσε
659 1501 775 1579 κῆδος”,
801 1508 838 1566 ut
862 1503 915 1566 hio
937 1504 1048 1568 tertiae
1071 1504 1245 1586 scripturae
1265 1521 1336 1566 auc·

152 1612 197 1672 tor
217 1607 351 1672 dicatur.
377 1607 495 1673 Totum
519 1611 621 1696 igitur
643 1609 809 1698 Scholion,
835 1609 926 1673 cuius
949 1611 1073 1691 partem
1095 1605 1278 1672 Dindorfius
1297 1608 1336 1673 ad

152 1713 266 1779 mlccm
297 1716 432 1801 paginae
464 1713 678 1801 relegaverat,
706 1716 787 1780 hanc
809 1715 945 1779 formam
971 1714 1096 1779 induat:
1125 1709 1214 1788 tua
1243 1715 1335 1778 κακὸν

154 1817 301 1896 luceres:
330 1819 573 1900 Ἀριστοφάνης,
602 1819 639 1904 ,ὅ
660 1846 710 1897 μοι
735 1821 821 1886 κακοὶ
851 1819 982 1897 ἔμπεσε(
999 1819 1046 1904 )”.
1081 1818 1115 1883 τὸ
1148 1819 1180 1884 δὲ
1205 1816 1243 1897 „d‘
1263 1819 1336 1897 μοι”

152 1928 216 1992 ἀντὶ
237 1932 291 1992 τοῦ
312 1923 379 2004 ,ὅτι
399 1928 477 2005 μοι”.
490 1930 567 2001 τινὲς
589 1930 620 1994 δὲ
640 1930 752 2012 οὶνα(γ
762 1953 770 1991 ι
780 1954 793 1992 ν
803 1929 823 1991 ὦ
834 1952 900 1992 cac
911 1951 955 1990 υσ
965 1951 973 1989 ι
983 1927 1012 2012 ν)
1026 1925 1141 2004 „cincti
1157 1927 1193 2012 (Z
1206 1952 1222 2001 η
1233 1924 1271 1990 νδ
1280 1928 1296 1991 δ
1306 1950 1336 1990 ο-

152 2058 213 2106 τος
238 2035 291 2119 δὲ)
316 2036 402 2106 κῆδος
427 2035 514 2113 λέγει
538 2033 630 2106 οὕτως
658 2031 695 2118 ,ὅ
715 2058 765 2112 μοι
791 2035 883 2099 κακὸν
908 2032 1025 2112 ἔμπεσε
1050 2031 1168 2107 κηδος”.

194 2142 307 2207 Fateor
335 2142 416 2207 hanc
446 2163 551 2208 meam
585 2163 708 2227 quoque
731 2143 964 2207 restitutionem
989 2139 1189 2206 audaciorem
1213 2161 1280 2206 esse
1303 2146 1335 2206 et
1405 2151 1407 2155 ’

154 2248 368 2320 incertiorem,
399 2270 474 2314 nam
505 2233 588 2313 mihi
619 2255 702 2314 certe
733 2247 859 2312 nullum
883 2248 1103 2311 testimonium
1128 2249 1161 2310 in
1186 2254 1336 2331 promptu

155 2361 213 2430 est,
249 2372 313 2439 quo
349 2357 493 2420 evincam
529 2354 696 2420 lectionem
729 2355 815 2429 κῆδος
847 2353 899 2418 hic
930 2373 1039 2419 revera
1068 2354 1210 2416 Zenodoti
1241 2354 1337 2417 fuisse

154 2459 326 2526 lectionem.
351 2459 502 2525 Auctoris
521 2469 629 2526 autem
650 2461 813 2526 cuiusdam
836 2481 950 2525 nomen
971 2461 1039 2544 ipsa
1049 2461 1221 2525 sententiae
1233 2460 1337 2523 forma

154 2569 265 2653 requiri
290 2567 491 2652 quodmodo
523 2567 681 2644 dicebam,
712 2567 771 2632 hoc
803 2570 867 2633 iarn
900 2569 946 2630 ita
981 2566 1184 2650 comprobare
1215 2564 1335 2630 licebit.

155 2672 273 2759 Nempe
309 2681 341 2738 et
375 2674 593 2751 ἀναγινώσκειν
630 2681 662 2738 et
696 2673 797 2753 φάναι
833 2679 865 2738 et
896 2672 999 2750 λέγειν
1037 2672 1120 2757 apud
1153 2674 1338 2756 posteriores

155 2776 388 2846 Grammaticos
411 2781 514 2845 dicere
537 2801 607 2846 mos
631 2781 710 2857 fuit,
733 2783 788 2846 uhi
815 2781 852 2845 de
877 2783 974 2845 variis
1005 2800 1082 2864 quas
1112 2800 1169 2845 nos
1201 2779 1338 2844 dicimus

152 2883 341 2953 lectionibus
376 2908 479 2952 sermo
514 2892 569 2952 est.
618 2887 873 2952 Usitatissimum
907 2907 981 2951 saue
1016 2894 1064 2952 est
1098 2884 1251 2966 γράφειν,
1281 2907 1338 2952 nec

152 2993 261 3076 aliter,
288 2995 382 3057 —si
418 3001 502 3058 recte
537 2994 717 3068 observavi,
746 3032 787 3041 —
812 2995 1010 3058 Aristonicus
1043 2992 1146 3057 dicere
1177 2992 1272 3068 solet,
1303 2996 1339 3056 ut

148 3102 246 3164 etiam
285 3098 332 3163 Μ.
365 3097 562 3164 Schmidtius
597 3102 630 3163 in
661 3120 717 3163 sua
752 3099 888 3185 Didymi
918 3099 1171 3184 fragmentorum
1208 3097 1339 3185 Sylloge
1404 3126 1408 3131 ·

149 3203 193 3292 (p.
230 3203 309 3291 143)
342 3203 524 3288 admonuit,
557 3205 618 3268 nisi
647 3205 729 3290 quod
761 3205 884 3269 multus
915 3211 963 3269 est
994 3207 1192 3270 Aristonicus
1223 3207 1256 3269 in
1279 3226 1339 3270 usu

143 3315 238 3379 verbi
272 3320 386 3402 ποιεῖν,
411 3310 599 3375 nouaclum
625 3311 680 3374 ubi
704 3332 811 3376 omnes
836 3311 987 3376 adhibent
1010 3312 1047 3376 de
1075 3311 1180 3375 verbis
1204 3313 1237 3375 in
1260 3312 1340 3376 anti·

143 3437 211 3504 qua
235 3421 393 3502 scriptura
417 3419 608 3482 continuatis
633 3423 689 3481 aut
712 3416 898 3482 dirimendis
923 3424 979 3481 aut
999 3417 1226 3504 coniungendis
1246 3455 1288 3466 —
1310 3413 1340 3481 ἓν

141 3533 244 3601 ποιεῖ,
279 3525 329 3589 δύο
354 3532 435 3587 ποιεῖ
457 3526 528 3586 sim.
551 3523 668 3586 —sed
692 3523 838 3607 inprimis
862 3524 900 3588 de
924 3522 1082 3589 Zenodoto
1106 3523 1256 3588 traditam
1277 3524 1340 3589 leo·

144 3633 270 3696 tionem
294 3650 352 3696 suo
375 3650 466 3713 saepe
492 3629 646 3694 arbitratu
675 3627 867 3716 refingente,
900 3629 982 3713 quod
1013 3636 1096 3693 certe
1120 3631 1270 3695 usitatius
1293 3634 1341 3696 est

143 3744 331 3810 μεταποιεῖν
351 3736 453 3800 dicere
474 3742 506 3800 et
527 3735 765 3815 μεταγράφειν,
786 3757 844 3800 neo
864 3735 948 3820 apud
961 3738 1189 3822 grammaticos
1202 3740 1340 3818 tantum,

152 3862 226 3908 cum
249 3843 453 3910 notissimum
479 3843 522 3906 sit
545 3839 627 3906 illud
651 3844 716 3907 iam
739 3840 863 3907 Solonis

334 3948 387 4012 aa}
412 3948 639 4029 μεταποίησον,
665 3948 895 4031 Λιγυαστάδη,
920 3944 974 4012 ὧδε
999 3948 1023 4012 δ’
1048 3945 1149 4031 ἄειδε,

380 4053 609 4132 ὀγδωκονταέτη
634 4063 726 4134 μοῖρα
751 4053 832 4136 rigor
863 4053 1004 4119 θανάτοιο.
