2978 4950
712 138 777 219 '312

149 338 189 420 ἐξ
225 344 377 421 οἱμοροῖς
410 340 546 423 βραδέως
580 344 622 414 εἷς
653 342 771 409 δεῖπνον
796 343 951 408 -·-καδ
983 341 1137 416 οὶνέστη
1169 340 1244 407 ert
1266 343 1389 426 τῆς

148 449 314 529 ἀγοραῖς.
351 448 435 529 Quid
460 456 568 514 autem
589 455 654 534 est,
673 451 756 535 quod
776 455 901 515 tantum
914 450 1003 515 dedit
1015 444 1384 541 turbarumlllempc

149 556 210 617 irie
234 576 316 621 nunc
340 555 461 622 scholia
485 559 518 620 in
541 578 642 621 unum
663 556 797 623 conflata
818 562 910 650 sunt,
932 557 1013 622 duae
1031 555 1376 644 glossae,-iuter·

148 661 281 727 lineares
310 664 342 726 in
375 662 564 748 archetypo,
597 670 728 748 putem.
759 662 902 746 fuerant,
935 701 975 712 -
1008 668 1041 728 et
1064 660 1290 748 paraphrasis,
1324 670 1368 731 iu

150 766 234 833 huuc
257 769 389 833 modum
412 769 674 834 reconcinuanda:

195 871 272 938 438.
319 873 500 959 ἐελδομένῳ]
526 875 719 950 ε’πιόνμοῦντι
744 875 904 952 σιοτηρόας.

194 978 270 1044 439.
319 974 393 1058 ῆμος
425 979 453 1045 δ’
480 981 529 1045 ἐπὶ
562 980 680 1069 δόρπον]
708 983 768 1066 (ύς
793 976 856 1046 ὅτε
880 980 965 1065 add.)
991 975 1080 1053 ῆλύειι
1103 981 1179 1060 οὶνῆρ
1202 979 1352 1060 βραδέως

147 1087 213 1151 ἐπὶ
238 1087 374 1164 δεῖπνον,
401 1087 464 1164 ῆτοι
490 1088 524 1152 τό
548 1087 690 1166 δειλινόν,
715 1088 768 1152 καὶ
793 1080 906 1163 ύνέστη
933 1086 996 1152 ἀπό
1018 1094 1073 1161 τῆς
1098 1088 1232 1167 atrapis.

318 1196 480 1280 ύρορῆόεν]
506 1192 540 1270 ἐξ
562 1197 689 1275 οὶνοροῖς.
1101 1267 1104 1272 ,

148 1299 238 1380 Quod
273 1301 305 1364 in
342 1302 540 1386 paraphrasis
571 1301 672 1366 fronte
704 1301 812 1366 addidi
843 1303 881 1372 ύς
907 1296 976 1379 ὅτε,
1002 1302 1164 1367 fecicum
1186 1297 1348 1366 seutaafifl

150 1406 247 1480 duce,
271 1411 340 1470 tum
365 1410 553 1472 auctoritate
576 1408 693 1473 codicis
717 1407 759 1481 B,
784 1408 895 1473 eadem
919 1409 983 1474 fere
1007 1407 1188 1493 praebentis
1211 1407 1242 1491 ἐν
1255 1405 1347 1478 πόσιν

150 1511 311 1593 ἐφύνησαν
335 1515 376 1578 τόν
401 1515 491 1592 δοῦρα
514 1515 577 1580 ύπό
601 1520 656 1587 τῆς
682 1513 885 1594 Χαρύβδιος,
910 1516 948 1585 ὡς
972 1510 1024 1579 ότε
1044 1512 1187 1594 ἐστράφη
1207 1511 1348 1583 archiv

38 1694 44 1707 .
149 1619 199 1684 ἐπὶ
224 1617 329 1697 δόρπον
352 1620 454 1700 κρίνων
478 1621 561 1685 κατόι
586 1623 641 1695 τῆν
664 1620 781 1700 α’γοριύν
805 1636 891 1698 κτλ,
912 1627 945 1687 et
965 1620 1069 1686 fusius
1085 1621 1141 1686 sed
1163 1622 1349 1686 marsuan

151 1724 196 1805 Q:
225 1728 267 1812 ⁴ric
297 1725 328 1790 δὲ
356 1727 544 1799 δικασπόλος
575 1729 647 1807 οένὶιρ
662 1763 681 1776 -
695 1764 714 1776 -
730 1728 819 1808 -όψδ
843 1729 906 1792 οὶπδ
930 1736 986 1801 τῆς
1010 1729 1130 1808 οἶγορῖις
1154 1727 1261 1800 οὶνέστη
1278 1714 1349 1789 ἐπ’)

151 1832 267 1896 δεῖπνον
291 1833 398 1910 tates,
422 1841 520 1909 τῆμος
546 1871 586 1881 -
612 1834 642 1896 όν
666 1833 798 1914 τοσούτῳ
822 1832 857 1908 δῆ
879 1871 922 1883 -
942 1832 985 1898 τὰ
1005 1833 1088 1909 ξύλα
1106 1840 1162 1907 τῆς
1175 1832 1237 1908 νηός
1250 1866 1295 1882 ··
1308 1854 1352 1876 ‘

151 1939 313 2017 ἐφρόνησαν
344 1937 531 2016 efferentem
564 1947 618 2014 τῆς
652 1938 854 2019 Χαρύβδεως,
889 1961 969 2024 quae
991 1942 1101 2006 omnia
1124 1939 1353 2006 maachan

152 2046 353 2132 paraphrasis
389 2047 577 2110 memoriam
614 2065 739 2110 servare
774 2045 857 2110 mihi
891 2046 1051 2111 videntur.
1095 2044 1205 2110 Unum
1237 2043 1354 2110 adhuc

151 2153 293 2218 eiusdem
327 2156 401 2218 vitii
433 2151 618 2237 exemplum
649 2173 781 2237 ponam,
809 2152 848 2218 ad
872 2160 1000 2219 sextum
1024 2153 1146 2218 librum
1169 2152 1266 2219 redire
1284 2149 1355 2214 ie-

152 2264 282 2326 stiuans.
314 2259 523 2326 Telemachus
546 2280 565 2324 a
587 2259 731 2325 Minerva
754 2281 809 2345 per
832 2263 992 2326 somnium
1011 2260 1194 2327 admonitus
1212 2258 1357 2323 domum

152 2366 253 2432 redire
287 2376 444 2452 properat.
493 2366 598 2441 Quare
632 2369 721 2431 ocius
752 2369 952 2432 vestimentis
983 2367 1124 2452 indutis,
1156 2364 1359 2433 Menelaum

151 2473 189 2537 de
213 2472 344 2538 consilio
367 2494 424 2538 suo
448 2474 524 2537 lacit
547 2475 713 2537 certiorem
740 2474 765 2556 (ο
792 2471 834 2536 62
859 2475 969 2558 seqq.).

242 2579 294 2643 62.
388 2579 431 2655 βῆ
452 2578 483 2642 δὲ
508 2577 632 2657 όύραζε,
660 2579 889 2656 παραπτόμενος
915 2579 946 2643 δὲ
973 2579 1150 2657 προσηύδα·
1166 2617 1185 2629 -
1199 2617 1218 2630 ·
1232 2616 1250 2631 -

172 2693 177 2703 ’
242 2685 293 2748 66.
344 2685 398 2759 ῆδη
424 2689 472 2746 νῦν
496 2683 530 2759 μ’
553 2684 726 2758 οὶπόπεμπε
751 2688 847 2759 Φίλην
872 2687 902 2755 ἐς
927 2685 1064 2764 πατριδα
1089 2695 1206 2764 γαῖαν·

342 2791 398 2866 ῆδη
422 2789 485 2868 peip
509 2814 558 2866 μοι
585 2790 676 2863 όσμὸς
700 2791 840 2854 ἐέλδεται
864 2790 962 2855 οἴκαδ’
987 2790 1115 2856 ἱκέσθαι,

148 2904 199 2969 Ad
229 2919 358 2968 versum
387 2896 429 2960 65
463 2894 630 2960 Cramer-us
662 2902 693 2960 et
727 2895 906 2961 Dindorfius
937 2917 975 2961 ex
1008 2897 1075 2963 solo
1109 2897 1144 2963 H
1167 2890 1369 2963 retulerunt

146 3011 239 3083 haec,
265 3006 378 3090 quihus
402 3000 529 3065 nullum
551 3000 671 3065 lemma
695 3002 852 3066 adiectum
877 3004 1026 3067 videtur:
1052 3005 1118 3069 εἰπὲ
1139 3007 1223 3080 αύτῷ
1243 3007 1369 3069 ασελ·

148 3116 206 3179 όεῑν
239 3113 308 3176 εἵσω
340 3120 394 3183 τῆς
428 3109 581 3184 πατρίδος.
630 3107 710 3171 Sunt
743 3115 774 3172 et
805 3109 882 3173 haec
906 3112 939 3171 in
963 3131 1092 3174 summa
1117 3113 1369 3197 perspicuitate

145 3220 379 3287 obscurissima.
427 3215 510 3279 Nam
536 3218 568 3277 iu
590 3220 655 3278 toto
682 3235 773 3278 versu
799 3213 841 3278 65
866 3214 947 3279 nihil
973 3220 1145 3300 reperitur,
1172 3218 1370 3303 quodcum

146 3326 347 3412 paraphrasi,
372 3343 451 3406 quae
476 3321 537 3384 huc
558 3320 712 3404 pertinere
735 3321 865 3397 dicitur,
889 3321 1011 3406 aliquid
1031 3344 1200 3389 commune
1218 3320 1371 3389 habeat·

145 3434 257 3518 ltaque
280 3431 357 3494 haec
381 3432 414 3491 in
439 3428 517 3491 <luas
542 3426 712 3511 particulas
737 3427 893 3511 discerpta
918 3427 1035 3492 melius
1060 3430 1270 3518 intelligetur.

284 3536 335 3599 62.
384 3533 553 3616 προσηύδα]
580 3529 693 3596 εἶπεν
720 3534 792 3617 (nou
818 3535 897 3618 εἰπὲ)
924 3537 1018 3614 αύτῷ.

283 3642 336 3705 66.
385 3640 478 3703 οἷκοίδ
505 3640 633 3722 taletas]
661 3641 807 3703 ύπελόεῑν
832 3640 900 3703 εἴσω
927 3650 981 3714 τῆς
1008 3644 1169 3721 πατρίδος.

144 3757 205 3827 At,
234 3750 338 3822 dices,
373 3746 449 3830 quid
478 3765 590 3809 causae
621 3754 669 3808 est
700 3766 755 3809 cur
780 3747 1100 3834 pervulgatissimum
1127 3749 1224 3815 illud:
1249 3762 1365 3828 προσ·

144 3858 220 3930 ηόδα
252 3853 432 3938 paraphrasi
460 3849 655 3934 explicetur?
690 3851 845 3935 Equidem
878 3854 959 3918 hane
989 3854 1122 3920 eausam
1157 3857 1251 3921 fuisse
1271 3866 1363 3918 cre*

144 3963 295 4035 uiderim,
332 3959 414 4043 quod
451 3959 554 4022 verbis
589 3959 815 4034 expectassem
851 3959 881 4023 δὲ
915 3962 1073 4039 προσηύδα
1107 3966 1140 4027 in
1173 3962 1275 4028 eodem
1302 3945 1358 4019 Η

144 4069 395 4151 suprascriptum
428 4071 491 4127 est:
525 4063 595 4134 ἔπος
630 4062 724 4140 ηὔδα,
758 4072 794 4128 ut
819 4069 971 4149 primaria
997 4067 1114 4132 scholii
1138 4069 1238 4133 ferma
1258 4065 1351 4129 haec

144 4174 240 4235 luisse
265 4173 428 4234 videatur:
452 4169 677 4247 expumicatam
699 4170 729 4233 δὲ
752 4172 926 4247 προσηύδα·
951 4169 1036 4237 εἶπεν
1051 4177 1148 4255 αύτῷ.
1165 4175 1343 4258 (weitin-2¹

147 4279 176 4343 δὲ
202 4281 267 4362 καὶ)
294 4276 384 4352 υἔπος
411 4276 518 4349 ηὔδα.”
565 4276 656 4341 Nunc
681 4279 719 4340 ad
745 4283 942 4362 prepositum
971 4281 1074 4345 redeo.

238 4414 270 4466 »V
