2978 4950
632 202 698 272 367

143 397 184 462 de
207 400 240 462 vi
265 419 301 462 ac
326 401 480 482 potestate
504 396 652 461 vocabuli
675 392 802 466 σθντες.
835 396 874 458 Ol
898 394 954 471 μὲν
978 396 1012 460 rt
1036 395 1152 467 τιίντερ
1176 395 1262 461 κατὰ

126 505 229 578 ιολιιην
254 509 337 583 Φασι
360 505 496 568 κεῖσθαι·
524 541 564 553 --
586 504 611 567 οί
636 503 667 566 δὲ
692 500 803 578 οὕτως,
828 503 1018 581 αἰσυμνῆται
1041 504 1072 568 δὲ
1096 501 1212 575 πάντες
1237 504 1262 568 οἱ

127 611 262 691 ερθὲντες
287 609 370 674 ἐννέα
397 607 484 684 ἦσαν.
511 610 563 694 (Ε)
589 608 638 673 Ita
661 608 755 674 solito
779 608 833 673 scd
860 608 994 674 ridiculo
1017 630 1121 675 errore
1143 609 1265 675 scribae

126 738 201 784 uara
233 717 335 783 solent
368 737 425 802 pro
456 715 721 796 ἀγερθέντες)
754 717 810 799 qui
839 719 946 781 tamen
981 736 1066 782 error
1095 721 1264 800 utramque

126 827 246 891 tionem
269 823 401 889 obsidet.
923 822 926 829 “

126 1039 154 1122 ί,
180 1035 257 1104 267.
295 1037 366 1118 Περί
401 1037 552 1108 κοινωνίας
580 1035 688 1116 Ἄρεος
721 1036 773 1100 καί
805 1036 988 1118 Ἀφροδίτης
1020 1037 1169 1118 μανρθθεν
1192 1061 1264 1103 σαι·

126 1167 154 1209 ει
189 1145 301 1216 αὐτοὺς
340 1145 383 1220 μη
417 1145 628 1220 ἀσελγαίνειν,
658 1139 695 1213 ὥς
727 1143 780 1207 καί
810 1144 879 1207 θεῶν
908 1143 958 1208 διθι
991 1149 1096 1208 ταῦτα
1120 1145 1263 1226 οὶσχημο·

126 1275 210 1316 νταν.
247 1251 299 1317 Sic
336 1250 372 1315 P.
410 1250 470 1315 Vel
505 1252 635 1335 pravius
669 1249 886 1337 Vulgetorum
921 1256 1014 1315 vetus
1049 1251 1164 1316 editio:
1197 1251 1263 1329 περί

126 1358 228 1430 νωνίας
256 1362 328 1437 ”Ap
360 1362 430 1421 τοῦ
461 1353 660 1437 Ἀφροδίτηςί
697 1355 758 1421 Sed
790 1377 829 1422 ue
855 1357 996 1423 Palatini
1018 1357 1146 1442 quidem
1170 1359 1265 1424 lectio

126 1484 170 1542 a,
202 1465 358 1549 siquidem
392 1484 453 1529 non
487 1471 533 1529 est
566 1461 743 1528 Graecum:
777 1463 933 1528 παιδεύειν
956 1465 1027 1529 τινα
1051 1465 1138 1543 περί
1163 1489 1264 1529 κοινο-

127 1596 151 1644 ι.
205 1574 346 1657 Apparet
380 1570 535 1656 quaedam
571 1571 677 1634 deesse
712 1572 746 1634 in
783 1571 868 1635 hunc
903 1572 1037 1636 modum
1072 1571 1264 1659 supplenda:

135 1679 156 1742 οὶ
187 1681 272 1764 τῶν)
304 1678 371 1757 τερ)
403 1677 555 1747 κοινωνίαι
582 1675 689 1756 ’Ἄρεος
721 1675 773 1741 καί
807 1675 993 1757 Ἀφροδίτης
1019 1679 1167 1758 μακρόθεν
1192 1702 1265 1744 ται·

126 1788 170 1859 ur,
186 1785 314 1857 αὐτοὺς
350 1786 394 1861 μὴ
427 1783 643 1865 ἀσελγαίνειν,
675 1785 713 1855 ὡς
746 1784 797 1848 καί
823 1784 893 1847 θεῶν
918 1782 967 1846 διὰ
993 1787 1097 1849 ταῦτα
1122 1785 1264 1864 ἀσχημο-

126 1915 211 1958 ντνον.

126 2104 174 2172 Ad
198 2106 334 2172 eundem
358 2125 483 2170 versum
505 2104 549 2167 E:
570 2112 709 2179 γνναθκα
728 2107 781 2168 τοῦ
800 2103 977 2184 Ἡφαίστου
1004 2105 1059 2178 την
1080 2103 1266 2186 Ἀφροδίτην

126 2214 181 2276 ccl
207 2215 275 2278 καθ’
300 2208 331 2275 ὃν
354 2211 447 2288 λθγον
470 2209 522 2274 καί
547 2217 605 2274 τῶν
628 2192 765 2287 Χαρίτων
784 2209 871 2286 μίαν.
907 2209 978 2275 Non
997 2231 1109 2295 parum
1128 2215 1267 2296 praestat

126 2320 189 2393 ισί,
214 2323 235 2383 i.
262 2341 289 2384 c.
322 2317 499 2395 Homerus,
524 2319 579 2401 qui
610 2318 643 2380 in
679 2316 777 2382 Iliade
811 2314 930 2382 Charin
965 2338 1097 2384 uxorem
1133 2317 1266 2385 Vulcani

126 2426 176 2503 a,
199 2425 253 2490 hic
277 2423 440 2489 Venerem.

126 2638 151 2715 l,
181 2639 256 2705 300.
290 2637 392 2703 Marte
423 2658 458 2702 ac
484 2638 601 2703 Venere
625 2657 680 2721 per
703 2637 868 2721 compedes
891 2637 1058 2704 artificiose
1082 2659 1101 2704 a
1125 2638 1266 2705 Vulcano

126 2755 213 2812 ictas
250 2744 425 2831 implicatis
460 2747 638 2829 captisque,
674 2764 693 2808 a
724 2743 796 2810 Sole
826 2744 1007 2810 admonitus
1030 2745 1209 2828 ἀγχίμολον
1234 2745 1265 2811 δέ

159 2849 232 2924 ἦλθε
257 2849 436 2930 τερικλυτδς
460 2850 663 2930 ἀμφιγυήεις.
712 2849 797 2915 Hinc
822 2856 987 2935 praecepta
1009 2851 1137 2916 deducit
1160 2873 1265 2939 gram·

126 2959 215 3024 licus
245 2959 351 3024 nescio
383 2960 453 3041 quis
483 2977 655 3042 sanequam
678 2960 784 3044 magis
806 2954 1000 3022 Graecorum
1025 2959 1167 3023 moribus
1190 2978 1265 3023 con·

127 3064 236 3149 tentia
267 3085 363 3149 quam
395 3065 528 3128 nostris:
552 3063 688 3127 διδιίσκει
712 3063 744 3127 δὲ
770 3064 821 3126 καί
848 3065 881 3127 ἐκ
905 3063 1011 3128 τοθτοο
1035 3063 1071 3128 σθ
1094 3064 1265 3146 χρήσιμον,

126 3194 129 3206 ’
178 3169 222 3234 δεῖ
252 3173 303 3234 καί
330 3174 387 3240 τοὶς
413 3168 560 3240 τοιαύτας
584 3176 644 3233 τῶν
668 3167 805 3248 σροθξεοιν
828 3170 1112 3251 μεταχειρίζεσθαι.
1135 3173 1180 3248 μη
1203 3195 1266 3248 με·

126 3278 307 3353 νυμθνης
341 3285 395 3350 της
424 3278 560 3357 φθορᾶς,
583 3277 658 3339 ἀλλ’
684 3274 898 3353 ὑπονοουμένης
924 3278 938 3341 θ
961 3276 1081 3356 λθγος
1107 3273 1177 3358 εἶχε
1201 3278 1266 3342 δια-

128 3381 204 3446 ύειν
227 3381 339 3449 ἅττα..
359 3430 456 3446 .....
481 3382 712 3459 τετολμημένης
737 3385 834 3455 αὐτῆς
860 3406 943 3447 κατα
957 3430 1102 3448 .......
1127 3384 1186 3449 ἔδει
1209 3393 1264 3460 τῆς

126 3490 194 3559 σᾶς
208 3538 393 3555 .........
419 3488 481 3574 (Τ).
521 3489 707 3574 Quicunque
730 3490 808 3555 haec
827 3491 969 3574 primum
989 3489 1178 3577 perlegerit,
1192 3492 1267 3557 huic

146 3599 221 3662 scio
251 3598 336 3662 idem
365 3596 504 3678 accidet,
530 3617 565 3661 ac
589 3596 672 3660 mihi
695 3596 846 3661 accidisse
870 3596 1018 3661 audacter
1040 3594 1207 3672 confiteor,
1233 3611 1269 3663 ut

126 3706 298 3769 sententia
321 3702 534 3787 qualicunque
557 3703 632 3766 hinc
651 3702 819 3778 elicienda,
841 3722 921 3786 quae
941 3723 1002 3766 nou
1020 3722 1146 3787 prorsus
1162 3704 1269 3790 inepta

166 3807 263 3888 plane
293 3810 446 3894 desperet.
494 3807 585 3873 Adeo
618 3811 726 3872 omnia
759 3815 834 3873 sunt
861 3828 923 3872 non
947 3809 1058 3884 verba,
1083 3810 1138 3875 sed
1161 3814 1269 3899 aenig-

126 3926 182 3986 a,
211 3937 273 3981 non
298 3917 490 3991 sententias,
515 3915 568 3979 sed
594 3913 735 3978 laciniae.
784 3914 894 3997 Neque
919 3919 1044 3979 tantum
1068 3920 1269 4001 superiorum

126 4030 240 4086 orum
271 4043 365 4107 opera
399 4020 481 4084 nihil
505 4021 625 4085 confert
648 4019 688 4084 ad
711 4020 856 4085 tenebras
878 4019 940 4085 loci
964 4020 1190 4105 dispellendas,
1214 4026 1268 4090 sed

126 4136 202 4198 ¹18,
232 4167 272 4177 -
304 4128 385 4213 quod
416 4126 562 4211 inprimis
593 4127 631 4190 dc
662 4125 801 4191 Prellero
831 4125 934 4201 valet,
965 4146 1038 4191 nam
1070 4127 1268 4209 Dindorfius‚

126 4243 251 4298 ’orans
281 4245 318 4298 ut
349 4234 494 4312 videtur,
526 4254 639 4297 manus
670 4233 843 4314 abstinuit,
877 4270 916 4279 —
944 4253 962 4296 a
993 4236 1059 4297 veri
1089 4237 1272 4303 inveniendi

137 4349 219 4402 nos
242 4341 380 4405 abducit.
429 4339 514 4418 Quae
539 4341 623 4402 euim
648 4337 724 4402 haec
744 4340 901 4422 oppositio
924 4344 988 4404 est:
1012 4347 1069 4412 τῆς
1088 4342 1203 4422 φθορᾶς
1225 4345 1270 4422 μη
