2978 4950
657 268 722 337 287

47 459 190 528 tieret.
236 460 320 540 Quid
353 463 438 527 enim
470 465 536 526 est:
564 454 615 524 ὅτε
640 460 697 536 μέν
721 455 815 534 δέξο)
837 457 873 523 rb
896 482 906 523 r
930 455 1061 538 βραχὺ1
1086 454 1190 534 „aaa
1216 476 1283 522 eor·

47 565 257 653 ruptum,’'
291 565 473 634 Dindorfius
503 566 678 653 respondet.
715 566 860 644 „ittarta
883 565 936 632 vel
961 564 1031 646 δέξῃ
1052 563 1281 629 Buttmannus.

48 672 206 740 Sensus
240 674 381 761 postulat
413 673 509 753 ixa?
557 672 626 740 Hoc
658 671 728 739 loeo
758 673 975 738 Buttmannus
1006 670 1127 757 aliquid
1149 670 1283 736 humani

49 798 200 864 passus
230 786 296 873 est,
328 780 424 866 adeo,
450 817 491 830 -
516 781 600 866 quod
622 779 795 846 admodum
819 799 890 844 raro
913 781 943 845 ei
967 777 1097 852 accidit,
1124 813 1168 825 -
1193 776 1281 841 abso-

49 905 168 951 num
192 893 240 953 est
263 893 436 974 utrumque
460 887 543 973 quod
567 889 741 973 proposuit.
778 883 960 951 Dindorfius
980 885 1019 950 ad
1039 883 1101 949 alia
1112 903 1282 970 properans

50 1010 216 1058 sensum
252 994 441 1060 restituendi
469 992 617 1061 vocabuli
641 993 780 1058 indicare
804 994 881 1058 satis
905 991 1037 1075 habuit,
1062 990 1282 1056 emendatione

50 1100 277 1182 supersedit.
300 1101 348 1165 At
368 1137 409 1150 -
431 1103 551 1165 mirum
572 1100 660 1165 dictu
674 1137 715 1148 -
729 1098 950 1165 emendatione
969 1098 1034 1164 fere
1051 1117 1092 1163 ne
1111 1117 1190 1182 opus
1209 1097 1282 1181 qui-

52 1199 160 1268 dem
177 1210 233 1270 est.
246 1204 338 1271 Nihil
351 1208 435 1272 enim
448 1206 602 1272 vocabulo
615 1211 761 1291 corrupto
774 1205 813 1270 ed
825 1205 1046 1292 integritatem
1060 1204 1148 1269 deist
1159 1207 1283 1289 praeter

52 1307 286 1396 adscriptum
317 1316 386 1379 sive
412 1313 628 1399 subscriptum
653 1336 680 1396 ο,
704 1312 788 1398 quod
812 1334 886 1378 cum
910 1314 1121 1378 recentiorum
1145 1330 1282 1396 pronun·

54 1415 225 1484 eiatione
259 1440 320 1486 non
356 1419 518 1485 efferretur
552 1421 725 1485 sexcenties
757 1425 813 1485 aut
843 1439 1008 1505 perperam
1040 1419 1202 1483 omittitur
1225 1423 1282 1482 aut

55 1520 266 1590 infercitur.
313 1525 438 1612 Nempe
461 1526 556 1611 homo
581 1526 685 1591 dedit:
711 1520 762 1590 ὅτε
786 1526 843 1602 μέν
868 1523 960 1604 δέξρ
983 1525 1017 1609 (1.
1045 1545 1074 1589 e.
1102 1524 1223 1607 δέξει)
1247 1525 1282 1588 τὸ

60 1646 71 1687 ⁸
113 1628 260 1712 βραχύ,
289 1630 569 1716 προπαροξύνεται,
594 1629 643 1696 ὅτε
669 1632 701 1697 δέ
725 1630 860 1716 μακρόν,
886 1628 1101 1709 παροξύνεται.
1149 1629 1282 1715 Aliquo·

58 1732 140 1800 ties
179 1740 245 1802 iam
278 1739 371 1822 attigi
395 1743 678 1827 grammaticorum
702 1739 964 1805 consuetudinem
990 1736 1127 1802 secunda
1151 1755 1285 1823 persona

56 1829 96 1900 ih
142 1842 428 1929 disquisitionibus
463 1865 499 1911 ae
531 1849 707 1932 praeceptis
738 1845 849 1910 utendi
883 1851 915 1909 et
947 1846 1037 1930 quasi
1070 1864 1142 1907 eum
1167 1842 1285 1908 lectore

60 1947 317 2016 confabulandi.
364 1951 412 2018 Ne
444 1953 660 2039 Porphyrium
696 1959 856 2018 auctorem
883 1951 1069 2033 adhibeam,
1096 1970 1192 2035 quem
1216 1969 1284 2014 sas·
1312 1969 1314 1973 ’

64 2049 216 2128 pissime
251 2065 376 2124 constat
411 2060 456 2124 sio
487 2080 554 2125 esse
586 2059 750 2134 locutum,
778 2096 820 2108 -
842 2056 919 2122 οὕτω
943 2056 1047 2127 λύσεις
1072 2059 1109 2140 (e.
1137 2057 1183 2141 1),
1209 2053 1284 2119 οὕτω

68 2154 123 2219 ”du
167 2165 221 2225 aci
248 2164 282 2226 τὸ
307 2178 377 2227 κτλ.
405 2167 446 2246 (ο.
472 2164 549 2249 ΙΧ),
575 2201 616 2213 -
637 2171 748 2249 utpote
772 2166 827 2248 qui
851 2163 1049 2250 quaestiones
1074 2182 1147 2226 suas
1171 2163 1287 2227 Home·

67 2257 169 2331 ficas
201 2274 256 2334 uni
293 2273 360 2336 viro
392 2272 554 2357 scripsisse
577 2272 680 2337 rideri
702 2271 851 2348 uolebat,
876 2273 917 2335 iis
941 2269 1095 2354 exemplis
1119 2289 1198 2354 quae
1221 2269 1284 2334 iam

63 2360 90 2426 51¹
130 2378 372 2463 superioribus
405 2379 502 2445 huius
534 2381 632 2446 moris
664 2379 780 2454 attuli,
811 2378 873 2444 alia
896 2400 981 2443 nune
1005 2377 1160 2463 quaedam
1184 2396 1286 2441 none

56 2460 321 2572 Porphyrionis
345 2488 447 2571 petita
470 2486 695 2574 adiungantur.
743 2485 879 2572 Legitur
902 2508 934 2550 v.
958 2505 985 2549 c.
1010 2482 1195 2548 huiusmodi
1215 2503 1286 2548 eon·

48 2574 224 2655 ⁸⁸“letio
259 2592 277 2656 δ
313 2590 396 2669 456,
433 2593 488 2656 ubi
524 2593 562 2658 de
597 2594 712 2658 Proteo
745 2613 846 2657 sermo
879 2599 942 2657 eat:
976 2591 1095 2655 ὄπισθεν
1121 2589 1181 2675 (vs.
1207 2587 1287 2674 418)

39 2672 206 2801 ‘'trs-ee
241 2693 310 2762 εἶπε
342 2698 449 2776 μόνον,
484 2699 536 2762 καὶ
568 2704 616 2764 νῦν
650 2701 760 2763 λέοντα
795 2699 847 2762 καὶ
873 2700 1025 2777 πάρδαλιν
1050 2697 1084 2783 (l.
1110 2696 1210 2784 πόρδ.)
1233 2694 1285 2759 καὶ

29 2799 111 2879 Ψ·
185 2803 234 2866 καὶ
258 2804 320 2880 μὴν
345 2804 429 2868 αὐτοὶ
455 2804 582 2889 (malim
607 2807 742 2892 ταῦτα)
771 2806 884 2884 ἑρπετὰ
909 2805 1072 2871 οὖνέῖτέν.
1097 2805 1173 2869 ἀλλ’
1197 2804 1287 2869 εἰπὼν

27 2884 182 2961 ”3⁶⁰⁶
210 2909 261 2974 ἐπὶ
293 2910 410 2988 parad
437 2911 496 2996 (va.
519 2910 599 2992 417)
622 2912 710 2987 δηλοῖ
731 2914 794 2977 ἀπὸ
817 2913 925 2991 μέρους
949 2912 983 2976 τὸ
1007 2916 1080 2977 πῖον.
1107 2912 1136 2975 έν
1160 2910 1223 2991 pap
1247 2919 1285 2993 rii

23 3003 66 3073 75
145 3015 217 3079 arat
251 3016 387 3097 έρπετοὶ,
419 3013 479 3081 οἷον
503 3018 681 3096 δράκοντος,
706 3019 757 3083 καὶ
782 3017 893 3084 ἄλλα
918 3015 991 3083 ὅσα
1015 3017 1061 3083 νὀν
1086 3017 1212 3098 sirpe.
1238 3015 1286 3104 [rb

19 3100 94 3181 γὰρ
182 3119 265 3199 „dor'
289 3124 339 3188 s'rri
366 3124 483 3202 γαῖαν”
507 3122 614 3189 πάντα
648 3126 735 3200 δηλοῖ
757 3126 808 3191 καὶ
833 3126 948 3205 ἑρπετὰ
972 3125 1024 3190 καὶ
1049 3126 1192 3211 ἀλλοῖα]
1218 3123 1285 3210 (Ei),

19 3226 92 3292 i1¹¹⁰
190 3231 222 3295 in
252 3230 371 3296 scholio
403 3238 435 3296 et
467 3233 757 3317 interpunctionem
789 3236 909 3299 correxi
932 3232 1078 3319 pluribus
1101 3232 1179 3297 loeis
1203 3232 1287 3317 apud

18 3313 226 3401 odit‘nares
261 3357 459 3422 perversam,
493 3344 525 3402 et
555 3338 852 3403 manifestissimam
885 3338 1136 3426 dittographiam
1169 3341 1203 3403 in
1227 3337 1288 3405 fine

20 3439 335 3530 oxiungendam
370 3463 487 3509 censeo.
537 3443 693 3510 Similiter
721 3444 759 3511 ad
784 3460 804 3509 a
830 3443 893 3510 311
920 3445 958 3510 de
982 3442 1042 3510 Oto
1067 3450 1098 3510 et
1121 3443 1287 3530 Ephialte:

21 3526 91 3656 3⁹1⁸
106 3544 277 3630 ἀχρονον
301 3550 363 3626 γὰρ
388 3550 545 3628 γενόμενον
571 3587 590 3602 -
605 3587 624 3601 -
649 3546 727 3625 ἦσαν
753 3587 834 3603 ---
859 3552 1070 3630 causamur.
1102 3553 1289 3626 ἐννόησον

26 3654 116 3733 ⁰¹³?
195 3655 232 3719 έκ
267 3656 427 3731 τούτου,
463 3655 546 3737 εἴπερ
578 3656 617 3723 ἂν
649 3660 692 3730 εἰς
718 3660 826 3737 μέτρον
851 3659 974 3735 ἡλικίας
998 3656 1096 3724 ἵκοντο
1122 3659 1165 3744 (v.
1191 3656 1288 3743 317),

29 3740 189 3825 ὅῐθῗοο
210 3760 342 3840 ἔμελλον
366 3763 498 3828 irrotat.
524 3763 717 3845 ὑπερέβαλον
741 3764 865 3837 πάντας
892 3764 929 3831 ἂν
955 3768 1006 3831 τὸν
1029 3764 1142 3831 Τντνέν
1161 3800 1181 3815 -
1197 3799 1216 3814 -
1234 3763 1288 3828 καὶ

33 3846 83 3914 '53⁹
160 3865 316 3949 Ὠρίωνα.
342 3869 413 3954 (Β),
438 3869 522 3935 unde
544 3873 578 3935 in
603 3874 781 3958 antiquiore
805 3872 925 3937 acholio
950 3893 989 3937 er
1008 3871 1042 3936 H
1064 3893 1158 3958 super
1178 3871 1289 3937 eadem

39 3977 72 4024 1⁰
124 3978 263 4041 versui
296 3975 360 4040 309
394 3977 566 4062 adscripto
589 3978 716 4043 omnino
751 3976 934 4054 αὐξηθέντες
967 3973 1016 4042 οὖν
1048 3978 1289 4067 ὑπερέβαλον

44 4064 108 4180 ἂν.
164 4084 219 4146 καὶ
254 4085 349 4171 (τὸν)
372 4083 486 4149 Τιτυόν
510 4085 554 4169 (p.
581 4082 664 4167 502,
690 4082 748 4163 24)
771 4085 1006 4150 rescribendum
1032 4090 1087 4150 est.
1136 4084 1185 4150 Ex
1209 4086 1290 4150 anti·

59 4187 257 4266 amoribus
291 4190 512 4277 grammaticis
545 4211 770 4277 nonnunquam
803 4193 848 4256 sie
878 4190 1063 4276 loquentem
1097 4190 1286 4277 deprehendi

68 4279 302 4374 hiberorum,
326 4317 358 4362 v.
384 4318 411 4362 o.
434 4296 474 4361 ad
498 4294 519 4377 ζ
541 4294 626 4381 302,
651 4298 708 4362 ubi
731 4297 889 4363 Nausicaa
913 4292 1020 4363 Ulixi:

321 4403 354 4467 οὐ
377 4403 434 4480 μέν
457 4401 520 4484 γοίρ
543 4427 573 4468 τι
600 4402 718 4469 taratra
742 4412 821 4469 τοῖον
844 4403 993 4470 τέτυκται
