<?xml version="1.0" encoding="UTF-8"?>
<!DOCTYPE html PUBLIC "-//W3C//DTD XHTML 1.0 Transitional//EN"
    "http://www.w3.org/TR/xhtml1/DTD/xhtml1-transitional.dtd">
<html xmlns="http://www.w3.org/1999/xhtml" xml:lang="en" lang="en">
 <head>
  <title>
</title>
<meta http-equiv="Content-Type" content="text/html;charset=utf-8" />
  <meta name='ocr-system' content='tesseract 3.04.00' />
  <meta name='ocr-capabilities' content='ocr_page ocr_carea ocr_par ocr_line ocrx_word'/>
</head>
<body>
  <div class='ocr_page' id='page_1' title='image "./adodysseameiusq00polagoog_0322.png"; bbox 0 0 2978 4950; ppageno 0'>
   <div class='ocr_carea' id='block_1_1' title="bbox 710 202 777 271">
    <p class='ocr_par' dir='ltr' id='par_1_1' title="bbox 710 202 777 271">
     <span class='ocr_line' id='line_1_1' title="bbox 710 202 777 271; baseline 0.015 -1"><span class='ocrx_word' id='word_1_1' title='bbox 710 202 777 271; x_wconf 81' lang='lat'><strong>290</strong></span> 
     </span>
    </p>
   </div>
   <div class='ocr_carea' id='block_1_2' title="bbox 145 392 1293 4086">
    <p class='ocr_par' dir='ltr' id='par_1_2' title="bbox 145 392 1293 4086">
     <span class='ocr_line' id='line_1_2' title="bbox 148 392 1293 481; baseline 0.005 -26"><span class='ocrx_word' id='word_1_2' title='bbox 148 392 314 471; x_wconf 81' lang='grc' dir='ltr'><strong><em>ἀπέφόιόον</em></strong></span> <span class='ocrx_word' id='word_1_3' title='bbox 348 413 403 477; x_wconf 92' lang='lat' dir='ltr'><strong>pro</strong></span> <span class='ocrx_word' id='word_1_4' title='bbox 435 392 643 477; x_wconf 74' lang='grc' dir='ltr'><strong><em>ἀπέφθιθεν,</em></strong></span> <span class='ocrx_word' id='word_1_5' title='bbox 672 394 753 479; x_wconf 93' lang='lat' dir='ltr'><strong>quod</strong></span> <span class='ocrx_word' id='word_1_6' title='bbox 785 394 964 481; x_wconf 77' lang='lat' dir='ltr'>complures</span> <span class='ocrx_word' id='word_1_7' title='bbox 995 396 1120 461; x_wconf 89' lang='lat' dir='ltr'><strong>codices</strong></span> <span class='ocrx_word' id='word_1_8' title='bbox 1150 402 1184 462; x_wconf 91' lang='lat' dir='ltr'><strong>et</strong></span> <span class='ocrx_word' id='word_1_9' title='bbox 1206 397 1293 463; x_wconf 85' lang='lat' dir='ltr'><strong>edito:</strong></span> 
     </span>
     <span class='ocr_line' id='line_1_3' title="bbox 148 499 1293 588; baseline 0.004 -24"><span class='ocrx_word' id='word_1_10' title='bbox 148 503 357 565; x_wconf 77' lang='lat' dir='ltr'><strong>recentissimi</strong></span> <span class='ocrx_word' id='word_1_11' title='bbox 392 502 462 563; x_wconf 87' lang='lat' dir='ltr'><strong>iure</strong></span> <span class='ocrx_word' id='word_1_12' title='bbox 492 501 583 565; x_wconf 89' lang='lat' dir='ltr'><strong>unice</strong></span> <span class='ocrx_word' id='word_1_13' title='bbox 614 499 895 587; x_wconf 74' lang='lat' dir='ltr'><strong>probaveruut1),</strong></span> <span class='ocrx_word' id='word_1_14' title='bbox 926 523 1027 588; x_wconf 90' lang='lat' dir='ltr'><strong>neque</strong></span> <span class='ocrx_word' id='word_1_15' title='bbox 1066 502 1118 567; x_wconf 75' lang='grc' dir='ltr'><strong>διά</strong></span> <span class='ocrx_word' id='word_1_16' title='bbox 1148 507 1240 569; x_wconf 81' lang='grc' dir='ltr'><strong><em>τοῦτο</em></strong></span> <span class='ocrx_word' id='word_1_17' title='bbox 1267 524 1293 569; x_wconf 80' lang='grc' dir='ltr'><strong>τε</strong></span> 
     </span>
     <span class='ocr_line' id='line_1_4' title="bbox 147 605 1293 695; baseline 0.005 -26"><span class='ocrx_word' id='word_1_18' title='bbox 147 605 285 673; x_wconf 89' lang='lat' dir='ltr'><strong>nendum</strong></span> <span class='ocrx_word' id='word_1_19' title='bbox 322 627 377 690; x_wconf 91' lang='lat' dir='ltr'><strong>pro</strong></span> <span class='ocrx_word' id='word_1_20' title='bbox 414 607 463 671; x_wconf 78' lang='grc' dir='ltr'><strong>διά</strong></span> <span class='ocrx_word' id='word_1_21' title='bbox 500 606 658 671; x_wconf 81' lang='grc' dir='ltr'><strong><em>τούτων.</em></strong></span> <span class='ocrx_word' id='word_1_22' title='bbox 707 605 768 672; x_wconf 87' lang='lat' dir='ltr'><strong>Sed</strong></span> <span class='ocrx_word' id='word_1_23' title='bbox 790 608 875 674; x_wconf 81' lang='lat' dir='ltr'><strong>levis</strong></span> <span class='ocrx_word' id='word_1_24' title='bbox 898 609 974 674; x_wconf 83' lang='lat' dir='ltr'><strong>haec</strong></span> <span class='ocrx_word' id='word_1_25' title='bbox 1003 616 1088 675; x_wconf 90' lang='lat' dir='ltr'><strong>sunt.</strong></span> <span class='ocrx_word' id='word_1_26' title='bbox 1135 609 1174 675; x_wconf 92' lang='lat' dir='ltr'><strong>In</strong></span> <span class='ocrx_word' id='word_1_27' title='bbox 1197 612 1240 675; x_wconf 88' lang='lat' dir='ltr'><strong>iis</strong></span> <span class='ocrx_word' id='word_1_28' title='bbox 1261 629 1293 695; x_wconf 85' lang='lat' dir='ltr'><strong>qr</strong></span> 
     </span>
     <span class='ocr_line' id='line_1_5' title="bbox 147 711 1293 800; baseline 0.005 -24"><span class='ocrx_word' id='word_1_29' title='bbox 147 715 256 777; x_wconf 84' lang='lat' dir='ltr'><strong>stetim</strong></span> <span class='ocrx_word' id='word_1_30' title='bbox 287 713 541 800; x_wconf 83' lang='lat' dir='ltr'><strong>subiunguntur:</strong></span> <span class='ocrx_word' id='word_1_31' title='bbox 579 711 674 777; x_wconf 76' lang='lat' dir='ltr'><strong>ercisc</strong></span> <span class='ocrx_word' id='word_1_32' title='bbox 704 712 743 790; x_wconf 69' lang='lat' dir='ltr'><strong>„d</strong></span> <span class='ocrx_word' id='word_1_33' title='bbox 768 715 802 779; x_wconf 75' lang='lat' dir='ltr'><strong>li</strong></span> <span class='ocrx_word' id='word_1_34' title='bbox 825 715 966 795; x_wconf 85' lang='grc' dir='ltr'><strong><em>ἀλιτρόν”</em></strong></span> <span class='ocrx_word' id='word_1_35' title='bbox 989 714 1063 780; x_wconf 82' lang='grc' dir='ltr'><strong><em>όντοι</em></strong></span> <span class='ocrx_word' id='word_1_36' title='bbox 1087 715 1182 800; x_wconf 80' lang='lat' dir='ltr'><strong>plens</strong></span> <span class='ocrx_word' id='word_1_37' title='bbox 1204 735 1293 782; x_wconf 77' lang='lat' dir='ltr'><strong>nont</strong></span> 
     </span>
     <span class='ocr_line' id='line_1_6' title="bbox 146 819 1293 907; baseline 0.004 -24"><span class='ocrx_word' id='word_1_38' title='bbox 146 839 259 904; x_wconf 89' lang='lat' dir='ltr'><strong>sequor</strong></span> <span class='ocrx_word' id='word_1_39' title='bbox 283 819 366 884; x_wconf 88' lang='lat' dir='ltr'><strong>unde</strong></span> <span class='ocrx_word' id='word_1_40' title='bbox 390 820 563 884; x_wconf 85' lang='lat' dir='ltr'><strong>accusativi</strong></span> <span class='ocrx_word' id='word_1_41' title='bbox 586 820 751 903; x_wconf 76' lang='lat' dir='ltr'>pendeant.</span> <span class='ocrx_word' id='word_1_42' title='bbox 800 821 881 886; x_wconf 82' lang='lat' dir='ltr'><strong>Nem</strong></span> <span class='ocrx_word' id='word_1_43' title='bbox 907 842 959 887; x_wconf 90' lang='lat' dir='ltr'><strong>eos</strong></span> <span class='ocrx_word' id='word_1_44' title='bbox 982 842 1084 906; x_wconf 89' lang='lat' dir='ltr'><strong>neque</strong></span> <span class='ocrx_word' id='word_1_45' title='bbox 1104 842 1122 886; x_wconf 86' lang='lat' dir='ltr'><strong>s</strong></span> <span class='ocrx_word' id='word_1_46' title='bbox 1142 821 1293 907; x_wconf 74' lang='lat' dir='ltr'><strong>praecedo</strong></span> 
     </span>
     <span class='ocr_line' id='line_1_7' title="bbox 148 924 1293 1012; baseline 0.005 -24"><span class='ocrx_word' id='word_1_47' title='bbox 148 925 254 991; x_wconf 76' lang='grc' dir='ltr'><strong><em>ἰδοῡτοο</em></strong></span> <span class='ocrx_word' id='word_1_48' title='bbox 278 928 347 1012; x_wconf 83' lang='lat' dir='ltr'><strong>regi</strong></span> <span class='ocrx_word' id='word_1_49' title='bbox 371 946 472 1011; x_wconf 91' lang='lat' dir='ltr'><strong>neque</strong></span> <span class='ocrx_word' id='word_1_50' title='bbox 496 927 535 990; x_wconf 86' lang='lat' dir='ltr'><strong>eb</strong></span> <span class='ocrx_word' id='word_1_51' title='bbox 560 924 734 1004; x_wconf 76' lang='grc' dir='ltr'><strong><em>ἔξνγνότοιτο</em></strong></span> <span class='ocrx_word' id='word_1_52' title='bbox 760 930 961 1012; x_wconf 89' lang='lat' dir='ltr'><strong>perspicuum</strong></span> <span class='ocrx_word' id='word_1_53' title='bbox 986 936 1034 993; x_wconf 91' lang='lat' dir='ltr'><strong>est</strong></span> <span class='ocrx_word' id='word_1_54' title='bbox 1057 934 1090 993; x_wconf 88' lang='lat' dir='ltr'><strong>et</strong></span> <span class='ocrx_word' id='word_1_55' title='bbox 1112 928 1219 994; x_wconf 89' lang='lat' dir='ltr'><strong>multo</strong></span> <span class='ocrx_word' id='word_1_56' title='bbox 1244 929 1293 996; x_wconf 84' lang='lat' dir='ltr'><strong>eth</strong></span> 
     </span>
     <span class='ocr_line' id='line_1_8' title="bbox 147 1032 1293 1117; baseline 0.006 -22"><span class='ocrx_word' id='word_1_57' title='bbox 147 1034 254 1096; x_wconf 89' lang='lat' dir='ltr'><strong>minus</strong></span> <span class='ocrx_word' id='word_1_58' title='bbox 291 1053 309 1096; x_wconf 86' lang='lat' dir='ltr'><strong>s</strong></span> <span class='ocrx_word' id='word_1_59' title='bbox 344 1033 440 1096; x_wconf 86' lang='lat' dir='ltr'><strong>uerbo</strong></span> <span class='ocrx_word' id='word_1_60' title='bbox 474 1032 561 1109; x_wconf 82' lang='grc' dir='ltr'><strong><em>λέγει</em></strong></span> <span class='ocrx_word' id='word_1_61' title='bbox 596 1033 793 1117; x_wconf 87' lang='lat' dir='ltr'><strong>pendebunt,</strong></span> <span class='ocrx_word' id='word_1_62' title='bbox 827 1037 917 1099; x_wconf 88' lang='lat' dir='ltr'><strong>cuius</strong></span> <span class='ocrx_word' id='word_1_63' title='bbox 943 1034 1123 1100; x_wconf 90' lang='lat' dir='ltr'><strong>subiectum</strong></span> <span class='ocrx_word' id='word_1_64' title='bbox 1149 1055 1210 1100; x_wconf 91' lang='lat' dir='ltr'><strong>non</strong></span> <span class='ocrx_word' id='word_1_65' title='bbox 1234 1054 1293 1102; x_wconf 76' lang='lat' dir='ltr'><strong>eser</strong></span> 
     </span>
     <span class='ocr_line' id='line_1_9' title="bbox 148 1136 1293 1224; baseline 0.003 -22"><span class='ocrx_word' id='word_1_66' title='bbox 148 1136 287 1216; x_wconf 78' lang='grc' dir='ltr'><strong><em>Κοιλνφὼ</em></strong></span> <span class='ocrx_word' id='word_1_67' title='bbox 323 1137 377 1202; x_wconf 91' lang='lat' dir='ltr'><strong>sed</strong></span> <span class='ocrx_word' id='word_1_68' title='bbox 408 1140 421 1200; x_wconf 84' lang='grc' dir='ltr'><strong><em>ό</em></strong></span> <span class='ocrx_word' id='word_1_69' title='bbox 455 1141 580 1212; x_wconf 71' lang='grc' dir='ltr'><strong><em>ποιητὴς</em></strong></span> <span class='ocrx_word' id='word_1_70' title='bbox 613 1141 668 1224; x_wconf 91' lang='lat' dir='ltr'><strong>qui</strong></span> <span class='ocrx_word' id='word_1_71' title='bbox 700 1139 915 1224; x_wconf 84' lang='lat' dir='ltr'><strong>Porphyrium</strong></span> <span class='ocrx_word' id='word_1_72' title='bbox 948 1141 1026 1205; x_wconf 87' lang='lat' dir='ltr'><strong>bene</strong></span> <span class='ocrx_word' id='word_1_73' title='bbox 1049 1148 1209 1207; x_wconf 79' lang='lat' dir='ltr'><strong>noverunt</strong></span> <span class='ocrx_word' id='word_1_74' title='bbox 1231 1148 1293 1207; x_wconf 77' lang='lat' dir='ltr'><strong>stet</strong></span> 
     </span>
     <span class='ocr_line' id='line_1_10' title="bbox 147 1242 1293 1329; baseline 0.005 -21"><span class='ocrx_word' id='word_1_75' title='bbox 147 1242 347 1309; x_wconf 84' lang='lat' dir='ltr'><strong>concedunt·</strong></span> <span class='ocrx_word' id='word_1_76' title='bbox 379 1243 471 1308; x_wconf 90' lang='lat' dir='ltr'><strong>Nihil</strong></span> <span class='ocrx_word' id='word_1_77' title='bbox 501 1247 608 1329; x_wconf 88' lang='lat' dir='ltr'><strong>itsque</strong></span> <span class='ocrx_word' id='word_1_78' title='bbox 640 1244 848 1329; x_wconf 80' lang='lat' dir='ltr'><strong>relinquitur,</strong></span> <span class='ocrx_word' id='word_1_79' title='bbox 882 1248 943 1310; x_wconf 91' lang='lat' dir='ltr'><strong>nisi</strong></span> <span class='ocrx_word' id='word_1_80' title='bbox 967 1253 1004 1310; x_wconf 92' lang='lat' dir='ltr'><strong>ut</strong></span> <span class='ocrx_word' id='word_1_81' title='bbox 1028 1248 1163 1313; x_wconf 83' lang='lat' dir='ltr'><strong>verbum</strong></span> <span class='ocrx_word' id='word_1_82' title='bbox 1188 1248 1293 1315; x_wconf 86' lang='lat' dir='ltr'><strong>excidi</strong></span> 
     </span>
     <span class='ocr_line' id='line_1_11' title="bbox 147 1346 1293 1439; baseline 0.008 -26"><span class='ocrx_word' id='word_1_83' title='bbox 147 1354 342 1413; x_wconf 73' lang='lat' dir='ltr'><strong>statuamus:</strong></span> <span class='ocrx_word' id='word_1_84' title='bbox 367 1348 462 1413; x_wconf 79' lang='grc' dir='ltr'><strong><em>πόλιν</em></strong></span> <span class='ocrx_word' id='word_1_85' title='bbox 488 1346 526 1425; x_wconf 68' lang='lat' dir='ltr'><strong>„d</strong></span> <span class='ocrx_word' id='word_1_86' title='bbox 550 1350 584 1423; x_wconf 71' lang='lat' dir='ltr'><strong>hi</strong></span> <span class='ocrx_word' id='word_1_87' title='bbox 610 1350 749 1427; x_wconf 78' lang='grc' dir='ltr'><strong><em>ἀλιτρὸν”</em></strong></span> <span class='ocrx_word' id='word_1_88' title='bbox 774 1350 848 1414; x_wconf 68' lang='lat' dir='ltr'><strong>tire</strong></span> <span class='ocrx_word' id='word_1_89' title='bbox 872 1353 1104 1439; x_wconf 77' lang='grc' dir='ltr'><strong>(προσεῖπε).</strong></span> <span class='ocrx_word' id='word_1_90' title='bbox 1143 1352 1206 1420; x_wconf 79' lang='lat' dir='ltr'><strong>Vel</strong></span> <span class='ocrx_word' id='word_1_91' title='bbox 1226 1359 1293 1421; x_wconf 73' lang='lat' dir='ltr'><strong>osrh&#39;</strong></span> 
     </span>
     <span class='ocr_line' id='line_1_12' title="bbox 148 1457 1293 1549; baseline 0.005 -29"><span class='ocrx_word' id='word_1_92' title='bbox 148 1461 195 1520; x_wconf 91' lang='lat' dir='ltr'><strong>est</strong></span> <span class='ocrx_word' id='word_1_93' title='bbox 226 1458 260 1519; x_wconf 88' lang='lat' dir='ltr'><strong>in</strong></span> <span class='ocrx_word' id='word_1_94' title='bbox 293 1459 436 1540; x_wconf 81' lang='lat' dir='ltr'><strong>proxime</strong></span> <span class='ocrx_word' id='word_1_95' title='bbox 460 1457 665 1541; x_wconf 80' lang='lat' dir='ltr'><strong>sequentibus</strong></span> <span class='ocrx_word' id='word_1_96' title='bbox 688 1458 780 1541; x_wconf 81' lang='lat' dir='ltr'><strong>pluro</strong></span> <span class='ocrx_word' id='word_1_97' title='bbox 803 1458 967 1522; x_wconf 84' lang='lat' dir='ltr'><strong>excidisse.</strong></span> <span class='ocrx_word' id='word_1_98' title='bbox 1015 1458 1107 1523; x_wconf 88' lang='lat' dir='ltr'><strong>Nihil</strong></span> <span class='ocrx_word' id='word_1_99' title='bbox 1130 1462 1217 1525; x_wconf 87' lang='lat' dir='ltr'><strong>euim</strong></span> <span class='ocrx_word' id='word_1_100' title='bbox 1241 1463 1293 1549; x_wconf 75' lang='lat' dir='ltr'><strong>sig</strong></span> 
     </span>
     <span class='ocr_line' id='line_1_13' title="bbox 146 1557 1293 1643; baseline 0.007 -19"><span class='ocrx_word' id='word_1_101' title='bbox 146 1559 237 1626; x_wconf 86' lang='lat' dir='ltr'><strong>ficet:</strong></span> <span class='ocrx_word' id='word_1_102' title='bbox 271 1568 333 1632; x_wconf 76' lang='grc' dir='ltr'><strong>πῶς</strong></span> <span class='ocrx_word' id='word_1_103' title='bbox 366 1557 414 1626; x_wconf 80' lang='grc' dir='ltr'><strong>οὖν</strong></span> <span class='ocrx_word' id='word_1_104' title='bbox 438 1564 560 1641; x_wconf 88' lang='grc' dir='ltr'><strong><em>ἀλιτρός</em></strong></span> <span class='ocrx_word' id='word_1_105' title='bbox 586 1586 621 1626; x_wconf 84' lang='grc' dir='ltr'><strong>τε</strong></span> <span class='ocrx_word' id='word_1_106' title='bbox 645 1566 659 1625; x_wconf 88' lang='lat' dir='ltr'><strong>c&#39;</strong></span> <span class='ocrx_word' id='word_1_107' title='bbox 684 1563 775 1634; x_wconf 78' lang='grc' dir='ltr'><strong><em>αὐτὸς</em></strong></span> <span class='ocrx_word' id='word_1_108' title='bbox 801 1565 852 1626; x_wconf 75' lang='lat' dir='ltr'><strong>xci</strong></span> <span class='ocrx_word' id='word_1_109' title='bbox 878 1565 1048 1643; x_wconf 70' lang='grc' dir='ltr'><strong><em>ἀποφώλιοι</em></strong></span> <span class='ocrx_word' id='word_1_110' title='bbox 1074 1565 1187 1637; x_wconf 74' lang='grc' dir='ltr'><strong><em>εόόότος</em></strong></span> <span class='ocrx_word' id='word_1_111' title='bbox 1210 1567 1293 1632; x_wconf 70' lang='lat' dir='ltr'><strong>reale</strong></span> 
     </span>
     <span class='ocr_line' id='line_1_14' title="bbox 146 1668 1293 1759; baseline 0.008 -29"><span class='ocrx_word' id='word_1_112' title='bbox 146 1668 281 1749; x_wconf 79' lang='grc' dir='ltr'><strong><em>ἀγχόνον</em></strong></span> <span class='ocrx_word' id='word_1_113' title='bbox 303 1668 354 1732; x_wconf 69' lang='lat' dir='ltr'><strong>ecl</strong></span> <span class='ocrx_word' id='word_1_114' title='bbox 377 1669 559 1752; x_wconf 72' lang='grc' dir='ltr'><strong><em>ἐχέφρονοςς</em></strong></span> <span class='ocrx_word' id='word_1_115' title='bbox 583 1670 698 1754; x_wconf 88' lang='lat' dir='ltr'><strong>quibus</strong></span> <span class='ocrx_word' id='word_1_116' title='bbox 718 1671 751 1733; x_wconf 92' lang='lat' dir='ltr'><strong>in</strong></span> <span class='ocrx_word' id='word_1_117' title='bbox 772 1670 893 1745; x_wconf 83' lang='lat' dir='ltr'><strong>verbis,</strong></span> <span class='ocrx_word' id='word_1_118' title='bbox 915 1690 954 1734; x_wconf 85' lang='lat' dir='ltr'><strong>ne</strong></span> <span class='ocrx_word' id='word_1_119' title='bbox 974 1677 1114 1736; x_wconf 79' lang='lat' dir='ltr'><strong>caeteros</strong></span> <span class='ocrx_word' id='word_1_120' title='bbox 1134 1675 1293 1759; x_wconf 74' lang='lat' dir='ltr'><strong>gravissim</strong></span> 
     </span>
     <span class='ocr_line' id='line_1_15' title="bbox 145 1773 1293 1863; baseline 0.007 -26"><span class='ocrx_word' id='word_1_121' title='bbox 145 1773 308 1838; x_wconf 86' lang='lat' dir='ltr'><strong>molestius</strong></span> <span class='ocrx_word' id='word_1_122' title='bbox 333 1795 528 1850; x_wconf 77' lang='lat' dir='ltr'><strong>recenseam,</strong></span> <span class='ocrx_word' id='word_1_123' title='bbox 553 1776 693 1860; x_wconf 81' lang='lat' dir='ltr'><strong>genetivi</strong></span> <span class='ocrx_word' id='word_1_124' title='bbox 719 1781 845 1858; x_wconf 87' lang='lat' dir='ltr'><strong>repente</strong></span> <span class='ocrx_word' id='word_1_125' title='bbox 864 1778 925 1839; x_wconf 91' lang='lat' dir='ltr'><strong>orti</strong></span> <span class='ocrx_word' id='word_1_126' title='bbox 945 1776 1068 1840; x_wconf 85' lang='lat' dir='ltr'><strong>nullum</strong></span> <span class='ocrx_word' id='word_1_127' title='bbox 1090 1777 1293 1863; x_wconf 73' lang='lat' dir='ltr'><strong>explicatione</strong></span> 
     </span>
     <span class='ocr_line' id='line_1_16' title="bbox 146 1879 1293 1966; baseline 0.006 -22"><span class='ocrx_word' id='word_1_128' title='bbox 146 1881 331 1944; x_wconf 77' lang='lat' dir='ltr'><strong>admittunt.</strong></span> <span class='ocrx_word' id='word_1_129' title='bbox 379 1879 450 1964; x_wconf 78' lang='lat' dir='ltr'><strong>Ipse</strong></span> <span class='ocrx_word' id='word_1_130' title='bbox 485 1881 580 1944; x_wconf 84' lang='lat' dir='ltr'><strong>verbe</strong></span> <span class='ocrx_word' id='word_1_131' title='bbox 615 1887 772 1963; x_wconf 81' lang='lat' dir='ltr'><strong>proestare</strong></span> <span class='ocrx_word' id='word_1_132' title='bbox 808 1881 890 1945; x_wconf 91' lang='lat' dir='ltr'><strong>velle</strong></span> <span class='ocrx_word' id='word_1_133' title='bbox 926 1902 1005 1965; x_wconf 89' lang='lat' dir='ltr'><strong>queo</strong></span> <span class='ocrx_word' id='word_1_134' title='bbox 1047 1886 1229 1966; x_wconf 86' lang='lat' dir='ltr'><strong>perierunt.</strong></span> <span class='ocrx_word' id='word_1_135' title='bbox 1269 1890 1293 1952; x_wconf 86' lang='lat' dir='ltr'><strong>si</strong></span> 
     </span>
     <span class='ocr_line' id='line_1_17' title="bbox 147 1986 1293 2076; baseline 0.006 -26"><span class='ocrx_word' id='word_1_136' title='bbox 147 1987 292 2051; x_wconf 90' lang='lat' dir='ltr'><strong>codicum</strong></span> <span class='ocrx_word' id='word_1_137' title='bbox 317 2007 375 2070; x_wconf 90' lang='lat' dir='ltr'><strong>ope</strong></span> <span class='ocrx_word' id='word_1_138' title='bbox 399 1986 554 2050; x_wconf 85' lang='lat' dir='ltr'><strong>insanium</strong></span> <span class='ocrx_word' id='word_1_139' title='bbox 580 1989 744 2058; x_wconf 83' lang='lat' dir='ltr'><strong>existimo,</strong></span> <span class='ocrx_word' id='word_1_140' title='bbox 769 1990 924 2051; x_wconf 86' lang='lat' dir='ltr'><strong>sententis</strong></span> <span class='ocrx_word' id='word_1_141' title='bbox 947 1987 1040 2052; x_wconf 81' lang='lat' dir='ltr'><strong>facile</strong></span> <span class='ocrx_word' id='word_1_142' title='bbox 1064 1992 1192 2055; x_wconf 84' lang='lat' dir='ltr'><strong>restitui</strong></span> <span class='ocrx_word' id='word_1_143' title='bbox 1205 1998 1293 2076; x_wconf 77' lang='lat' dir='ltr'><strong>potori</strong></span> 
     </span>
     <span class='ocr_line' id='line_1_18' title="bbox 147 2092 1293 2185; baseline 0.006 -29"><span class='ocrx_word' id='word_1_144' title='bbox 147 2093 202 2157; x_wconf 93' lang='lat' dir='ltr'><strong>uhi</strong></span> <span class='ocrx_word' id='word_1_145' title='bbox 234 2094 554 2157; x_wconf 83' lang='lat' dir='ltr'><strong>animaduerterimus</strong></span> <span class='ocrx_word' id='word_1_146' title='bbox 586 2092 739 2156; x_wconf 80' lang='lat' dir='ltr'><strong>excidisse</strong></span> <span class='ocrx_word' id='word_1_147' title='bbox 767 2092 800 2156; x_wconf 92' lang='lat' dir='ltr'><strong>id</strong></span> <span class='ocrx_word' id='word_1_148' title='bbox 832 2093 913 2176; x_wconf 90' lang='lat' dir='ltr'><strong>quod</strong></span> <span class='ocrx_word' id='word_1_149' title='bbox 939 2096 984 2158; x_wconf 92' lang='lat' dir='ltr'><strong>rei</strong></span> <span class='ocrx_word' id='word_1_150' title='bbox 1009 2103 1105 2180; x_wconf 85' lang='lat' dir='ltr'><strong>ceput</strong></span> <span class='ocrx_word' id='word_1_151' title='bbox 1129 2106 1195 2174; x_wconf 90' lang='lat' dir='ltr'><strong>est,</strong></span> <span class='ocrx_word' id='word_1_152' title='bbox 1219 2100 1293 2185; x_wconf 80' lang='lat' dir='ltr'><strong>signi</strong></span> 
     </span>
     <span class='ocr_line' id='line_1_19' title="bbox 146 2198 1293 2283; baseline 0.007 -21"><span class='ocrx_word' id='word_1_153' title='bbox 146 2200 300 2263; x_wconf 81' lang='lat' dir='ltr'><strong>ostionem</strong></span> <span class='ocrx_word' id='word_1_154' title='bbox 332 2198 417 2267; x_wconf 85' lang='lat' dir='ltr'><strong>dico,</strong></span> <span class='ocrx_word' id='word_1_155' title='bbox 451 2219 546 2282; x_wconf 86' lang='lat' dir='ltr'><strong>quarn</strong></span> <span class='ocrx_word' id='word_1_156' title='bbox 580 2198 776 2283; x_wconf 85' lang='lat' dir='ltr'><strong>Porphyrius</strong></span> <span class='ocrx_word' id='word_1_157' title='bbox 812 2200 915 2263; x_wconf 85' lang='lat' dir='ltr'><strong>verbis</strong></span> <span class='ocrx_word' id='word_1_158' title='bbox 939 2202 990 2264; x_wconf 77' lang='grc' dir='ltr'><strong>οὐκ</strong></span> <span class='ocrx_word' id='word_1_159' title='bbox 1015 2199 1189 2282; x_wconf 72' lang='grc' dir='ltr'><strong><em>ἀποφώλια</em></strong></span> <span class='ocrx_word' id='word_1_160' title='bbox 1212 2203 1293 2270; x_wconf 78' lang='lat' dir='ltr'><strong>subet</strong></span> 
     </span>
     <span class='ocr_line' id='line_1_20' title="bbox 146 2303 1293 2388; baseline 0.005 -20"><span class='ocrx_word' id='word_1_161' title='bbox 146 2305 275 2369; x_wconf 87' lang='lat' dir='ltr'><strong>iudicet.</strong></span> <span class='ocrx_word' id='word_1_162' title='bbox 324 2303 447 2388; x_wconf 88' lang='lat' dir='ltr'><strong>Nempe</strong></span> <span class='ocrx_word' id='word_1_163' title='bbox 481 2307 514 2367; x_wconf 93' lang='lat' dir='ltr'><strong>in</strong></span> <span class='ocrx_word' id='word_1_164' title='bbox 550 2303 634 2368; x_wconf 88' lang='lat' dir='ltr'><strong>hune</strong></span> <span class='ocrx_word' id='word_1_165' title='bbox 664 2304 794 2368; x_wconf 91' lang='lat' dir='ltr'><strong>modum</strong></span> <span class='ocrx_word' id='word_1_166' title='bbox 824 2309 978 2370; x_wconf 86' lang='lat' dir='ltr'><strong>sententis</strong></span> <span class='ocrx_word' id='word_1_167' title='bbox 1010 2310 1225 2376; x_wconf 85' lang='lat' dir='ltr'><strong>concinuuuds</strong></span> <span class='ocrx_word' id='word_1_168' title='bbox 1251 2308 1293 2374; x_wconf 87' lang='lat' dir='ltr'><strong>mil</strong></span> 
     </span>
     <span class='ocr_line' id='line_1_21' title="bbox 145 2405 1293 2499; baseline 0.003 -22"><span class='ocrx_word' id='word_1_169' title='bbox 145 2412 288 2477; x_wconf 86' lang='lat' dir='ltr'><strong>videtur:</strong></span> <span class='ocrx_word' id='word_1_170' title='bbox 314 2413 376 2480; x_wconf 76' lang='grc' dir='ltr'><strong>πῶς</strong></span> <span class='ocrx_word' id='word_1_171' title='bbox 402 2405 450 2473; x_wconf 83' lang='grc' dir='ltr'><strong>οὖν</strong></span> <span class='ocrx_word' id='word_1_172' title='bbox 475 2409 598 2486; x_wconf 76' lang='grc' dir='ltr'><strong><em>ἀλιτρός</em></strong></span> <span class='ocrx_word' id='word_1_173' title='bbox 619 2433 653 2472; x_wconf 86' lang='grc' dir='ltr'><strong>τε</strong></span> <span class='ocrx_word' id='word_1_174' title='bbox 675 2408 689 2470; x_wconf 86' lang='grc' dir='ltr'><strong><em>ό</em></strong></span> <span class='ocrx_word' id='word_1_175' title='bbox 710 2411 802 2480; x_wconf 73' lang='grc' dir='ltr'><strong><em>αὐτὸς</em></strong></span> <span class='ocrx_word' id='word_1_176' title='bbox 823 2411 876 2472; x_wconf 70' lang='grc' dir='ltr'><strong>καὶ</strong></span> <span class='ocrx_word' id='word_1_177' title='bbox 897 2412 990 2496; x_wconf 83' lang='grc' dir='ltr'><strong><em>(οὐκ)</em></strong></span> <span class='ocrx_word' id='word_1_178' title='bbox 1004 2411 1293 2499; x_wconf 63' lang='grc' dir='ltr'><strong><em>ἀτοφοόλιοιφόόόι</em></strong></span> 
     </span>
     <span class='ocr_line' id='line_1_22' title="bbox 145 2514 1291 2594; baseline 0.004 -16"><span class='ocrx_word' id='word_1_179' title='bbox 145 2522 184 2582; x_wconf 84' lang='grc' dir='ltr'><strong>τὸ</strong></span> <span class='ocrx_word' id='word_1_180' title='bbox 220 2519 295 2594; x_wconf 88' lang='grc' dir='ltr'><strong>γάρ</strong></span> <span class='ocrx_word' id='word_1_181' title='bbox 332 2520 420 2592; x_wconf 78' lang='lat' dir='ltr'><strong>„cdx</strong></span> <span class='ocrx_word' id='word_1_182' title='bbox 450 2514 694 2594; x_wconf 78' lang='grc' dir='ltr'><strong><em>ἀτοφόλιοι”</em></strong></span> <span class='ocrx_word' id='word_1_183' title='bbox 728 2523 863 2591; x_wconf 72' lang='grc' dir='ltr'><strong><em>σοφῶς</em></strong></span> <span class='ocrx_word' id='word_1_184' title='bbox 897 2519 1062 2581; x_wconf 85' lang='grc' dir='ltr'><strong><em>τόόετοιι</em></strong></span> <span class='ocrx_word' id='word_1_185' title='bbox 1089 2520 1157 2584; x_wconf 75' lang='grc' dir='ltr'><strong>ἐπὶ</strong></span> <span class='ocrx_word' id='word_1_186' title='bbox 1183 2520 1291 2586; x_wconf 82' lang='grc' dir='ltr'><strong><em>τοῦιό</em></strong></span> 
     </span>
     <span class='ocr_line' id='line_1_23' title="bbox 146 2621 1293 2705; baseline 0.001 -18"><span class='ocrx_word' id='word_1_187' title='bbox 146 2625 392 2688; x_wconf 73' lang='grc' dir='ltr'><strong><em>ἀττάίδευτοοι</em></strong></span> <span class='ocrx_word' id='word_1_188' title='bbox 432 2621 540 2691; x_wconf 76' lang='grc' dir='ltr'><strong><em>εἰδότος</em></strong></span> <span class='ocrx_word' id='word_1_189' title='bbox 580 2624 630 2684; x_wconf 79' lang='lat' dir='ltr'><strong>ucri</strong></span> <span class='ocrx_word' id='word_1_190' title='bbox 667 2628 719 2684; x_wconf 81' lang='grc' dir='ltr'><strong>τοῦ</strong></span> <span class='ocrx_word' id='word_1_191' title='bbox 754 2625 887 2701; x_wconf 78' lang='grc' dir='ltr'><strong><em>ἀγχίνοι)</em></strong></span> <span class='ocrx_word' id='word_1_192' title='bbox 923 2627 974 2687; x_wconf 80' lang='grc' dir='ltr'><strong><em>κιο)</em></strong></span> <span class='ocrx_word' id='word_1_193' title='bbox 1012 2627 1192 2705; x_wconf 74' lang='grc' dir='ltr'><strong><em>ἐχέφρονος,</em></strong></span> <span class='ocrx_word' id='word_1_194' title='bbox 1228 2638 1255 2692; x_wconf 84' lang='lat' dir='ltr'><strong>et</strong></span> <span class='ocrx_word' id='word_1_195' title='bbox 1278 2627 1293 2689; x_wconf 84' lang='lat' dir='ltr'><strong>si</strong></span> 
     </span>
     <span class='ocr_line' id='line_1_24' title="bbox 146 2728 1293 2814; baseline -0.003 -18"><span class='ocrx_word' id='word_1_196' title='bbox 146 2735 253 2797; x_wconf 86' lang='lat' dir='ltr'><strong>omnis</strong></span> <span class='ocrx_word' id='word_1_197' title='bbox 284 2738 391 2814; x_wconf 81' lang='lat' dir='ltr'><strong>operte</strong></span> <span class='ocrx_word' id='word_1_198' title='bbox 423 2735 529 2793; x_wconf 89' lang='lat' dir='ltr'><strong>eruut.</strong></span> <span class='ocrx_word' id='word_1_199' title='bbox 566 2730 658 2790; x_wconf 86' lang='lat' dir='ltr'><strong>utin</strong></span> <span class='ocrx_word' id='word_1_200' title='bbox 684 2728 1015 2814; x_wconf 88' lang='lat' dir='ltr'><strong>Porphyrioscilicet.</strong></span> <span class='ocrx_word' id='word_1_201' title='bbox 1064 2731 1164 2798; x_wconf 86' lang='lat' dir='ltr'><strong>Recte</strong></span> <span class='ocrx_word' id='word_1_202' title='bbox 1189 2756 1236 2800; x_wconf 95' lang='lat' dir='ltr'><strong>me</strong></span> <span class='ocrx_word' id='word_1_203' title='bbox 1255 2733 1293 2796; x_wconf 85' lang='lat' dir='ltr'><strong>Por</strong></span> 
     </span>
     <span class='ocr_line' id='line_1_25' title="bbox 145 2834 1293 2925; baseline -0.001 -23"><span class='ocrx_word' id='word_1_204' title='bbox 145 2840 252 2923; x_wconf 86' lang='lat' dir='ltr'><strong>phyrii</strong></span> <span class='ocrx_word' id='word_1_205' title='bbox 276 2844 416 2900; x_wconf 85' lang='lat' dir='ltr'><strong>merrtem</strong></span> <span class='ocrx_word' id='word_1_206' title='bbox 441 2837 574 2918; x_wconf 79' lang='lat' dir='ltr'><strong>cepisse.</strong></span> <span class='ocrx_word' id='word_1_207' title='bbox 598 2834 859 2898; x_wconf 77' lang='lat' dir='ltr'><strong>demonstrabunt</strong></span> <span class='ocrx_word' id='word_1_208' title='bbox 879 2845 910 2900; x_wconf 88' lang='lat' dir='ltr'><strong>et</strong></span> <span class='ocrx_word' id='word_1_209' title='bbox 930 2858 1010 2920; x_wconf 88' lang='lat' dir='ltr'><strong>queo</strong></span> <span class='ocrx_word' id='word_1_210' title='bbox 1029 2846 1100 2922; x_wconf 91' lang='lat' dir='ltr'><strong>post</strong></span> <span class='ocrx_word' id='word_1_211' title='bbox 1120 2860 1219 2924; x_wconf 82' lang='lat' dir='ltr'><strong>peuce</strong></span> <span class='ocrx_word' id='word_1_212' title='bbox 1232 2834 1293 2925; x_wconf 80' lang='lat' dir='ltr'><strong>(lli</strong></span> 
     </span>
     <span class='ocr_line' id='line_1_26' title="bbox 146 2940 1293 3033; baseline 0 -25"><span class='ocrx_word' id='word_1_213' title='bbox 146 2950 177 3008; x_wconf 90' lang='lat' dir='ltr'><strong>in</strong></span> <span class='ocrx_word' id='word_1_214' title='bbox 210 2947 277 3027; x_wconf 85' lang='lat' dir='ltr'><strong>ipsa</strong></span> <span class='ocrx_word' id='word_1_215' title='bbox 309 2943 523 3025; x_wconf 82' lang='lat' dir='ltr'><strong>disputatione</strong></span> <span class='ocrx_word' id='word_1_216' title='bbox 558 2940 761 3011; x_wconf 68' lang='lat' dir='ltr'><strong>sollemnior,</strong></span> <span class='ocrx_word' id='word_1_217' title='bbox 794 2947 826 3003; x_wconf 88' lang='lat' dir='ltr'><strong>et</strong></span> <span class='ocrx_word' id='word_1_218' title='bbox 857 2951 1003 3033; x_wconf 76' lang='lat' dir='ltr'><strong>excerpta</strong></span> <span class='ocrx_word' id='word_1_219' title='bbox 1037 2966 1117 3029; x_wconf 83' lang='lat' dir='ltr'><strong>quse</strong></span> <span class='ocrx_word' id='word_1_220' title='bbox 1150 2943 1293 3011; x_wconf 78' lang='lat' dir='ltr'><strong>incestui</strong></span> 
     </span>
     <span class='ocr_line' id='line_1_27' title="bbox 146 3045 1293 3132; baseline -0.003 -17"><span class='ocrx_word' id='word_1_221' title='bbox 146 3051 306 3115; x_wconf 88' lang='lat' dir='ltr'><strong>codicibus</strong></span> <span class='ocrx_word' id='word_1_222' title='bbox 329 3056 465 3111; x_wconf 81' lang='lat' dir='ltr'><strong>estatem</strong></span> <span class='ocrx_word' id='word_1_223' title='bbox 490 3045 640 3109; x_wconf 87' lang='lat' dir='ltr'><strong>tulerunt.</strong></span> <span class='ocrx_word' id='word_1_224' title='bbox 680 3046 820 3124; x_wconf 79' lang='lat' dir='ltr'><strong>Quorum</strong></span> <span class='ocrx_word' id='word_1_225' title='bbox 845 3046 953 3126; x_wconf 80' lang='lat' dir='ltr'><strong>HPQ:</strong></span> <span class='ocrx_word' id='word_1_226' title='bbox 979 3057 1041 3119; x_wconf 82' lang='grc' dir='ltr'><strong>πῶς</strong></span> <span class='ocrx_word' id='word_1_227' title='bbox 1062 3048 1128 3127; x_wconf 80' lang='grc' dir='ltr'><strong><em>οὖν,</em></strong></span> <span class='ocrx_word' id='word_1_228' title='bbox 1153 3053 1293 3132; x_wconf 82' lang='grc' dir='ltr'><strong><em>ἀμοιρτιιλι</em></strong></span> 
     </span>
     <span class='ocr_line' id='line_1_28' title="bbox 147 3151 1293 3232; baseline -0.003 -13"><span class='ocrx_word' id='word_1_229' title='bbox 147 3180 181 3219; x_wconf 83' lang='grc' dir='ltr'><strong>τε</strong></span> <span class='ocrx_word' id='word_1_230' title='bbox 213 3152 242 3218; x_wconf 84' lang='grc' dir='ltr'><strong>εἷ</strong></span> <span class='ocrx_word' id='word_1_231' title='bbox 271 3155 323 3217; x_wconf 75' lang='lat' dir='ltr'><strong>uxi</strong></span> <span class='ocrx_word' id='word_1_232' title='bbox 355 3154 407 3215; x_wconf 81' lang='grc' dir='ltr'><strong>οὐκ</strong></span> <span class='ocrx_word' id='word_1_233' title='bbox 435 3153 633 3227; x_wconf 67' lang='grc' dir='ltr'><strong><em>ἀπαίδευτος,</em></strong></span> <span class='ocrx_word' id='word_1_234' title='bbox 660 3154 770 3229; x_wconf 60' lang='grc' dir='ltr'><strong><em>φοροίη</em></strong></span> <span class='ocrx_word' id='word_1_235' title='bbox 796 3154 849 3215; x_wconf 78' lang='grc' dir='ltr'><strong>οὐκ</strong></span> <span class='ocrx_word' id='word_1_236' title='bbox 874 3151 954 3217; x_wconf 83' lang='grc' dir='ltr'><strong><em>ἔστιν</em></strong></span> <span class='ocrx_word' id='word_1_237' title='bbox 981 3153 1094 3228; x_wconf 78' lang='grc' dir='ltr'><strong><em>οὕτως,</em></strong></span> <span class='ocrx_word' id='word_1_238' title='bbox 1120 3160 1206 3222; x_wconf 74' lang='grc' dir='ltr'><strong><em>ἀλλὰ</em></strong></span> <span class='ocrx_word' id='word_1_239' title='bbox 1229 3155 1293 3232; x_wconf 77' lang='grc' dir='ltr'><strong><em>λόγον</em></strong></span> 
     </span>
     <span class='ocr_line' id='line_1_29' title="bbox 148 3258 1293 3345; baseline -0.004 -18"><span class='ocrx_word' id='word_1_240' title='bbox 148 3265 230 3327; x_wconf 74' lang='grc' dir='ltr'><strong><em>πάνυ</em></strong></span> <span class='ocrx_word' id='word_1_241' title='bbox 262 3261 414 3340; x_wconf 67' lang='grc' dir='ltr'><strong><em>ἥμαρτες,</em></strong></span> <span class='ocrx_word' id='word_1_242' title='bbox 448 3260 557 3336; x_wconf 78' lang='grc' dir='ltr'><strong><em>κάόττερ</em></strong></span> <span class='ocrx_word' id='word_1_243' title='bbox 589 3261 642 3321; x_wconf 75' lang='grc' dir='ltr'><strong>οὐκ</strong></span> <span class='ocrx_word' id='word_1_244' title='bbox 675 3258 712 3320; x_wconf 78' lang='grc' dir='ltr'><strong>ὢν</strong></span> <span class='ocrx_word' id='word_1_245' title='bbox 744 3259 940 3331; x_wconf 74' lang='grc' dir='ltr'><strong><em>ἀπαίδευτος.</em></strong></span> <span class='ocrx_word' id='word_1_246' title='bbox 967 3264 1068 3327; x_wconf 74' lang='lat' dir='ltr'><strong>scires</strong></span> <span class='ocrx_word' id='word_1_247' title='bbox 1093 3267 1147 3330; x_wconf 85' lang='grc' dir='ltr'><strong>οὐκ</strong></span> <span class='ocrx_word' id='word_1_248' title='bbox 1170 3265 1293 3345; x_wconf 75' lang='grc' dir='ltr'><strong><em>ἀποφόλι</em></strong></span> 
     </span>
     <span class='ocr_line' id='line_1_30' title="bbox 147 3363 1293 3450; baseline -0.005 -16"><span class='ocrx_word' id='word_1_249' title='bbox 147 3371 229 3439; x_wconf 73' lang='grc' dir='ltr'><strong><em>εἰδὼς</em></strong></span> <span class='ocrx_word' id='word_1_250' title='bbox 266 3369 330 3431; x_wconf 77' lang='grc' dir='ltr'><strong>οὐδὲ</strong></span> <span class='ocrx_word' id='word_1_251' title='bbox 367 3367 552 3435; x_wconf 66' lang='grc' dir='ltr'><strong><em>ἀπαίδευτος</em></strong></span> <span class='ocrx_word' id='word_1_252' title='bbox 585 3363 621 3426; x_wconf 77' lang='grc' dir='ltr'><strong>ὢν</strong></span> <span class='ocrx_word' id='word_1_253' title='bbox 662 3365 784 3441; x_wconf 81' lang='grc' dir='ltr'><strong><em>ἀλιτρός</em></strong></span> <span class='ocrx_word' id='word_1_254' title='bbox 821 3367 955 3443; x_wconf 75' lang='grc' dir='ltr'><strong><em>γόγονιις</em></strong></span> <span class='ocrx_word' id='word_1_255' title='bbox 988 3368 1040 3431; x_wconf 76' lang='lat' dir='ltr'><strong>scri</strong></span> <span class='ocrx_word' id='word_1_256' title='bbox 1077 3370 1212 3450; x_wconf 70' lang='grc' dir='ltr'><strong><em>ἥμαρτες</em></strong></span> <span class='ocrx_word' id='word_1_257' title='bbox 1243 3371 1293 3434; x_wconf 79' lang='grc' dir='ltr'><strong><em>τοῦτ</em></strong></span> 
     </span>
     <span class='ocr_line' id='line_1_31' title="bbox 148 3471 1293 3556; baseline -0.003 -15"><span class='ocrx_word' id='word_1_258' title='bbox 148 3479 249 3541; x_wconf 69' lang='lat' dir='ltr'><strong>sisois.</strong></span> <span class='ocrx_word' id='word_1_259' title='bbox 300 3473 421 3538; x_wconf 81' lang='lat' dir='ltr'><strong>Ultimo</strong></span> <span class='ocrx_word' id='word_1_260' title='bbox 457 3471 567 3556; x_wconf 72' lang='grc' dir='ltr'><strong><em>(καίτοι</em></strong></span> <span class='ocrx_word' id='word_1_261' title='bbox 598 3473 650 3533; x_wconf 84' lang='grc' dir='ltr'><strong>οὐκ</strong></span> <span class='ocrx_word' id='word_1_262' title='bbox 683 3506 735 3521; x_wconf 93' lang='lat'><strong>··</strong></span> <span class='ocrx_word' id='word_1_263' title='bbox 766 3477 855 3536; x_wconf 82' lang='grc' dir='ltr'><strong><em>τοῦτο</em></strong></span> <span class='ocrx_word' id='word_1_264' title='bbox 886 3473 990 3556; x_wconf 74' lang='grc' dir='ltr'><strong><em>εἰπόν)</em></strong></span> <span class='ocrx_word' id='word_1_265' title='bbox 1016 3483 1091 3541; x_wconf 84' lang='lat' dir='ltr'><strong>sunt</strong></span> <span class='ocrx_word' id='word_1_266' title='bbox 1115 3481 1211 3543; x_wconf 82' lang='lat' dir='ltr'><strong>etiam</strong></span> <span class='ocrx_word' id='word_1_267' title='bbox 1233 3472 1293 3541; x_wconf 81' lang='lat' dir='ltr'><strong>inl</strong></span> 
     </span>
     <span class='ocr_line' id='line_1_32' title="bbox 148 3578 1293 3669; baseline -0.003 -22"><span class='ocrx_word' id='word_1_268' title='bbox 148 3584 230 3647; x_wconf 91' lang='lat' dir='ltr'><strong>unde</strong></span> <span class='ocrx_word' id='word_1_269' title='bbox 264 3581 345 3644; x_wconf 78' lang='grc' dir='ltr'><strong><em>οὐδ’</em></strong></span> <span class='ocrx_word' id='word_1_270' title='bbox 382 3579 490 3641; x_wconf 66' lang='lat' dir='ltr'><strong>dcxii.</strong></span> <span class='ocrx_word' id='word_1_271' title='bbox 524 3578 610 3663; x_wconf 81' lang='lat' dir='ltr'><strong>greti</strong></span> <span class='ocrx_word' id='word_1_272' title='bbox 634 3579 808 3660; x_wconf 82' lang='lat' dir='ltr'><strong>accipimus</strong></span> <span class='ocrx_word' id='word_1_273' title='bbox 832 3580 1099 3665; x_wconf 84' lang='lat' dir='ltr'><strong>observemusque</strong></span> <span class='ocrx_word' id='word_1_274' title='bbox 1123 3582 1293 3669; x_wconf 77' lang='lat' dir='ltr'><strong>Porphyrius</strong></span> 
     </span>
     <span class='ocr_line' id='line_1_33' title="bbox 148 3683 1293 3774; baseline -0.003 -20"><span class='ocrx_word' id='word_1_275' title='bbox 148 3710 270 3774; x_wconf 91' lang='lat' dir='ltr'><strong>quoque</strong></span> <span class='ocrx_word' id='word_1_276' title='bbox 306 3696 337 3750; x_wconf 88' lang='lat' dir='ltr'><strong>et</strong></span> <span class='ocrx_word' id='word_1_277' title='bbox 361 3688 519 3768; x_wconf 86' lang='lat' dir='ltr'><strong>sequiores</strong></span> <span class='ocrx_word' id='word_1_278' title='bbox 543 3683 620 3747; x_wconf 85' lang='lat' dir='ltr'><strong>telis</strong></span> <span class='ocrx_word' id='word_1_279' title='bbox 644 3683 758 3748; x_wconf 86' lang='lat' dir='ltr'><strong>elidere</strong></span> <span class='ocrx_word' id='word_1_280' title='bbox 783 3683 900 3766; x_wconf 87' lang='lat' dir='ltr'><strong>solere,</strong></span> <span class='ocrx_word' id='word_1_281' title='bbox 925 3707 1003 3770; x_wconf 87' lang='lat' dir='ltr'><strong>quas</strong></span> <span class='ocrx_word' id='word_1_282' title='bbox 1027 3687 1175 3754; x_wconf 88' lang='lat' dir='ltr'><strong>elisiones</strong></span> <span class='ocrx_word' id='word_1_283' title='bbox 1198 3687 1293 3754; x_wconf 78' lang='lat' dir='ltr'><strong>ecrite</strong></span> 
     </span>
     <span class='ocr_line' id='line_1_34' title="bbox 147 3791 1293 3879; baseline -0.003 -20"><span class='ocrx_word' id='word_1_284' title='bbox 147 3804 184 3859; x_wconf 90' lang='lat' dir='ltr'><strong>ut</strong></span> <span class='ocrx_word' id='word_1_285' title='bbox 208 3817 256 3859; x_wconf 91' lang='lat' dir='ltr'><strong>res</strong></span> <span class='ocrx_word' id='word_1_286' title='bbox 280 3802 312 3858; x_wconf 91' lang='lat' dir='ltr'><strong>et</strong></span> <span class='ocrx_word' id='word_1_287' title='bbox 336 3792 445 3856; x_wconf 88' lang='lat' dir='ltr'><strong>lubido</strong></span> <span class='ocrx_word' id='word_1_288' title='bbox 469 3791 605 3871; x_wconf 84' lang='lat' dir='ltr'><strong>ferebat,</strong></span> <span class='ocrx_word' id='word_1_289' title='bbox 631 3796 686 3853; x_wconf 85' lang='lat' dir='ltr'><strong>aut</strong></span> <span class='ocrx_word' id='word_1_290' title='bbox 708 3792 874 3855; x_wconf 77' lang='lat' dir='ltr'><strong>servabunt</strong></span> <span class='ocrx_word' id='word_1_291' title='bbox 898 3800 953 3856; x_wconf 88' lang='lat' dir='ltr'><strong>sut</strong></span> <span class='ocrx_word' id='word_1_292' title='bbox 977 3793 1158 3879; x_wconf 87' lang='lat' dir='ltr'><strong>explebant.</strong></span> <span class='ocrx_word' id='word_1_293' title='bbox 1201 3798 1293 3861; x_wconf 79' lang='lat' dir='ltr'><strong>Acron</strong></span> 
     </span>
     <span class='ocr_line' id='line_1_35' title="bbox 147 3890 1293 3979; baseline -0.006 -14"><span class='ocrx_word' id='word_1_294' title='bbox 147 3903 211 3966; x_wconf 85' lang='lat' dir='ltr'><strong>tius</strong></span> <span class='ocrx_word' id='word_1_295' title='bbox 247 3901 290 3964; x_wconf 83' lang='lat' dir='ltr'><strong>E:</strong></span> <span class='ocrx_word' id='word_1_296' title='bbox 328 3899 362 3962; x_wconf 81' lang='grc' dir='ltr'><strong>τό</strong></span> <span class='ocrx_word' id='word_1_297' title='bbox 394 3895 464 3972; x_wconf 74' lang='grc' dir='ltr'><strong>ἑξῆς</strong></span> <span class='ocrx_word' id='word_1_298' title='bbox 498 3897 527 3960; x_wconf 76' lang='grc' dir='ltr'><strong>δὲ</strong></span> <span class='ocrx_word' id='word_1_299' title='bbox 560 3894 671 3970; x_wconf 82' lang='grc' dir='ltr'><strong><em>οὕτως,</em></strong></span> <span class='ocrx_word' id='word_1_300' title='bbox 703 3890 721 3967; x_wconf 76' lang='grc' dir='ltr'><em>ἦ</em></span> <span class='ocrx_word' id='word_1_301' title='bbox 756 3898 790 3969; x_wconf 72' lang='grc' dir='ltr'><strong>δὶς</strong></span> <span class='ocrx_word' id='word_1_302' title='bbox 826 3898 949 3977; x_wconf 82' lang='grc' dir='ltr'><strong><em>ἀλιτρός</em></strong></span> <span class='ocrx_word' id='word_1_303' title='bbox 983 3901 1017 3976; x_wconf 82' lang='grc' dir='ltr'><strong>γ’</strong></span> <span class='ocrx_word' id='word_1_304' title='bbox 1051 3902 1136 3979; x_wconf 66' lang='lat' dir='ltr'><strong>dccl,</strong></span> <span class='ocrx_word' id='word_1_305' title='bbox 1161 3894 1293 3967; x_wconf 82' lang='grc' dir='ltr'><strong><em>ινιιότοιιό</em></strong></span> 
     </span>
     <span class='ocr_line' id='line_1_36' title="bbox 147 3999 1293 4086; baseline -0.005 -16"><span class='ocrx_word' id='word_1_306' title='bbox 147 4008 313 4086; x_wconf 81' lang='grc' dir='ltr'><strong><em>ἀποφώλιοι</em></strong></span> <span class='ocrx_word' id='word_1_307' title='bbox 349 4002 442 4074; x_wconf 78' lang='grc' dir='ltr'><strong><em>εἰδώς.</em></strong></span> <span class='ocrx_word' id='word_1_308' title='bbox 467 4005 553 4077; x_wconf 76' lang='grc' dir='ltr'><strong><em>ἤτοι</em></strong></span> <span class='ocrx_word' id='word_1_309' title='bbox 584 3999 707 4072; x_wconf 85' lang='grc' dir='ltr'><strong><em>όντως</em></strong></span> <span class='ocrx_word' id='word_1_310' title='bbox 741 4001 1002 4079; x_wconf 80' lang='grc' dir='ltr'><strong><em>οὶμοιρτοόνεις</em></strong></span> <span class='ocrx_word' id='word_1_311' title='bbox 1036 4011 1104 4077; x_wconf 79' lang='grc' dir='ltr'><strong>τῆς</strong></span> <span class='ocrx_word' id='word_1_312' title='bbox 1136 4002 1293 4082; x_wconf 76' lang='grc' dir='ltr'><strong><em>ἀληόιόι</em></strong></span> 
     </span>
    </p>
   </div>
   <div class='ocr_carea' id='block_1_3' title="bbox 150 4250 1293 4406">
    <p class='ocr_par' dir='ltr' id='par_1_3' title="bbox 150 4250 1293 4406">
     <span class='ocr_line' id='line_1_37' title="bbox 182 4250 1293 4319; baseline 0 -17"><span class='ocrx_word' id='word_1_313' title='bbox 182 4257 205 4318; x_wconf 89' lang='lat' dir='ltr'><strong>l)</strong></span> <span class='ocrx_word' id='word_1_314' title='bbox 235 4258 343 4304; x_wconf 82' lang='lat' dir='ltr'><strong>hitumeu</strong></span> <span class='ocrx_word' id='word_1_315' title='bbox 370 4250 496 4313; x_wconf 75' lang='grc' dir='ltr'><strong><em>ἇντίφόιόον</em></strong></span> <span class='ocrx_word' id='word_1_316' title='bbox 524 4255 642 4298; x_wconf 80' lang='lat' dir='ltr'><strong>vetustum</strong></span> <span class='ocrx_word' id='word_1_317' title='bbox 660 4250 711 4297; x_wconf 87' lang='lat' dir='ltr'><strong>sinc</strong></span> <span class='ocrx_word' id='word_1_318' title='bbox 730 4250 800 4298; x_wconf 88' lang='lat' dir='ltr'><strong>dubio</strong></span> <span class='ocrx_word' id='word_1_319' title='bbox 819 4253 903 4302; x_wconf 77' lang='lat' dir='ltr'><strong>vitium</strong></span> <span class='ocrx_word' id='word_1_320' title='bbox 922 4270 984 4310; x_wconf 79' lang='lat' dir='ltr'><strong>esse,</strong></span> <span class='ocrx_word' id='word_1_321' title='bbox 1006 4262 1068 4319; x_wconf 79' lang='lat' dir='ltr'><strong>putet</strong></span> <span class='ocrx_word' id='word_1_322' title='bbox 1091 4260 1104 4306; x_wconf 70' lang='lat' dir='ltr'><strong>i,</strong></span> <span class='ocrx_word' id='word_1_323' title='bbox 1123 4276 1142 4306; x_wconf 83' lang='lat' dir='ltr'><strong>a.</strong></span> <span class='ocrx_word' id='word_1_324' title='bbox 1163 4275 1188 4307; x_wconf 85' lang='lat' dir='ltr'><strong>cx</strong></span> <span class='ocrx_word' id='word_1_325' title='bbox 1206 4251 1293 4306; x_wconf 66' lang='lat' dir='ltr'><strong>notula*</strong></span> 
     </span>
     <span class='ocr_line' id='line_1_38' title="bbox 150 4338 706 4406; baseline -0.009 -17"><span class='ocrx_word' id='word_1_326' title='bbox 150 4344 219 4406; x_wconf 63' lang='lat' dir='ltr'><strong>lll’tp</strong></span> <span class='ocrx_word' id='word_1_327' title='bbox 236 4345 263 4391; x_wconf 84' lang='lat' dir='ltr'><strong>sd</strong></span> <span class='ocrx_word' id='word_1_328' title='bbox 282 4360 293 4392; x_wconf 84' lang='lat' dir='ltr'><strong>r</strong></span> <span class='ocrx_word' id='word_1_329' title='bbox 312 4345 370 4392; x_wconf 75' lang='lat'>110:</span> <span class='ocrx_word' id='word_1_330' title='bbox 389 4341 514 4402; x_wconf 64' lang='lat' dir='ltr'><strong>extoliere</strong></span> <span class='ocrx_word' id='word_1_331' title='bbox 534 4341 563 4395; x_wconf 77' lang='grc' dir='ltr'><strong>ὥς</strong></span> <span class='ocrx_word' id='word_1_332' title='bbox 582 4338 706 4398; x_wconf 75' lang='grc' dir='ltr'><strong><em>κόσμνόον.</em></strong></span> 
     </span>
    </p>
   </div>
   <div class='ocr_carea' id='block_1_4' title="bbox 0 0 1494 4950">
    <p class='ocr_par' dir='ltr' id='par_1_4' title="bbox 0 0 1494 4950">
     <span class='ocr_line' id='line_1_39' title="bbox 0 0 1494 4950; baseline 0 0"><span class='ocrx_word' id='word_1_333' title='bbox 0 0 1494 4950; x_wconf 95' lang='lat' dir='ltr'><strong> </strong></span> 
     </span>
    </p>
   </div>
  </div>
 </body>
</html>
