<?xml version="1.0" encoding="UTF-8"?>
<!DOCTYPE html PUBLIC "-//W3C//DTD XHTML 1.0 Transitional//EN"
    "http://www.w3.org/TR/xhtml1/DTD/xhtml1-transitional.dtd">
<html xmlns="http://www.w3.org/1999/xhtml" xml:lang="en" lang="en">
 <head>
  <title>
</title>
<meta http-equiv="Content-Type" content="text/html;charset=utf-8" />
  <meta name='ocr-system' content='tesseract 3.04.00' />
  <meta name='ocr-capabilities' content='ocr_page ocr_carea ocr_par ocr_line ocrx_word'/>
</head>
<body>
  <div class='ocr_page' id='page_1' title='image "./adodysseameiusq00polagoog_0427.png"; bbox 0 0 2978 4950; ppageno 0'>
   <div class='ocr_carea' id='block_1_1' title="bbox 721 149 788 224">
    <p class='ocr_par' dir='ltr' id='par_1_1' title="bbox 721 149 788 224">
     <span class='ocr_line' id='line_1_1' title="bbox 721 149 788 224; baseline 0 0"><span class='ocrx_word' id='word_1_1' title='bbox 721 149 788 224; x_wconf 78' lang='grc'>396</span> 
     </span>
    </p>
   </div>
   <div class='ocr_carea' id='block_1_2' title="bbox 146 340 1366 3834">
    <p class='ocr_par' dir='ltr' id='par_1_2' title="bbox 146 340 1366 3834">
     <span class='ocr_line' id='line_1_2' title="bbox 157 340 1331 435; baseline 0.009 -29"><span class='ocrx_word' id='word_1_2' title='bbox 157 340 320 429; x_wconf 73' lang='grc' dir='ltr'><strong><em>ἐβούλετο,</em></strong></span> <span class='ocrx_word' id='word_1_3' title='bbox 352 348 544 431; x_wconf 73' lang='lat' dir='ltr'>quibuscum</span> <span class='ocrx_word' id='word_1_4' title='bbox 569 348 755 414; x_wconf 82' lang='lat' dir='ltr'>conferenda</span> <span class='ocrx_word' id='word_1_5' title='bbox 779 354 812 413; x_wconf 90' lang='lat' dir='ltr'>et</span> <span class='ocrx_word' id='word_1_6' title='bbox 835 367 916 432; x_wconf 88' lang='lat' dir='ltr'>quae</span> <span class='ocrx_word' id='word_1_7' title='bbox 938 369 1034 435; x_wconf 88' lang='lat' dir='ltr'>supra</span> <span class='ocrx_word' id='word_1_8' title='bbox 1056 347 1097 416; x_wconf 87' lang='lat' dir='ltr'>sd</span> <span class='ocrx_word' id='word_1_9' title='bbox 1121 370 1169 415; x_wconf 81' lang='lat' dir='ltr'>vs.</span> <span class='ocrx_word' id='word_1_10' title='bbox 1193 344 1214 413; x_wconf 82' lang='lat'>2</span> <span class='ocrx_word' id='word_1_11' title='bbox 1236 368 1331 416; x_wconf 87' lang='lat' dir='ltr'>secun·</span> 
     </span>
     <span class='ocr_line' id='line_1_3' title="bbox 156 451 1331 544; baseline 0.005 -29"><span class='ocrx_word' id='word_1_12' title='bbox 156 451 235 516; x_wconf 87' lang='lat' dir='ltr'>dum</span> <span class='ocrx_word' id='word_1_13' title='bbox 258 453 398 518; x_wconf 78' lang='lat' dir='ltr'><strong>codicem</strong></span> <span class='ocrx_word' id='word_1_14' title='bbox 422 457 623 520; x_wconf 75' lang='lat' dir='ltr'>restituimus</span> <span class='ocrx_word' id='word_1_15' title='bbox 640 454 729 540; x_wconf 77' lang='grc' dir='ltr'><strong><em>(ὑτὲρ</em></strong></span> <span class='ocrx_word' id='word_1_16' title='bbox 748 458 803 518; x_wconf 84' lang='grc' dir='ltr'>τοῦ</span> <span class='ocrx_word' id='word_1_17' title='bbox 823 455 1007 541; x_wconf 69' lang='grc' dir='ltr'>εὐφραῖνον),</span> <span class='ocrx_word' id='word_1_18' title='bbox 1027 462 1060 521; x_wconf 88' lang='lat' dir='ltr'>et</span> <span class='ocrx_word' id='word_1_19' title='bbox 1080 477 1160 542; x_wconf 88' lang='lat' dir='ltr'>quae</span> <span class='ocrx_word' id='word_1_20' title='bbox 1180 454 1331 544; x_wconf 71' lang='lat' dir='ltr'>velmagis</span> 
     </span>
     <span class='ocr_line' id='line_1_4' title="bbox 157 558 1330 648; baseline 0.003 -26"><span class='ocrx_word' id='word_1_21' title='bbox 157 578 251 642; x_wconf 89' lang='lat' dir='ltr'>quam</span> <span class='ocrx_word' id='word_1_22' title='bbox 275 558 521 648; x_wconf 78' lang='lat' dir='ltr'>Hamturgensc</span> <span class='ocrx_word' id='word_1_23' title='bbox 542 560 685 626; x_wconf 75' lang='lat' dir='ltr'><strong>scholion</strong></span> <span class='ocrx_word' id='word_1_24' title='bbox 709 559 872 626; x_wconf 86' lang='lat' dir='ltr'>decurtate</span> <span class='ocrx_word' id='word_1_25' title='bbox 897 564 929 626; x_wconf 93' lang='lat' dir='ltr'>in</span> <span class='ocrx_word' id='word_1_26' title='bbox 949 561 1039 643; x_wconf 81' lang='lat' dir='ltr'>DQV</span> <span class='ocrx_word' id='word_1_27' title='bbox 1058 569 1218 648; x_wconf 84' lang='lat' dir='ltr'>prostant:</span> <span class='ocrx_word' id='word_1_28' title='bbox 1239 567 1330 626; x_wconf 79' lang='grc' dir='ltr'><strong><em>τοῦτο</em></strong></span> 
     </span>
     <span class='ocr_line' id='line_1_5' title="bbox 155 664 1329 748; baseline 0.006 -20"><span class='ocrx_word' id='word_1_29' title='bbox 155 664 428 746; x_wconf 71' lang='grc' dir='ltr'>ἁρμοζόμενος</span> <span class='ocrx_word' id='word_1_30' title='bbox 466 670 515 747; x_wconf 78' lang='grc' dir='ltr'>τῷ</span> <span class='ocrx_word' id='word_1_31' title='bbox 546 668 668 748; x_wconf 76' lang='grc' dir='ltr'><strong><em>κοοορῷ</em></strong></span> <span class='ocrx_word' id='word_1_32' title='bbox 701 665 800 744; x_wconf 73' lang='grc' dir='ltr'><strong><em>λέγει.</em></strong></span> <span class='ocrx_word' id='word_1_33' title='bbox 835 667 868 731; x_wconf 81' lang='grc' dir='ltr'>οὐ</span> <span class='ocrx_word' id='word_1_34' title='bbox 901 673 954 732; x_wconf 82' lang='grc' dir='ltr'>τοῦ</span> <span class='ocrx_word' id='word_1_35' title='bbox 986 672 1101 741; x_wconf 74' lang='grc' dir='ltr'><strong><em>παντὸς</em></strong></span> <span class='ocrx_word' id='word_1_36' title='bbox 1134 668 1167 734; x_wconf 70' lang='grc' dir='ltr'>δὲ</span> <span class='ocrx_word' id='word_1_37' title='bbox 1197 668 1329 747; x_wconf 69' lang='grc' dir='ltr'><strong><em>βίοντὶν</em></strong></span> 
     </span>
     <span class='ocr_line' id='line_1_6' title="bbox 157 771 1329 860; baseline 0.007 -25"><span class='ocrx_word' id='word_1_38' title='bbox 157 771 259 847; x_wconf 67' lang='grc' dir='ltr'><strong><em>ἡδονὴν</em></strong></span> <span class='ocrx_word' id='word_1_39' title='bbox 283 772 370 845; x_wconf 76' lang='grc' dir='ltr'><strong><em>τέλος</em></strong></span> <span class='ocrx_word' id='word_1_40' title='bbox 393 772 524 852; x_wconf 71' lang='grc' dir='ltr'>εἴρηκεν,</span> <span class='ocrx_word' id='word_1_41' title='bbox 546 773 635 837; x_wconf 77' lang='grc' dir='ltr'><strong><em>οὶλλοὶ</em></strong></span> <span class='ocrx_word' id='word_1_42' title='bbox 660 772 831 850; x_wconf 66' lang='grc' dir='ltr'><strong><em>συμποσίου</em></strong></span> <span class='ocrx_word' id='word_1_43' title='bbox 854 773 980 852; x_wconf 69' lang='grc' dir='ltr'><strong><em>τινος,</em></strong></span> <span class='ocrx_word' id='word_1_44' title='bbox 1000 775 1172 860; x_wconf 85' lang='lat' dir='ltr'>inquibus</span> <span class='ocrx_word' id='word_1_45' title='bbox 1191 774 1329 843; x_wconf 74' lang='lat' dir='ltr'>ultimum</span> 
     </span>
     <span class='ocr_line' id='line_1_7' title="bbox 155 878 1328 966; baseline 0.003 -23"><span class='ocrx_word' id='word_1_46' title='bbox 155 878 348 943; x_wconf 78' lang='lat' dir='ltr'>vocobulum</span> <span class='ocrx_word' id='word_1_47' title='bbox 378 882 499 944; x_wconf 90' lang='lat' dir='ltr'>mirum</span> <span class='ocrx_word' id='word_1_48' title='bbox 530 880 613 945; x_wconf 89' lang='lat' dir='ltr'>mihi</span> <span class='ocrx_word' id='word_1_49' title='bbox 643 879 776 957; x_wconf 89' lang='lat' dir='ltr'>accidit,</span> <span class='ocrx_word' id='word_1_50' title='bbox 801 901 875 944; x_wconf 91' lang='lat' dir='ltr'>cum</span> <span class='ocrx_word' id='word_1_51' title='bbox 900 886 1131 966; x_wconf 82' lang='lat' dir='ltr'>expectassem:</span> <span class='ocrx_word' id='word_1_52' title='bbox 1155 882 1242 947; x_wconf 73' lang='grc' dir='ltr'><strong><em>ἀλλὰ</em></strong></span> <span class='ocrx_word' id='word_1_53' title='bbox 1262 905 1328 959; x_wconf 87' lang='grc' dir='ltr'><strong><em>ονρ-</em></strong></span> 
     </span>
     <span class='ocr_line' id='line_1_8' title="bbox 157 985 1329 1064; baseline 0.005 -16"><span class='ocrx_word' id='word_1_54' title='bbox 157 986 262 1049; x_wconf 72' lang='lat' dir='ltr'>rorico</span> <span class='ocrx_word' id='word_1_55' title='bbox 297 985 433 1064; x_wconf 75' lang='grc' dir='ltr'><strong><em>μόνον,</em></strong></span> <span class='ocrx_word' id='word_1_56' title='bbox 470 986 524 1052; x_wconf 88' lang='lat' dir='ltr'>sed</span> <span class='ocrx_word' id='word_1_57' title='bbox 557 989 590 1050; x_wconf 94' lang='lat' dir='ltr'>in</span> <span class='ocrx_word' id='word_1_58' title='bbox 622 987 721 1050; x_wconf 90' lang='lat' dir='ltr'>trium</span> <span class='ocrx_word' id='word_1_59' title='bbox 754 985 900 1051; x_wconf 89' lang='lat' dir='ltr'>codicum</span> <span class='ocrx_word' id='word_1_60' title='bbox 934 1007 1086 1053; x_wconf 89' lang='lat' dir='ltr'>consensu</span> <span class='ocrx_word' id='word_1_61' title='bbox 1115 987 1201 1053; x_wconf 89' lang='lat' dir='ltr'>nihil</span> <span class='ocrx_word' id='word_1_62' title='bbox 1222 997 1329 1053; x_wconf 76' lang='lat' dir='ltr'>nnuc</span> 
     </span>
     <span class='ocr_line' id='line_1_9' title="bbox 157 1092 1327 1179; baseline 0.003 -23"><span class='ocrx_word' id='word_1_63' title='bbox 157 1092 266 1159; x_wconf 88' lang='lat' dir='ltr'>audeo.</span> <span class='ocrx_word' id='word_1_64' title='bbox 313 1092 376 1159; x_wconf 81' lang='lat' dir='ltr'>Sed</span> <span class='ocrx_word' id='word_1_65' title='bbox 408 1094 532 1159; x_wconf 87' lang='lat' dir='ltr'>minuta</span> <span class='ocrx_word' id='word_1_66' title='bbox 563 1094 640 1159; x_wconf 90' lang='lat' dir='ltr'>haec</span> <span class='ocrx_word' id='word_1_67' title='bbox 668 1097 744 1157; x_wconf 86' lang='lat' dir='ltr'>sunt</span> <span class='ocrx_word' id='word_1_68' title='bbox 775 1111 849 1177; x_wconf 87' lang='lat' dir='ltr'>prae</span> <span class='ocrx_word' id='word_1_69' title='bbox 879 1095 933 1169; x_wconf 88' lang='lat' dir='ltr'>iis,</span> <span class='ocrx_word' id='word_1_70' title='bbox 965 1115 1047 1179; x_wconf 89' lang='lat' dir='ltr'>quae</span> <span class='ocrx_word' id='word_1_71' title='bbox 1068 1096 1213 1161; x_wconf 90' lang='lat' dir='ltr'>nuncin</span> <span class='ocrx_word' id='word_1_72' title='bbox 1233 1092 1327 1161; x_wconf 87' lang='lat' dir='ltr'>scholii</span> 
     </span>
     <span class='ocr_line' id='line_1_10' title="bbox 154 1195 1326 1286; baseline 0.003 -24"><span class='ocrx_word' id='word_1_73' title='bbox 154 1195 216 1264; x_wconf 87' lang='lat' dir='ltr'>fine</span> <span class='ocrx_word' id='word_1_74' title='bbox 244 1199 414 1286; x_wconf 79' lang='lat' dir='ltr'>leguntur,</span> <span class='ocrx_word' id='word_1_75' title='bbox 445 1199 484 1265; x_wconf 91' lang='lat' dir='ltr'>dc</span> <span class='ocrx_word' id='word_1_76' title='bbox 515 1200 632 1285; x_wconf 89' lang='lat' dir='ltr'>quibus</span> <span class='ocrx_word' id='word_1_77' title='bbox 661 1201 937 1284; x_wconf 86' lang='lat' dir='ltr'>operaepretium</span> <span class='ocrx_word' id='word_1_78' title='bbox 961 1207 1009 1265; x_wconf 91' lang='lat' dir='ltr'>est</span> <span class='ocrx_word' id='word_1_79' title='bbox 1032 1200 1212 1269; x_wconf 91' lang='lat' dir='ltr'>Prellerum</span> <span class='ocrx_word' id='word_1_80' title='bbox 1234 1199 1326 1267; x_wconf 83' lang='lat' dir='ltr'>audire</span> 
     </span>
     <span class='ocr_line' id='line_1_11' title="bbox 156 1305 1324 1394; baseline 0.002 -24"><span class='ocrx_word' id='word_1_81' title='bbox 156 1306 391 1391; x_wconf 72' lang='lat' dir='ltr'>disputantem</span> <span class='ocrx_word' id='word_1_82' title='bbox 414 1306 630 1393; x_wconf 78' lang='lat' dir='ltr'>„intelligitur</span> <span class='ocrx_word' id='word_1_83' title='bbox 649 1305 817 1372; x_wconf 91' lang='lat' dir='ltr'>nonnullos</span> <span class='ocrx_word' id='word_1_84' title='bbox 836 1310 1067 1394; x_wconf 79' lang='lat' dir='ltr'>grammaticos</span> <span class='ocrx_word' id='word_1_85' title='bbox 1085 1308 1160 1374; x_wconf 92' lang='lat' dir='ltr'>hinc</span> <span class='ocrx_word' id='word_1_86' title='bbox 1172 1307 1324 1374; x_wconf 79' lang='lat' dir='ltr'>mollitiem</span> 
     </span>
     <span class='ocr_line' id='line_1_12' title="bbox 155 1412 1325 1500; baseline 0.003 -23"><span class='ocrx_word' id='word_1_87' title='bbox 155 1412 267 1500; x_wconf 83' lang='lat' dir='ltr'>Ulyssi</span> <span class='ocrx_word' id='word_1_88' title='bbox 294 1416 479 1479; x_wconf 78' lang='lat' dir='ltr'>criminatos</span> <span class='ocrx_word' id='word_1_89' title='bbox 503 1434 587 1490; x_wconf 88' lang='lat' dir='ltr'>esse,</span> <span class='ocrx_word' id='word_1_90' title='bbox 612 1414 696 1499; x_wconf 88' lang='lat' dir='ltr'>quod</span> <span class='ocrx_word' id='word_1_91' title='bbox 720 1416 840 1480; x_wconf 87' lang='lat' dir='ltr'>crimen</span> <span class='ocrx_word' id='word_1_92' title='bbox 865 1415 919 1480; x_wconf 88' lang='lat' dir='ltr'>alii</span> <span class='ocrx_word' id='word_1_93' title='bbox 944 1415 1038 1481; x_wconf 88' lang='lat' dir='ltr'>aliter</span> <span class='ocrx_word' id='word_1_94' title='bbox 1060 1417 1101 1481; x_wconf 88' lang='lat' dir='ltr'>ab</span> <span class='ocrx_word' id='word_1_95' title='bbox 1122 1437 1160 1483; x_wconf 86' lang='lat' dir='ltr'>eo</span> <span class='ocrx_word' id='word_1_96' title='bbox 1183 1434 1325 1483; x_wconf 80' lang='lat' dir='ltr'>remorare</span> 
     </span>
     <span class='ocr_line' id='line_1_13' title="bbox 156 1519 1323 1608; baseline 0.002 -23"><span class='ocrx_word' id='word_1_97' title='bbox 156 1520 343 1597; x_wconf 89' lang='lat' dir='ltr'>studebant,</span> <span class='ocrx_word' id='word_1_98' title='bbox 374 1519 401 1585; x_wconf 83' lang='lat' dir='ltr'>ci</span> <span class='ocrx_word' id='word_1_99' title='bbox 424 1521 480 1598; x_wconf 77' lang='grc' dir='ltr'>μὲν</span> <span class='ocrx_word' id='word_1_100' title='bbox 503 1521 567 1586; x_wconf 72' lang='lat' dir='ltr'>oiri</span> <span class='ocrx_word' id='word_1_101' title='bbox 590 1525 642 1585; x_wconf 85' lang='grc' dir='ltr'>τοῦ</span> <span class='ocrx_word' id='word_1_102' title='bbox 667 1525 786 1601; x_wconf 81' lang='grc' dir='ltr'><strong><em>κοοροῦ,</em></strong></span> <span class='ocrx_word' id='word_1_103' title='bbox 810 1524 886 1606; x_wconf 85' lang='lat' dir='ltr'>quia</span> <span class='ocrx_word' id='word_1_104' title='bbox 908 1524 992 1588; x_wconf 89' lang='lat' dir='ltr'>inter</span> <span class='ocrx_word' id='word_1_105' title='bbox 1014 1521 1211 1608; x_wconf 87' lang='lat' dir='ltr'>epulandum</span> <span class='ocrx_word' id='word_1_106' title='bbox 1229 1526 1272 1588; x_wconf 88' lang='lat' dir='ltr'>sic</span> <span class='ocrx_word' id='word_1_107' title='bbox 1290 1520 1323 1587; x_wconf 85' lang='lat' dir='ltr'>lo</span> 
     </span>
     <span class='ocr_line' id='line_1_14' title="bbox 155 1624 1322 1711; baseline 0 -20"><span class='ocrx_word' id='word_1_108' title='bbox 155 1632 275 1711; x_wconf 82' lang='lat' dir='ltr'>quotus</span> <span class='ocrx_word' id='word_1_109' title='bbox 308 1634 409 1707; x_wconf 84' lang='lat' dir='ltr'>esset,</span> <span class='ocrx_word' id='word_1_110' title='bbox 443 1627 468 1692; x_wconf 87' lang='lat' dir='ltr'>oi</span> <span class='ocrx_word' id='word_1_111' title='bbox 504 1629 536 1693; x_wconf 78' lang='lat' dir='ltr'>ll</span> <span class='ocrx_word' id='word_1_112' title='bbox 571 1628 634 1693; x_wconf 79' lang='grc' dir='ltr'><strong><em>οὶτὸ</em></strong></span> <span class='ocrx_word' id='word_1_113' title='bbox 670 1639 725 1703; x_wconf 73' lang='grc' dir='ltr'>τῆς</span> <span class='ocrx_word' id='word_1_114' title='bbox 760 1627 889 1705; x_wconf 71' lang='grc' dir='ltr'><strong><em>λέξεως·</em></strong></span> <span class='ocrx_word' id='word_1_115' title='bbox 923 1629 977 1693; x_wconf 72' lang='lat' dir='ltr'>nai</span> <span class='ocrx_word' id='word_1_116' title='bbox 1010 1629 1124 1695; x_wconf 77' lang='grc' dir='ltr'><strong><em>τούτων</em></strong></span> <span class='ocrx_word' id='word_1_117' title='bbox 1154 1631 1180 1695; x_wconf 84' lang='lat' dir='ltr'>oi</span> <span class='ocrx_word' id='word_1_118' title='bbox 1211 1632 1263 1708; x_wconf 78' lang='grc' dir='ltr'>μὲν</span> <span class='ocrx_word' id='word_1_119' title='bbox 1287 1624 1322 1692; x_wconf 69' lang='grc' dir='ltr'>ὅτι</span> 
     </span>
     <span class='ocr_line' id='line_1_15' title="bbox 154 1733 1322 1823; baseline 0.002 -27"><span class='ocrx_word' id='word_1_120' title='bbox 154 1734 320 1813; x_wconf 78' lang='grc' dir='ltr'><strong><em>εὐφροσύνη</em></strong></span> <span class='ocrx_word' id='word_1_121' title='bbox 346 1742 399 1809; x_wconf 78' lang='grc' dir='ltr'>τῆς</span> <span class='ocrx_word' id='word_1_122' title='bbox 426 1735 529 1808; x_wconf 72' lang='grc' dir='ltr'><strong><em>ἡδονῆς</em></strong></span> <span class='ocrx_word' id='word_1_123' title='bbox 553 1737 595 1813; x_wconf 77' lang='grc' dir='ltr'>τῷ</span> <span class='ocrx_word' id='word_1_124' title='bbox 617 1740 737 1816; x_wconf 80' lang='grc' dir='ltr'><strong><em>Φρονεῖν</em></strong></span> <span class='ocrx_word' id='word_1_125' title='bbox 761 1734 918 1820; x_wconf 61' lang='lat' dir='ltr'>leodico,</span> <span class='ocrx_word' id='word_1_126' title='bbox 942 1737 967 1800; x_wconf 85' lang='lat' dir='ltr'>ci</span> <span class='ocrx_word' id='word_1_127' title='bbox 993 1735 1024 1800; x_wconf 75' lang='grc' dir='ltr'>δὲ</span> <span class='ocrx_word' id='word_1_128' title='bbox 1049 1733 1096 1800; x_wconf 78' lang='grc' dir='ltr'>ὅτι</span> <span class='ocrx_word' id='word_1_129' title='bbox 1119 1735 1207 1808; x_wconf 79' lang='grc' dir='ltr'><strong><em>τέλος</em></strong></span> <span class='ocrx_word' id='word_1_130' title='bbox 1230 1734 1322 1823; x_wconf 70' lang='lat' dir='ltr'>(vsi)</span> 
     </span>
     <span class='ocr_line' id='line_1_16' title="bbox 154 1839 1322 1929; baseline 0.002 -26"><span class='ocrx_word' id='word_1_131' title='bbox 154 1840 205 1905; x_wconf 68' lang='lat' dir='ltr'>tri</span> <span class='ocrx_word' id='word_1_132' title='bbox 240 1840 346 1911; x_wconf 70' lang='grc' dir='ltr'><strong><em>οὐοίοις</em></strong></span> <span class='ocrx_word' id='word_1_133' title='bbox 380 1840 398 1915; x_wconf 75' lang='grc' dir='ltr'>ἢ</span> <span class='ocrx_word' id='word_1_134' title='bbox 430 1839 548 1916; x_wconf 68' lang='grc' dir='ltr'><strong><em>τάξεως</em></strong></span> <span class='ocrx_word' id='word_1_135' title='bbox 580 1840 611 1916; x_wconf 78' lang='lat' dir='ltr'>ai.</span> <span class='ocrx_word' id='word_1_136' title='bbox 628 1842 876 1920; x_wconf 79' lang='grc' dir='ltr'><strong><em>ουμοτλνρώοεως</em></strong></span> <span class='ocrx_word' id='word_1_137' title='bbox 910 1843 952 1929; x_wconf 85' lang='grc' dir='ltr'>(κ.</span> <span class='ocrx_word' id='word_1_138' title='bbox 977 1865 1007 1907; x_wconf 90' lang='grc' dir='ltr'>τ.</span> <span class='ocrx_word' id='word_1_139' title='bbox 1032 1843 1078 1927; x_wconf 85' lang='grc' dir='ltr'>λ.)</span> <span class='ocrx_word' id='word_1_140' title='bbox 1108 1842 1158 1907; x_wconf 76' lang='lat' dir='ltr'>Ex</span> <span class='ocrx_word' id='word_1_141' title='bbox 1180 1841 1259 1920; x_wconf 86' lang='lat' dir='ltr'>illis,</span> <span class='ocrx_word' id='word_1_142' title='bbox 1280 1841 1322 1927; x_wconf 86' lang='lat' dir='ltr'>qui</span> 
     </span>
     <span class='ocr_line' id='line_1_17' title="bbox 152 1947 1323 2034; baseline 0 -23"><span class='ocrx_word' id='word_1_143' title='bbox 152 1947 340 2026; x_wconf 77' lang='grc' dir='ltr'><strong><em>εὐφροσύνην</em></strong></span> <span class='ocrx_word' id='word_1_144' title='bbox 374 1948 546 2013; x_wconf 85' lang='lat' dir='ltr'>monebant</span> <span class='ocrx_word' id='word_1_145' title='bbox 582 1947 676 2034; x_wconf 77' lang='lat' dir='ltr'>longe</span> <span class='ocrx_word' id='word_1_146' title='bbox 711 1947 799 2013; x_wconf 90' lang='lat' dir='ltr'>aliud</span> <span class='ocrx_word' id='word_1_147' title='bbox 827 1968 895 2014; x_wconf 90' lang='lat' dir='ltr'>esse</span> <span class='ocrx_word' id='word_1_148' title='bbox 925 1968 1022 2033; x_wconf 90' lang='lat' dir='ltr'>quam</span> <span class='ocrx_word' id='word_1_149' title='bbox 1055 1950 1157 2024; x_wconf 68' lang='grc' dir='ltr'><strong><em>ἡδονὴν</em></strong></span> <span class='ocrx_word' id='word_1_150' title='bbox 1188 1948 1323 2015; x_wconf 81' lang='lat' dir='ltr'>etates</span> 
     </span>
     <span class='ocr_line' id='line_1_18' title="bbox 152 2053 1322 2141; baseline 0.009 -24"><span class='ocrx_word' id='word_1_151' title='bbox 152 2053 277 2119; x_wconf 78' lang='lat' dir='ltr'>differre</span> <span class='ocrx_word' id='word_1_152' title='bbox 320 2055 362 2134; x_wconf 74' lang='grc' dir='ltr'>τῷ</span> <span class='ocrx_word' id='word_1_153' title='bbox 406 2060 540 2134; x_wconf 83' lang='grc' dir='ltr'><strong><em>φρονεῖν,</em></strong></span> <span class='ocrx_word' id='word_1_154' title='bbox 583 2060 668 2130; x_wconf 88' lang='lat' dir='ltr'>crat,</span> <span class='ocrx_word' id='word_1_155' title='bbox 711 2054 796 2138; x_wconf 90' lang='lat' dir='ltr'>quod</span> <span class='ocrx_word' id='word_1_156' title='bbox 835 2075 875 2119; x_wconf 81' lang='lat' dir='ltr'>ex</span> <span class='ocrx_word' id='word_1_157' title='bbox 910 2060 1017 2121; x_wconf 89' lang='lat' dir='ltr'>nostro</span> <span class='ocrx_word' id='word_1_158' title='bbox 1052 2056 1160 2122; x_wconf 90' lang='lat' dir='ltr'>codice</span> <span class='ocrx_word' id='word_1_159' title='bbox 1194 2060 1322 2141; x_wconf 64' lang='lat' dir='ltr'>apparel,</span> 
     </span>
     <span class='ocr_line' id='line_1_19' title="bbox 151 2158 1320 2245; baseline -0.003 -20"><span class='ocrx_word' id='word_1_160' title='bbox 151 2158 304 2225; x_wconf 81' lang='lat' dir='ltr'>Seleucus</span> <span class='ocrx_word' id='word_1_161' title='bbox 344 2158 597 2235; x_wconf 78' lang='lat' dir='ltr'>Alexandrinus,</span> <span class='ocrx_word' id='word_1_162' title='bbox 638 2161 691 2245; x_wconf 77' lang='lat' dir='ltr'>qui</span> <span class='ocrx_word' id='word_1_163' title='bbox 734 2162 849 2226; x_wconf 80' lang='lat' dir='ltr'>dicebat</span> <span class='ocrx_word' id='word_1_164' title='bbox 883 2161 937 2235; x_wconf 76' lang='grc' dir='ltr'><strong><em>τὶρν</em></strong></span> <span class='ocrx_word' id='word_1_165' title='bbox 973 2163 1158 2244; x_wconf 74' lang='grc' dir='ltr'><strong><em>εὐφροσύνην</em></strong></span> <span class='ocrx_word' id='word_1_166' title='bbox 1192 2163 1252 2225; x_wconf 79' lang='lat' dir='ltr'>dici</span> <span class='ocrx_word' id='word_1_167' title='bbox 1283 2158 1320 2225; x_wconf 76' lang='lat' dir='ltr'>irc</span> 
     </span>
     <span class='ocr_line' id='line_1_20' title="bbox 150 2263 1321 2354; baseline 0.001 -24"><span class='ocrx_word' id='word_1_168' title='bbox 150 2263 184 2331; x_wconf 84' lang='grc' dir='ltr'>εὖ</span> <span class='ocrx_word' id='word_1_169' title='bbox 217 2272 403 2346; x_wconf 78' lang='grc' dir='ltr'><strong><em>Φρονοῦμεν,</em></strong></span> <span class='ocrx_word' id='word_1_170' title='bbox 438 2274 467 2330; x_wconf 80' lang='lat' dir='ltr'>et</span> <span class='ocrx_word' id='word_1_171' title='bbox 502 2266 691 2347; x_wconf 68' lang='grc' dir='ltr'><strong><em>αὐτάρκειαν</em></strong></span> <span class='ocrx_word' id='word_1_172' title='bbox 725 2268 874 2352; x_wconf 68' lang='lat' dir='ltr'>quandam</span> <span class='ocrx_word' id='word_1_173' title='bbox 904 2291 978 2350; x_wconf 84' lang='lat' dir='ltr'>prae</span> <span class='ocrx_word' id='word_1_174' title='bbox 1012 2291 1045 2333; x_wconf 80' lang='grc' dir='ltr'>το</span> <span class='ocrx_word' id='word_1_175' title='bbox 1066 2270 1160 2353; x_wconf 83' lang='lat' dir='ltr'>ferre</span> <span class='ocrx_word' id='word_1_176' title='bbox 1196 2268 1321 2354; x_wconf 62' lang='lat' dir='ltr'>Ulyssem,</span> 
     </span>
     <span class='ocr_line' id='line_1_21' title="bbox 150 2373 1321 2457; baseline 0.004 -21"><span class='ocrx_word' id='word_1_177' title='bbox 150 2375 181 2437; x_wconf 72' lang='lat' dir='ltr'>i.</span> <span class='ocrx_word' id='word_1_178' title='bbox 216 2397 241 2437; x_wconf 85' lang='grc' dir='ltr'>ο.</span> <span class='ocrx_word' id='word_1_179' title='bbox 275 2396 307 2436; x_wconf 80' lang='lat' dir='ltr'>ce</span> <span class='ocrx_word' id='word_1_180' title='bbox 341 2373 417 2436; x_wconf 73' lang='lat' dir='ltr'>tolca</span> <span class='ocrx_word' id='word_1_181' title='bbox 450 2374 617 2457; x_wconf 74' lang='lat' dir='ltr'>voluptates</span> <span class='ocrx_word' id='word_1_182' title='bbox 651 2374 741 2437; x_wconf 78' lang='lat' dir='ltr'>ctiam</span> <span class='ocrx_word' id='word_1_183' title='bbox 775 2374 851 2437; x_wconf 72' lang='lat' dir='ltr'>aliti</span> <span class='ocrx_word' id='word_1_184' title='bbox 881 2385 1031 2457; x_wconf 73' lang='grc' dir='ltr'><strong><em>οορονινοι</em></strong></span> <span class='ocrx_word' id='word_1_185' title='bbox 1062 2398 1123 2439; x_wconf 79' lang='lat' dir='ltr'>csse</span> <span class='ocrx_word' id='word_1_186' title='bbox 1151 2375 1321 2457; x_wconf 53' lang='lat' dir='ltr'>resim.</span> 
     </span>
     <span class='ocr_line' id='line_1_22' title="bbox 150 2477 1366 2567; baseline -0.001 -24"><span class='ocrx_word' id='word_1_187' title='bbox 150 2478 199 2543; x_wconf 79' lang='grc' dir='ltr'><strong><em>ἵνοι</em></strong></span> <span class='ocrx_word' id='word_1_188' title='bbox 236 2482 280 2555; x_wconf 70' lang='grc' dir='ltr'>μὴ</span> <span class='ocrx_word' id='word_1_189' title='bbox 319 2481 469 2558; x_wconf 70' lang='lat' dir='ltr'>&lt;paimei</span> <span class='ocrx_word' id='word_1_190' title='bbox 505 2478 635 2555; x_wconf 80' lang='grc' dir='ltr'><strong><em>κόλοξ.”</em></strong></span> <span class='ocrx_word' id='word_1_191' title='bbox 680 2479 839 2545; x_wconf 78' lang='lat' dir='ltr'>Haeccine</span> <span class='ocrx_word' id='word_1_192' title='bbox 875 2483 976 2567; x_wconf 87' lang='lat' dir='ltr'>igitur</span> <span class='ocrx_word' id='word_1_193' title='bbox 1010 2485 1118 2547; x_wconf 85' lang='lat' dir='ltr'>omnis</span> <span class='ocrx_word' id='word_1_194' title='bbox 1141 2484 1175 2546; x_wconf 92' lang='lat' dir='ltr'>in</span> <span class='ocrx_word' id='word_1_195' title='bbox 1198 2502 1259 2546; x_wconf 90' lang='lat' dir='ltr'>una</span> <span class='ocrx_word' id='word_1_196' title='bbox 1278 2477 1322 2543; x_wconf 87' lang='lat' dir='ltr'>illa</span> <span class='ocrx_word' id='word_1_197' title='bbox 1362 2478 1366 2489; x_wconf 89' lang='lat'>&#39;</span> 
     </span>
     <span class='ocr_line' id='line_1_23' title="bbox 150 2581 1320 2669; baseline -0.005 -17"><span class='ocrx_word' id='word_1_198' title='bbox 150 2608 227 2653; x_wconf 79' lang='lat' dir='ltr'>voce</span> <span class='ocrx_word' id='word_1_199' title='bbox 259 2584 447 2665; x_wconf 67' lang='grc' dir='ltr'><strong><em>αὑτοὶρκενοοῖ</em></strong></span> <span class='ocrx_word' id='word_1_200' title='bbox 475 2585 527 2650; x_wconf 77' lang='grc' dir='ltr'>Ὦ</span> <span class='ocrx_word' id='word_1_201' title='bbox 562 2592 620 2651; x_wconf 83' lang='grc' dir='ltr'>Ζεῦ</span> <span class='ocrx_word' id='word_1_202' title='bbox 652 2589 806 2664; x_wconf 75' lang='grc' dir='ltr'>βασιλεῦ,</span> <span class='ocrx_word' id='word_1_203' title='bbox 832 2594 886 2662; x_wconf 77' lang='grc' dir='ltr'>τῆς</span> <span class='ocrx_word' id='word_1_204' title='bbox 911 2589 1101 2661; x_wconf 76' lang='grc' dir='ltr'><strong><em>λεπτότητος</em></strong></span> <span class='ocrx_word' id='word_1_205' title='bbox 1126 2596 1184 2652; x_wconf 81' lang='grc' dir='ltr'>τῶν</span> <span class='ocrx_word' id='word_1_206' title='bbox 1206 2581 1320 2669; x_wconf 69' lang='grc' dir='ltr'><strong><em>φρενῶνῑ</em></strong></span> 
     </span>
     <span class='ocr_line' id='line_1_24' title="bbox 150 2692 1322 2778; baseline -0.005 -20"><span class='ocrx_word' id='word_1_207' title='bbox 150 2715 206 2758; x_wconf 90' lang='lat' dir='ltr'>nec</span> <span class='ocrx_word' id='word_1_208' title='bbox 237 2692 398 2777; x_wconf 85' lang='lat' dir='ltr'>scriptoris</span> <span class='ocrx_word' id='word_1_209' title='bbox 429 2700 554 2758; x_wconf 88' lang='lat' dir='ltr'>tantum</span> <span class='ocrx_word' id='word_1_210' title='bbox 588 2694 642 2759; x_wconf 90' lang='lat' dir='ltr'>sed</span> <span class='ocrx_word' id='word_1_211' title='bbox 678 2704 710 2758; x_wconf 90' lang='lat' dir='ltr'>et</span> <span class='ocrx_word' id='word_1_212' title='bbox 744 2695 932 2778; x_wconf 86' lang='lat' dir='ltr'>interpretis.</span> <span class='ocrx_word' id='word_1_213' title='bbox 984 2694 1101 2759; x_wconf 90' lang='lat' dir='ltr'>Verum</span> <span class='ocrx_word' id='word_1_214' title='bbox 1133 2697 1258 2759; x_wconf 83' lang='lat' dir='ltr'>etiamsi</span> <span class='ocrx_word' id='word_1_215' title='bbox 1280 2696 1322 2764; x_wconf 72' lang='lat' dir='ltr'>rto</span> 
     </span>
     <span class='ocr_line' id='line_1_25' title="bbox 150 2800 1324 2885; baseline -0.001 -22"><span class='ocrx_word' id='word_1_216' title='bbox 150 2800 336 2880; x_wconf 77' lang='grc' dir='ltr'><strong><em>οὐτοὲρκειον</em></strong></span> <span class='ocrx_word' id='word_1_217' title='bbox 366 2803 411 2864; x_wconf 88' lang='lat' dir='ltr'>ita</span> <span class='ocrx_word' id='word_1_218' title='bbox 440 2800 549 2865; x_wconf 91' lang='lat' dir='ltr'>liceret</span> <span class='ocrx_word' id='word_1_219' title='bbox 578 2801 755 2885; x_wconf 82' lang='lat' dir='ltr'>explicare,</span> <span class='ocrx_word' id='word_1_220' title='bbox 780 2802 863 2884; x_wconf 91' lang='lat' dir='ltr'>quod</span> <span class='ocrx_word' id='word_1_221' title='bbox 887 2801 976 2866; x_wconf 93' lang='lat' dir='ltr'>nullo</span> <span class='ocrx_word' id='word_1_222' title='bbox 1000 2802 1094 2866; x_wconf 92' lang='lat' dir='ltr'>modo</span> <span class='ocrx_word' id='word_1_223' title='bbox 1119 2801 1207 2876; x_wconf 88' lang='lat' dir='ltr'>licet,</span> <span class='ocrx_word' id='word_1_224' title='bbox 1231 2802 1324 2866; x_wconf 79' lang='lat' dir='ltr'>nesio</span> 
     </span>
     <span class='ocr_line' id='line_1_26' title="bbox 149 2907 1323 2991; baseline 0.001 -20"><span class='ocrx_word' id='word_1_225' title='bbox 149 2908 277 2991; x_wconf 88' lang='lat' dir='ltr'>quidem</span> <span class='ocrx_word' id='word_1_226' title='bbox 313 2907 376 2971; x_wconf 89' lang='lat' dir='ltr'>alia</span> <span class='ocrx_word' id='word_1_227' title='bbox 408 2927 504 2991; x_wconf 87' lang='lat' dir='ltr'>quam</span> <span class='ocrx_word' id='word_1_228' title='bbox 538 2907 616 2971; x_wconf 84' lang='lat' dir='ltr'>falsa</span> <span class='ocrx_word' id='word_1_229' title='bbox 647 2914 679 2970; x_wconf 89' lang='lat' dir='ltr'>ct</span> <span class='ocrx_word' id='word_1_230' title='bbox 712 2910 819 2991; x_wconf 87' lang='lat' dir='ltr'>inepta</span> <span class='ocrx_word' id='word_1_231' title='bbox 842 2910 943 2972; x_wconf 80' lang='lat' dir='ltr'>exiret</span> <span class='ocrx_word' id='word_1_232' title='bbox 967 2912 1134 2972; x_wconf 87' lang='lat' dir='ltr'>sententia.</span> <span class='ocrx_word' id='word_1_233' title='bbox 1182 2908 1265 2972; x_wconf 86' lang='lat' dir='ltr'>Nam</span> <span class='ocrx_word' id='word_1_234' title='bbox 1286 2907 1323 2971; x_wconf 75' lang='lat' dir='ltr'>fae</span> 
     </span>
     <span class='ocr_line' id='line_1_27' title="bbox 149 3013 1325 3098; baseline 0 -22"><span class='ocrx_word' id='word_1_235' title='bbox 149 3013 276 3078; x_wconf 85' lang='lat' dir='ltr'>Ulixem</span> <span class='ocrx_word' id='word_1_236' title='bbox 311 3016 454 3076; x_wconf 89' lang='lat' dir='ltr'>omnium</span> <span class='ocrx_word' id='word_1_237' title='bbox 489 3014 691 3098; x_wconf 83' lang='lat' dir='ltr'>voluptatum</span> <span class='ocrx_word' id='word_1_238' title='bbox 725 3035 792 3078; x_wconf 87' lang='lat' dir='ltr'>esse</span> <span class='ocrx_word' id='word_1_239' title='bbox 823 3018 1099 3097; x_wconf 82' lang='lat' dir='ltr'>expertissimum,</span> <span class='ocrx_word' id='word_1_240' title='bbox 1130 3035 1208 3079; x_wconf 90' lang='lat' dir='ltr'>eone</span> <span class='ocrx_word' id='word_1_241' title='bbox 1231 3016 1325 3078; x_wconf 84' lang='lat' dir='ltr'>minus</span> 
     </span>
     <span class='ocr_line' id='line_1_28' title="bbox 148 3116 1326 3204; baseline -0.003 -20"><span class='ocrx_word' id='word_1_242' title='bbox 148 3141 186 3184; x_wconf 84' lang='lat' dir='ltr'>ex</span> <span class='ocrx_word' id='word_1_243' title='bbox 218 3118 477 3204; x_wconf 89' lang='lat' dir='ltr'>philosophorum</span> <span class='ocrx_word' id='word_1_244' title='bbox 508 3116 701 3184; x_wconf 84' lang='lat' dir='ltr'>Graecorum</span> <span class='ocrx_word' id='word_1_245' title='bbox 733 3120 875 3184; x_wconf 87' lang='lat' dir='ltr'>doctriua</span> <span class='ocrx_word' id='word_1_246' title='bbox 906 3120 1065 3185; x_wconf 85' lang='lat' dir='ltr'>Phaeaces</span> <span class='ocrx_word' id='word_1_247' title='bbox 1090 3119 1240 3185; x_wconf 85' lang='lat' dir='ltr'>adulatus</span> <span class='ocrx_word' id='word_1_248' title='bbox 1262 3123 1326 3200; x_wconf 83' lang='lat' dir='ltr'>erit,</span> 
     </span>
     <span class='ocr_line' id='line_1_29' title="bbox 147 3221 1327 3310; baseline 0 -21"><span class='ocrx_word' id='word_1_249' title='bbox 147 3227 174 3290; x_wconf 91' lang='lat' dir='ltr'>si</span> <span class='ocrx_word' id='word_1_250' title='bbox 208 3226 369 3289; x_wconf 82' lang='lat' dir='ltr'>luxuriam</span> <span class='ocrx_word' id='word_1_251' title='bbox 403 3225 453 3288; x_wconf 92' lang='lat' dir='ltr'>his</span> <span class='ocrx_word' id='word_1_252' title='bbox 485 3225 665 3289; x_wconf 85' lang='lat' dir='ltr'>adamatam</span> <span class='ocrx_word' id='word_1_253' title='bbox 690 3225 760 3300; x_wconf 79' lang='grc' dir='ltr'><strong><em>βίον</em></strong></span> <span class='ocrx_word' id='word_1_254' title='bbox 785 3228 874 3296; x_wconf 81' lang='grc' dir='ltr'><strong><em>τέλος</em></strong></span> <span class='ocrx_word' id='word_1_255' title='bbox 899 3221 974 3288; x_wconf 69' lang='grc' dir='ltr'><strong><em>εἶναι</em></strong></span> <span class='ocrx_word' id='word_1_256' title='bbox 999 3224 1252 3310; x_wconf 70' lang='lat' dir='ltr'>praedicaverit?</span> <span class='ocrx_word' id='word_1_257' title='bbox 1275 3223 1327 3289; x_wconf 83' lang='lat' dir='ltr'>Sel</span> 
     </span>
     <span class='ocr_line' id='line_1_30' title="bbox 148 3331 1327 3419; baseline -0.002 -23"><span class='ocrx_word' id='word_1_258' title='bbox 148 3331 334 3418; x_wconf 80' lang='lat' dir='ltr'>longissime</span> <span class='ocrx_word' id='word_1_259' title='bbox 354 3332 512 3396; x_wconf 81' lang='lat' dir='ltr'>aberravit</span> <span class='ocrx_word' id='word_1_260' title='bbox 534 3331 693 3396; x_wconf 82' lang='lat' dir='ltr'>Prellerus</span> <span class='ocrx_word' id='word_1_261' title='bbox 712 3336 1028 3419; x_wconf 82' lang='lat' dir='ltr'>agrammaticcrum</span> <span class='ocrx_word' id='word_1_262' title='bbox 1043 3333 1327 3417; x_wconf 84' lang='lat' dir='ltr'>philosophantium</span> 
     </span>
     <span class='ocr_line' id='line_1_31' title="bbox 147 3438 1329 3523; baseline 0 -20"><span class='ocrx_word' id='word_1_263' title='bbox 147 3443 319 3513; x_wconf 88' lang='lat' dir='ltr'>sententia,</span> <span class='ocrx_word' id='word_1_264' title='bbox 345 3438 428 3521; x_wconf 89' lang='lat' dir='ltr'>quod</span> <span class='ocrx_word' id='word_1_265' title='bbox 453 3439 616 3521; x_wconf 86' lang='lat' dir='ltr'>apparebit</span> <span class='ocrx_word' id='word_1_266' title='bbox 641 3439 695 3501; x_wconf 93' lang='lat' dir='ltr'>ubi</span> <span class='ocrx_word' id='word_1_267' title='bbox 720 3440 814 3502; x_wconf 86' lang='lat' dir='ltr'>verba</span> <span class='ocrx_word' id='word_1_268' title='bbox 834 3442 1063 3502; x_wconf 80' lang='lat' dir='ltr'>correxerimus</span> <span class='ocrx_word' id='word_1_269' title='bbox 1081 3440 1329 3523; x_wconf 84' lang='lat' dir='ltr'>pessimecohse·</span> 
     </span>
     <span class='ocr_line' id='line_1_32' title="bbox 147 3543 1330 3631; baseline -0.001 -23"><span class='ocrx_word' id='word_1_270' title='bbox 147 3546 264 3621; x_wconf 89' lang='lat' dir='ltr'>rentia,</span> <span class='ocrx_word' id='word_1_271' title='bbox 287 3544 441 3628; x_wconf 91' lang='lat' dir='ltr'>quidquid</span> <span class='ocrx_word' id='word_1_272' title='bbox 461 3544 590 3608; x_wconf 88' lang='lat' dir='ltr'>tandem</span> <span class='ocrx_word' id='word_1_273' title='bbox 611 3543 807 3631; x_wconf 83' lang='lat' dir='ltr'>significent,</span> <span class='ocrx_word' id='word_1_274' title='bbox 834 3544 983 3616; x_wconf 82' lang='grc' dir='ltr'><strong><em>Σέλευκος</em></strong></span> <span class='ocrx_word' id='word_1_275' title='bbox 1004 3550 1059 3619; x_wconf 66' lang='grc' dir='ltr'>τὴν</span> <span class='ocrx_word' id='word_1_276' title='bbox 1079 3548 1268 3626; x_wconf 74' lang='grc' dir='ltr'><strong><em>εὐφροσύνην</em></strong></span> <span class='ocrx_word' id='word_1_277' title='bbox 1287 3543 1330 3609; x_wconf 74' lang='lat' dir='ltr'>irc</span> 
     </span>
     <span class='ocr_line' id='line_1_33' title="bbox 146 3647 1331 3737; baseline 0 -22"><span class='ocrx_word' id='word_1_278' title='bbox 146 3647 180 3716; x_wconf 77' lang='grc' dir='ltr'>εὖ</span> <span class='ocrx_word' id='word_1_279' title='bbox 203 3656 370 3732; x_wconf 83' lang='grc' dir='ltr'><strong><em>Φρονοῡμεν</em></strong></span> <span class='ocrx_word' id='word_1_280' title='bbox 395 3651 446 3713; x_wconf 73' lang='grc' dir='ltr'>καὶ</span> <span class='ocrx_word' id='word_1_281' title='bbox 471 3654 525 3724; x_wconf 72' lang='grc' dir='ltr'>τὴν</span> <span class='ocrx_word' id='word_1_282' title='bbox 551 3651 748 3729; x_wconf 77' lang='grc' dir='ltr'><strong><em>οὐτοὶρκειοον.</em></strong></span> <span class='ocrx_word' id='word_1_283' title='bbox 790 3649 881 3716; x_wconf 89' lang='lat' dir='ltr'>Unde</span> <span class='ocrx_word' id='word_1_284' title='bbox 902 3655 988 3716; x_wconf 87' lang='lat' dir='ltr'>enim</span> <span class='ocrx_word' id='word_1_285' title='bbox 1009 3656 1184 3718; x_wconf 81' lang='lat' dir='ltr'>accusativi</span> <span class='ocrx_word' id='word_1_286' title='bbox 1204 3653 1331 3737; x_wconf 83' lang='lat' dir='ltr'>pendere</span> 
     </span>
     <span class='ocr_line' id='line_1_34' title="bbox 147 3755 1332 3834; baseline 0 -12"><span class='ocrx_word' id='word_1_287' title='bbox 147 3758 292 3824; x_wconf 90' lang='lat' dir='ltr'>censendi</span> <span class='ocrx_word' id='word_1_288' title='bbox 317 3755 411 3820; x_wconf 80' lang='lat' dir='ltr'>sunt?</span> <span class='ocrx_word' id='word_1_289' title='bbox 435 3757 522 3821; x_wconf 85' lang='lat' dir='ltr'>Num</span> <span class='ocrx_word' id='word_1_290' title='bbox 547 3759 585 3821; x_wconf 91' lang='lat' dir='ltr'>ab</span> <span class='ocrx_word' id='word_1_291' title='bbox 607 3760 723 3822; x_wconf 91' lang='lat' dir='ltr'>omisso</span> <span class='ocrx_word' id='word_1_292' title='bbox 744 3756 853 3834; x_wconf 58' lang='lat' dir='ltr'>scyri?</span> <span class='ocrx_word' id='word_1_293' title='bbox 874 3759 944 3822; x_wconf 92' lang='lat' dir='ltr'>Non</span> <span class='ocrx_word' id='word_1_294' title='bbox 966 3766 1013 3822; x_wconf 90' lang='lat' dir='ltr'>est</span> <span class='ocrx_word' id='word_1_295' title='bbox 1032 3759 1092 3823; x_wconf 92' lang='lat' dir='ltr'>hoc</span> <span class='ocrx_word' id='word_1_296' title='bbox 1112 3762 1145 3822; x_wconf 92' lang='lat' dir='ltr'>in</span> <span class='ocrx_word' id='word_1_297' title='bbox 1159 3760 1332 3824; x_wconf 89' lang='lat' dir='ltr'>scholiastis</span> 
     </span>
    </p>
   </div>
   <div class='ocr_carea' id='block_1_3' title="bbox 144 3860 1338 4383">
    <p class='ocr_par' dir='ltr' id='par_1_3' title="bbox 144 3860 1338 4383">
     <span class='ocr_line' id='line_1_35' title="bbox 146 3860 1332 3951; baseline -0.001 -22"><span class='ocrx_word' id='word_1_298' title='bbox 146 3865 339 3929; x_wconf 85' lang='lat' dir='ltr'>inauditum.</span> <span class='ocrx_word' id='word_1_299' title='bbox 387 3863 434 3927; x_wconf 79' lang='lat' dir='ltr'>At</span> <span class='ocrx_word' id='word_1_300' title='bbox 464 3867 535 3948; x_wconf 82' lang='lat' dir='ltr'>quis</span> <span class='ocrx_word' id='word_1_301' title='bbox 565 3866 662 3928; x_wconf 80' lang='lat' dir='ltr'>ierat:</span> <span class='ocrx_word' id='word_1_302' title='bbox 690 3864 764 3928; x_wconf 80' lang='grc' dir='ltr'><strong><em>Σέλ.</em></strong></span> <span class='ocrx_word' id='word_1_303' title='bbox 798 3868 851 3938; x_wconf 64' lang='grc' dir='ltr'>τὴν</span> <span class='ocrx_word' id='word_1_304' title='bbox 876 3865 1059 3944; x_wconf 67' lang='grc' dir='ltr'><strong><em>εὐφροσύνην</em></strong></span> <span class='ocrx_word' id='word_1_305' title='bbox 1089 3868 1206 3951; x_wconf 72' lang='grc' dir='ltr'>(λέγει)</span> <span class='ocrx_word' id='word_1_306' title='bbox 1232 3865 1283 3930; x_wconf 76' lang='grc' dir='ltr'>ὅτε</span> <span class='ocrx_word' id='word_1_307' title='bbox 1305 3860 1332 3929; x_wconf 78' lang='grc' dir='ltr'>εὖ</span> 
     </span>
     <span class='ocr_line' id='line_1_36' title="bbox 145 3969 1333 4053; baseline 0.001 -19"><span class='ocrx_word' id='word_1_308' title='bbox 145 3977 313 4052; x_wconf 74' lang='grc' dir='ltr'><strong><em>Φρονοῦμον</em></strong></span> <span class='ocrx_word' id='word_1_309' title='bbox 344 3969 395 4033; x_wconf 76' lang='grc' dir='ltr'>καὶ</span> <span class='ocrx_word' id='word_1_310' title='bbox 429 3974 482 4043; x_wconf 70' lang='grc' dir='ltr'>τὴν</span> <span class='ocrx_word' id='word_1_311' title='bbox 515 3971 720 4053; x_wconf 70' lang='grc' dir='ltr'><strong><em>αὐτάρκειαν,</em></strong></span> <span class='ocrx_word' id='word_1_312' title='bbox 749 3972 844 4036; x_wconf 84' lang='lat' dir='ltr'>verbo</span> <span class='ocrx_word' id='word_1_313' title='bbox 876 3980 907 4035; x_wconf 85' lang='lat' dir='ltr'>et</span> <span class='ocrx_word' id='word_1_314' title='bbox 938 3973 1139 4036; x_wconf 81' lang='lat' dir='ltr'>substantivo</span> <span class='ocrx_word' id='word_1_315' title='bbox 1166 3973 1333 4038; x_wconf 78' lang='lat' dir='ltr'>admodum</span> 
     </span>
     <span class='ocr_line' id='line_1_37' title="bbox 145 4074 1334 4160; baseline 0.002 -19"><span class='ocrx_word' id='word_1_316' title='bbox 145 4076 345 4141; x_wconf 90' lang='lat' dir='ltr'>incommode</span> <span class='ocrx_word' id='word_1_317' title='bbox 369 4074 544 4160; x_wconf 79' lang='lat' dir='ltr'>copulatis?</span> <span class='ocrx_word' id='word_1_318' title='bbox 568 4076 735 4141; x_wconf 85' lang='lat' dir='ltr'>Praeterea</span> <span class='ocrx_word' id='word_1_319' title='bbox 759 4078 791 4140; x_wconf 92' lang='lat' dir='ltr'>in</span> <span class='ocrx_word' id='word_1_320' title='bbox 816 4077 922 4141; x_wconf 91' lang='lat' dir='ltr'>codice</span> <span class='ocrx_word' id='word_1_321' title='bbox 943 4099 1004 4142; x_wconf 90' lang='lat' dir='ltr'>non</span> <span class='ocrx_word' id='word_1_322' title='bbox 1025 4085 1073 4142; x_wconf 91' lang='lat' dir='ltr'>est</span> <span class='ocrx_word' id='word_1_323' title='bbox 1093 4084 1268 4158; x_wconf 71' lang='grc' dir='ltr'><strong><em>φρονοῦμεν</em></strong></span> <span class='ocrx_word' id='word_1_324' title='bbox 1287 4078 1334 4143; x_wconf 90' lang='lat' dir='ltr'>sed</span> 
     </span>
     <span class='ocr_line' id='line_1_38' title="bbox 144 4182 1336 4270; baseline 0.003 -22"><span class='ocrx_word' id='word_1_325' title='bbox 144 4191 317 4264; x_wconf 79' lang='grc' dir='ltr'><strong><em>Φρονῶμεν,</em></strong></span> <span class='ocrx_word' id='word_1_326' title='bbox 350 4204 450 4267; x_wconf 89' lang='lat' dir='ltr'>neque</span> <span class='ocrx_word' id='word_1_327' title='bbox 482 4184 540 4248; x_wconf 89' lang='lat' dir='ltr'>hoc</span> <span class='ocrx_word' id='word_1_328' title='bbox 569 4195 637 4248; x_wconf 87' lang='lat' dir='ltr'>crat</span> <span class='ocrx_word' id='word_1_329' title='bbox 660 4184 884 4270; x_wconf 75' lang='lat' dir='ltr'>corrigendum</span> <span class='ocrx_word' id='word_1_330' title='bbox 909 4185 964 4249; x_wconf 87' lang='lat' dir='ltr'>sed</span> <span class='ocrx_word' id='word_1_331' title='bbox 989 4182 1057 4261; x_wconf 79' lang='grc' dir='ltr'>ὅτε,</span> <span class='ocrx_word' id='word_1_332' title='bbox 1084 4192 1117 4249; x_wconf 89' lang='lat' dir='ltr'>et</span> <span class='ocrx_word' id='word_1_333' title='bbox 1141 4185 1193 4248; x_wconf 92' lang='lat' dir='ltr'>hic</span> <span class='ocrx_word' id='word_1_334' title='bbox 1219 4192 1254 4250; x_wconf 91' lang='lat' dir='ltr'>et</span> <span class='ocrx_word' id='word_1_335' title='bbox 1277 4208 1336 4251; x_wconf 87' lang='lat' dir='ltr'>sae·</span> 
     </span>
     <span class='ocr_line' id='line_1_39' title="bbox 144 4290 1338 4383; baseline 0.002 -28"><span class='ocrx_word' id='word_1_336' title='bbox 144 4294 236 4379; x_wconf 90' lang='lat' dir='ltr'>pius,</span> <span class='ocrx_word' id='word_1_337' title='bbox 273 4328 317 4340; x_wconf 90' lang='lat'><em>-</em></span> <span class='ocrx_word' id='word_1_338' title='bbox 354 4290 405 4357; x_wconf 86' lang='lat' dir='ltr'>vel</span> <span class='ocrx_word' id='word_1_339' title='bbox 442 4292 474 4353; x_wconf 93' lang='lat' dir='ltr'>in</span> <span class='ocrx_word' id='word_1_340' title='bbox 509 4292 567 4355; x_wconf 92' lang='lat' dir='ltr'>hoc</span> <span class='ocrx_word' id='word_1_341' title='bbox 600 4293 668 4375; x_wconf 90' lang='lat' dir='ltr'>ipso</span> <span class='ocrx_word' id='word_1_342' title='bbox 698 4291 767 4356; x_wconf 90' lang='lat' dir='ltr'>loco</span> <span class='ocrx_word' id='word_1_343' title='bbox 798 4290 988 4369; x_wconf 88' lang='lat' dir='ltr'>Homerico,</span> <span class='ocrx_word' id='word_1_344' title='bbox 1022 4293 1060 4356; x_wconf 89' lang='lat' dir='ltr'>de</span> <span class='ocrx_word' id='word_1_345' title='bbox 1093 4294 1185 4383; x_wconf 81' lang='lat' dir='ltr'>cuius</span> <span class='ocrx_word' id='word_1_346' title='bbox 1211 4293 1338 4359; x_wconf 81' lang='lat' dir='ltr'>scholiis</span> 
     </span>
    </p>
   </div>
   <div class='ocr_carea' id='block_1_4' title="bbox 0 0 1494 4950">
    <p class='ocr_par' dir='ltr' id='par_1_4' title="bbox 0 0 1494 4950">
     <span class='ocr_line' id='line_1_40' title="bbox 0 0 1494 4950; baseline 0 0"><span class='ocrx_word' id='word_1_347' title='bbox 0 0 1494 4950; x_wconf 95' lang='lat' dir='ltr'> </span> 
     </span>
    </p>
   </div>
  </div>
 </body>
</html>
