2978 4950
679 245 720 312 49

94 436 304 513 γενειήσαντα
327 433 426 512 ἴδηαι,
449 432 466 507 ΙΙ
488 434 628 512 γήμασθ’
652 432 673 517 ᾧ
698 435 878 518 κ’ἔθέλρσθα
898 438 1082 502 adnotatur:
1112 436 1143 501 ἕν
1172 431 1193 517 ᾧ
1218 459 1288 517 τρο-

97 544 221 623 τρέπει,
258 541 288 605 ἔν
319 540 416 621 τούτῳ
444 542 631 620 ἀποτρέπει·
663 547 761 621 γραῦς
793 543 855 623 yar
890 542 955 628 (θον)
985 541 1055 606 τότε
1088 541 1218 620 ἐγένετο.
1244 579 1288 591 -

96 675 138 729 χ,
166 648 251 713 240:
277 650 331 713 οὐκ
355 648 473 722 οίληθῶς
498 650 541 720 είς
565 648 714 729 χελιδόνα
738 649 917 726 μετεβλήθη
945 650 962 723 ἡ
986 648 1066 725 θείς,
1088 648 1153 712 οὐδὲ
1173 652 1287 727 Ἐρμῆς

97 758 111 820 ὁ
149 755 270 832 λόγος
307 753 391 835 ἔρνιθι
427 756 526 825 εὀικῶς
561 755 627 819 οὐδὲ
659 756 675 830 ἧ
709 756 808 834 αίθυίρ
837 757 937 820 είκυῖα
968 753 1141 831 Λευκοθέα,
1174 756 1239 819 οὐδὲ
1272 757 1285 818 ὁ

98 863 240 940 Πρωτεὺς
276 866 335 940 πῦρ
371 860 511 938 ἐγένετο·
548 860 660 926 ἔκαυσε
692 862 754 941 γὰρ
786 861 851 947 (θον)
882 864 934 928 τὸν
965 863 1139 938 Μενέλαον,
1172 863 1228 926 ubi
1251 859 1290 925 ίιν

96 969 193 1034 rideo
211 970 277 1033 iam
297 967 448 1033 adiecisse
471 966 639 1033 Struvium
666 967 773 1053 (Dind.
798 967 899 1034 Praef.
923 991 955 1055 p.
978 969 1089 1052 mx),
1114 968 1168 1032 sed
1191 968 1288 1033 simul

96 1080 130 1140 et
161 1075 248 1140 aliud
280 1074 354 1138 hinc
378 1074 494 1139 vitium
519 1074 697 1139 tollendum
722 1073 800 1138 olim
826 1076 911 1152 dixi,
936 1081 968 1140 et
991 1078 1095 1159 ipsum
1122 1095 1138 1138 e
1162 1074 1289 1159 pervul-

96 1180 284 1269 gatissimis.
333 1179 462 1244 Etenim
497 1183 552 1265 qui
588 1201 697 1246 revera
728 1184 843 1260 Ἑομῆς
875 1183 889 1245 ὁ
921 1183 965 1246 λθ
973 1204 1061 1258 γιος
1094 1181 1156 1251 θεὸς
1179 1181 1288 1265 audit,

96 1288 164 1354 fera
195 1308 320 1372 sempor
340 1287 384 1361 ¹in
411 1285 612 1352 Scholicrum
643 1288 806 1352 codicibus
835 1294 866 1353 et
890 1288 1099 1364 editionibus,
1123 1293 1161 1352 ut
1184 1293 1290 1352 nostro

96 1393 168 1460 loco
180 1394 301 1459 factum
315 1399 380 1470 est,
398 1396 512 1472 Ἑρμῆς
532 1394 546 1456 θ
567 1393 690 1471 λόγος
711 1397 848 1478 pessime
860 1395 986 1459 dicitur.
1002 1432 1043 1443 —
1056 1395 1099 1459 Er
1110 1418 1143 1464 α,
1155 1393 1232 1472 226,
1247 1433 1288 1444 -

96 1507 136 1566 ut
160 1499 289 1565 tandem
314 1499 482 1584 aliquando
506 1499 544 1564 ad
569 1502 707 1583 primum
731 1499 868 1576 librum,
892 1502 976 1565 unde
999 1501 1133 1587 digressi
1161 1522 1289 1576 sumus,

95 1607 221 1671 reditus
245 1604 318 1688 fiat,
342 1643 385 1654 -
409 1609 533 1690 quaerit
557 1606 700 1671 Minerva
724 1627 740 1670 e
765 1605 970 1671 Telemacho:
996 1607 1138 1680 εἰλαπίνη
1163 1607 1195 1681 ἠὲ
1226 1606 1289 1683 yat—
1332 1693 1333 1696 Ἴ

97 1736 176 1797 pam
202 1712 269 1776 ἐπεὶ
295 1713 348 1776 οὐκ
371 1709 472 1790 ἔρανος
496 1711 573 1776 τάδε
597 1711 633 1790 γ’
659 1713 749 1776 ἐστίν.
775 1712 828 1777 Ad
852 1714 929 1777 haec
952 1712 1120 1779 Scholion:
1144 1715 1288 1788 εἰλαπίνη

98 1823 115 1893 ἧ
151 1825 274 1884 πολλῶν
304 1819 400 1898 εθωχί
426 1868 433 1882 .
460 1855 512 1868 --
536 1817 636 1898 ἔρανος
662 1822 679 1894 ἡ
703 1820 737 1882 ἔκ
762 1825 861 1883 κοινῶν
886 1819 1014 1899 εὐωχία.
1041 1857 1060 1868 -
1075 1857 1094 1869 -
1118 1822 1144 1884 εί
1169 1821 1232 1902 γὰρ
1257 1819 1291 1894 ἦν

96 1925 217 2007 ἔρανος,
254 1927 464 2004 φειδωλῶς
498 1925 633 1999 ἤσθιον
667 1929 706 1997 ῶς
738 1924 801 1989 ίδια
835 1926 991 1997 ἐσθίοντες.
1038 1926 1133 1991 Forte
1164 1928 1291 1992 fortuna

96 2031 211 2098 eadem
243 2032 442 2116 paraphrasis
473 2032 512 2096 ad
545 2033 784 2116 praecedentem
809 2053 935 2097 versum
961 2031 1062 2096 relata
1085 2035 1189 2097 estin
1213 2033 1292 2099 Hei·

96 2137 301 2226 dclbsrgensi
326 2137 389 2223 (P),
416 2139 471 2202 ubi
496 2144 580 2203 recte
604 2143 636 2203 et
660 2139 768 2203 ordine
792 2140 957 2203 scribitur:
984 2139 1008 2200 εί
1033 2139 1097 2216 γὰρ
1119 2134 1161 2215 ἦν,
1183 2140 1289 2218 φησίν,

96 2244 221 2326 ἔρανος,
258 2244 413 2322 Φειδιιλῶς
450 2244 545 2318 ι’ίσθιον
581 2243 626 2308 θον
661 2247 698 2314 ῶς
736 2245 798 2307 ἴδια
842 2245 1007 2321 ἐσθίοντες,
1049 2245 1132 2310 unde
1170 2245 1291 2329 liquido

95 2356 223 2416 constat
254 2353 462 2415 necessariam
493 2350 699 2434 particulam,
733 2371 795 2436 qua
818 2354 936 2416 omissa
958 2373 1067 2416 sensus
1090 2354 1172 2426 ruit,
1196 2352 1292 2418 libra·

96 2461 218 2522 riorum
255 2457 398 2522 socordia
431 2459 464 2520 in
497 2456 641 2540 pluribus
673 2457 834 2523 codicibus
865 2456 986 2542 (BMQ)
1019 2479 1086 2522 esse
1120 2462 1291 2537 omissam,

98 2585 163 2629 non
197 2565 379 2647 scriptoris,
404 2584 466 2647 quc
490 2561 698 2628 confidentius
723 2563 799 2628 talia
822 2569 854 2628 et
876 2565 909 2627 in
933 2567 1065 2629 caeteris
1087 2585 1289 2650 reponamus.

145 2669 253 2734 Simul
277 2668 390 2735 ethos
414 2691 452 2734 ex
476 2668 632 2753 exemplis
655 2690 750 2754 supra
773 2672 900 2754 scriptis
920 2677 1062 2755 apparet,
1085 2673 1289 2736 notissimum

96 2797 210 2852 sane„
227 2775 416 2860 particulam
449 2773 492 2837 ίιν
525 2778 709 2860 saepissime
740 2777 920 2862 absorptam
954 2797 1020 2841 esse
1049 2777 1290 2861 apraecedenti

95 2883 179 2962 γάρ,
217 2887 254 2946 ut
285 2884 348 2946 rari
381 2880 554 2946 admodum
586 2884 619 2945 in
648 2884 764 2946 nostris
794 2877 968 2957 loci'sint,
992 2883 1049 2946 ubi
1073 2883 1137 2960 γὰρ
1160 2882 1198 2947 ἄν
1223 2885 1290 2950 sine

95 2989 169 3053 labe
191 2990 345 3059 evaserit.
366 2988 449 3072 quod
469 2990 491 3052 i.
504 3008 532 3052 a.
554 2988 742 3053 factumest
763 2989 801 3052 ad
825 3012 859 3065 y,
887 2987 961 3060 106,
984 2990 1041 3052 ubi
1063 2989 1179 3054 Nestor
1201 2990 1291 3057 'Pele-

96 3095 212 3160 macho
232 3095 379 3179 exponit,
400 3100 476 3178 quot
497 3100 692 3179 quantosque
706 3095 828 3160 labores
840 3093 955 3160 Graeci
967 3097 1000 3159 in
1013 3096 1184 3161 obsidenda
1196 3097 1292 3164 'l'rcia

95 3201 305 3286 pertulerint,
326 3200 400 3275 ἠμὲν
421 3196 478 3264 ὅσα
497 3199 551 3275 ξὺν
573 3202 675 3274 νηυσίν
696 3202 745 3264 ἔτ’
766 3199 911 3278 ἠεροειδέα
931 3200 1038 3265 πθντον
1064 3199 1080 3273 ΙΙ
1103 3201 1290 3283 πλαζόμενοι

96 3333 116 3371 ιι
126 3332 148 3371 α
157 3309 207 3372 τὰ
230 3306 347 3381 ληΐδ’,
367 3323 438 3371 κτλ.
464 3307 562 3372 Recte
574 3307 650 3372 haec
663 3307 785 3372 adiecta
798 3312 886 3380 sunt,
902 3344 945 3354 -
958 3314 1118 3373 enarrator
1129 3311 1235 3392 inquit
1248 3349 1289 3358 -

96 3416 167 3478 οὐκ
199 3414 247 3477 ἂν
278 3414 333 3490 γίι
343 3437 358 3492 ρ
387 3418 528 3478 τοσοῦτον
561 3415 726 3488 ὑπέμειναν
755 3413 823 3485 τοὺς
849 3411 974 3486 τόνους,
1000 3415 1056 3479 ubi
1079 3419 1111 3479 et
1134 3416 1290 3481 notandus

96 3520 187 3585 locus
217 3526 267 3584 est
297 3541 392 3604 quem
417 3518 455 3584 ἄν
480 3526 612 3605 occupat
636 3528 668 3584 et
691 3522 744 3584 oia
768 3518 806 3583 θιν
830 3520 892 3598 γὰρ
924 3525 1116 3584 τοσοῦτον
1149 3522 1289 3601 χρόνον

96 3627 266 3704 ὑπέμειναν
289 3651 319 3690 τ.
345 3650 380 3688 τ.
407 3629 561 3711 scriptum
586 3633 717 3711 oportet.
760 3625 979 3690 Bellissimum
1004 3633 1111 3692 autem
1135 3628 1288 3692 vitiorum

95 3734 156 3798 hcc
180 3754 283 3820 genus
307 3733 466 3817 specimen
490 3732 645 3797 habemus
669 3735 702 3794 in
726 3734 856 3816 antiquo
880 3731 1006 3798 Scholia
1030 3733 1068 3797 ad
1093 3757 1129 3810 y,
1148 3733 1290 3817 255,-

93 3843 164 3904 sive
187 3839 360 3905 Aristonici
384 3846 431 3904 est
456 3842 524 3903 sive
547 3838 738 3914 Herodiani,
759 3877 799 3887 -
813 3839 853 3903 ad
878 3839 962 3902 hunc
985 3839 1118 3904 Homeri
1140 3861 1288 3907 versum:

94 3947 112 4021 ἦ
139 3971 186 4011 τοι
218 3947 276 4022 μὲν
305 3944 381 4010 τοίδε
406 3944 517 4017 καύτὸς
542 3947 618 4010 οίεαι
642 3943 679 4015 ῶς
704 3969 754 4009 κεν
779 3946 904 4024 ἐτύχθη.
952 3944 1150 4010 Dubitabant
1169 3955 1291 4014 veteres

91 4051 322 4140 grammatici,
345 4056 455 4116 utrum
480 4054 577 4117 crasis
599 4054 633 4115 in
657 4050 770 4122 καύτὸς
796 4050 978 4115 resolvenda
1001 4056 1083 4115 esset
1105 4054 1137 4116 in
1163 4053 1215 4116 καὶ
1237 4055 1291 4118 αὖ·

91 4160 147 4229 τίς
184 4179 223 4224 an
258 4157 291 4221 in
328 4181 362 4220 κε
396 4157 499 4227 αὐτός.
556 4157 776 4233 Herodianus,
812 4155 1032 4220 Ptolemaeum
1068 4156 1288 4224 Ascalonitam

91 4271 225 4331 secutus
258 4270 438 4339 auctorem,
470 4287 503 4328 κε
536 4265 636 4328 inesse
668 4264 835 4337 censebat,
865 4283 967 4327 errore
993 4269 1032 4327 ut
1054 4263 1137 4327 mihi
1161 4265 1291 4349 quidem

91 4372 244 4445 ridetur,
270 4371 325 4435 sed
349 4374 399 4436 est
421 4370 474 4435 hic
498 4372 564 4435 sive
588 4390 672 4434 error
695 4371 762 4433 sive
785 4370 891 4454 opinio
911 4372 1056 4433 omnium
1072 4368 1289 4437 Aristarcheo·

1128 4491 1145 4536 4
