2978 4950
687 167 770 290 ata

126 406 244 476 latiora
267 411 381 488 habet,
407 413 523 497 partim
547 415 593 497 (v.
606 434 632 478 o.
656 412 697 478 τὸ
721 415 777 489 μὲν
800 415 863 493 τρὶς
885 410 1028 495 τόσσους)
1049 408 1221 475 vitiosiore.
1246 400 1308 468 Sed

126 515 158 582 ie
188 517 241 582 his
272 539 357 584 nune
387 519 581 596 tacebimus,
614 541 650 584 ea
681 525 808 584 tuntum
838 517 1027 593 iudicaturi,
1050 517 1106 578 ubi
1128 518 1308 577 nostrorum

126 624 216 689 tectio
247 623 375 690 aliunde
406 628 556 712 castigari
586 630 700 711 potest.
749 625 866 690 Melius
896 628 1004 708 itaque
1035 621 1172 686 Venetus
1202 639 1308 696 κρατε·

126 736 244 807 ιοῑσι,
275 728 409 813 melius,
441 731 524 815 quod
548 733 670 816 etipse
694 732 910 815 requirebam,
935 728 1023 805 λέγοι
1047 725 1084 790 ἂν
1112 722 1219 810 (οὖν),
1245 743 1311 787 me·

126 835 184 899 dus
219 836 318 901 etiam
354 837 515 916 οὶπεέρονας
547 838 577 901 δὲ
612 839 730 922 (τοὺς)
764 838 937 915 κραταιούς.
983 834 1077 900 Nunc
1108 836 1251 897 extrema
1277 831 1311 892 in

126 943 238 1006 uostris
267 943 492 1028 inspiciamus,
525 964 660 1028 quorum
693 963 765 1007 oum
790 941 910 1009 Veneto
934 941 1100 1007 diversitas
1122 938 1218 1023 paulo
1241 955 1312 1023 gra·

126 1048 219 1142 rioris
249 1051 406 1115 momenti
438 1055 495 1115 est.
527 1048 605 1114 ὥστε
637 1049 672 1114 τὸ
696 1047 818 1128 ἄπειρον
842 1049 894 1114 καὶ
919 1048 969 1113 ἐπὶ
994 1047 1160 1129 σχήματος
1184 1043 1225 1107 οὗ
1245 1065 1310 1106 πε-
1408 1058 1416 1075 ”

126 1156 379 1233 τερασμένον
415 1158 482 1220 καθ’
517 1154 653 1236 Ὅμηρον
687 1156 805 1221 τίθεται
841 1157 893 1221 καὶ
931 1152 998 1219 έσπι
1027 1156 1082 1217 τοῦ
1113 1153 1311 1228 κυκλοτεροῦς

126 1256 192 1325 tm
223 1263 277 1327 aa>
311 1262 529 1342 σφαιροειδοῦς.
577 1263 629 1330 Sie
659 1265 758 1329 nostri
780 1263 925 1338 codices,
949 1262 1012 1326 nisi
1035 1259 1118 1346 qnod
1141 1259 1268 1345 negatio
1293 1275 1312 1319 a

126 1354 320 1434 Buttmanno
352 1371 529 1454 proposita,
562 1390 580 1434 a
609 1367 771 1435 Dindorfio
800 1374 833 1433 in
863 1375 988 1435 textum
1011 1370 1155 1450 recepta,
1181 1384 1200 1428 a
1222 1362 1313 1427 libris

126 1471 227 1551 tbest,
248 1476 304 1559 qui
319 1472 405 1540 fideli
418 1513 461 1523 —
473 1479 510 1539 ut
528 1475 656 1541 videtur
670 1513 710 1524 —
724 1475 890 1540 eoncordia
909 1474 959 1537 ἐπὶ
978 1474 1144 1552 σχήματος
1157 1491 1314 1547 πεπερασ-

126 1575 210 1652 μένον
230 1580 398 1664 praebent,
422 1579 506 1666 quod
529 1581 596 1646 siva
619 1584 821 1667 negationem
844 1583 979 1647 retineas
1003 1582 1071 1644 sive
1095 1598 1156 1642 non
1180 1578 1315 1641 retineas

126 1687 252 1751 omniuo
282 1688 316 1750 in
348 1687 594 1765 πεπερασμένου
625 1688 827 1752 mutandum.
876 1690 918 1751 At
948 1686 1024 1770 quid
1047 1679 1211 1750 Venetus?
1236 1678 1313 1744 ciuus

127 1787 158 1850 rt
191 1788 315 1871 ἄπειρον
343 1792 470 1879 (malim
501 1794 690 1879 απείρων)
722 1795 772 1857 καὶ
807 1796 855 1858 ἐπὶ
889 1796 1056 1874 σχήματος
1081 1787 1314 1867 πεπερασμένου

131 1896 195 1960 καθ’
223 1897 362 1978 Ὅμηρον
393 1901 545 1974 τίθεσθαι,
576 1901 636 1965 hoo
668 1901 797 1986 quidem
822 1922 860 1965 ex
883 1919 1030 1986 perversa
1053 1896 1220 1962 Villoisoni
1245 1915 1315 1958 mu·
1346 1980 1348 1983 v

134 2003 262 2080 tatione,
296 2026 369 2070 nam
403 2007 500 2071 codex
525 2008 643 2070 τίθεται
666 2007 736 2090 dat,
759 2007 819 2071 huo
842 2027 966 2092 quoque
988 2007 1023 2068 in
1046 2024 1079 2068 re
1102 2023 1175 2068 oum
1200 2002 1316 2065 nostris
1381 2082 1382 2085 Ἴ

138 2113 333 2176 eonsentiens.
370 2111 430 2177 Sed
455 2113 539 2198 quod
563 2115 811 2200 gravissimum.
837 2118 873 2177 ut
897 2112 1060 2188 dicebam,
1085 2113 1183 2175 etiam
1208 2111 1240 2172 in
1264 2128 1317 2171 ex·

140 2215 282 2281 trudendo
313 2220 483 2305 negatione
516 2240 590 2283 oum
620 2220 736 2284 nostris
767 2200 939 2294 eonsent't,
972 2224 1081 2301 estque
1110 2235 1162 2280 me
1185 2213 1315 2299 quidem

140 2318 232 2387 indiae
262 2344 300 2389 ea
327 2323 423 2389 leetio
456 2327 624 2389 verissima
647 2345 754 2409 neque
784 2326 823 2390 ob
854 2344 1041 2389 consensum
1073 2326 1199 2386 tantum
1224 2321 1316 2383 unice

139 2426 315 2512 recipienda.
364 2430 490 2515 Nempe
531 2431 633 2495 obiter
675 2452 741 2495 rem
787 2430 1075 2500 considerantibus.
1119 2426 1170 2493 vel
1210 2428 1315 2521 potius

137 2545 168 2592 0⁸
196 2540 319 2600 tantum
352 2557 432 2621 quae
467 2540 566 2602 nostri
602 2537 724 2602 codices
758 2538 796 2602 ad
831 2542 976 2602 nostrum
1010 2535 1117 2601 locum
1153 2553 1315 2616 excerpse-

133 2644 202 2704 nat
236 2643 449 2719 intuentibus,
492 2618 743 2708 Buttmanniana
784 2646 964 2708 coniectura
1004 2648 1131 2706 tantum
1164 2661 1226 2704 non
1262 2638 1316 2702 fle-

126 2741 227 2822 uitari
248 2767 266 2812 a
289 2751 446 2813 sententia
469 2748 604 2812 videtur.
652 2747 699 2813 At
723 2755 823 2814 totam
847 2751 1095 2834 disputationem
1113 2750 1140 2811 si
1158 2744 1317 2832 pervolvi-

126 2860 223 2927 mus,
245 2861 338 2938 prout
361 2855 401 2919 ad
424 2854 559 2920 Iliadem
584 2854 669 2919 haud
690 2856 786 2920 dubie
805 2857 931 2942 integra
950 2855 1014 2919 fere
1035 2861 1158 2919 servata
1177 2858 1239 2928 est,
1253 2850 1316 2916 alia

126 2959 238 3022 >mnia
259 2960 415 3024 videmus.
463 2962 566 3044 Atque
587 2960 620 3024 id
643 2963 807 3046 primum,
834 2961 1084 3045 disputationem
1107 2980 1169 3024 uon
1189 2979 1225 3023 eo
1244 2977 1316 3022 oon·

126 3055 192 3125 iiio
226 3063 404 3130 institutam
430 3087 513 3142 esse,
538 3072 575 3130 ut
597 3066 753 3132 annulum
777 3068 829 3133 vel
853 3066 981 3131 vincula
1000 3067 1146 3145 ιέπείρονα
1166 3066 1318 3148 interpre-

126 3170 235 3244 etur,
264 3172 317 3236 sed
347 3178 385 3235 ut
412 3171 537 3252 ζήτημα
561 3170 811 3257 grammatieum
836 3172 977 3238 solvatur
1001 3170 1040 3236 de
1063 3172 1136 3237 orbe
1160 3178 1316 3235 terrarum

126 3291 214 3337 tunc
246 3278 326 3360 apud
355 3276 533 3343 Homerum
563 3279 694 3357 ἀπείρων
723 3279 807 3344 dicto
840 3278 1021 3362 (,,ιὶπεέρονοι
1053 3277 1184 3354 γαῖαν,”
1214 3301 1236 3339 α
1261 3274 1314 3341 97.

126 3385 254 3465 ,γαῖαν
274 3383 523 3466 οἱσειρεσίην,”ῒ
550 3383 616 3469 58),
641 3406 725 3449 nuno
749 3386 932 3472 regionibus
956 3384 1142 3449 distinctum
1166 3404 1232 3448 esse
1256 3387 1317 3446 tra·

126 3486 200 3553 dito
234 3483 305 3572 (εἷμι
335 3490 399 3568 γὰρ
430 3489 563 3567 ὀψομένη
595 3491 795 3568 πολυφόρβου
826 3493 962 3569 πείρατα
988 3490 1117 3575 γαίης).
1142 3488 1232 3554 Haeo
1255 3489 1317 3553 duo

130 3590 231 3660 mata
251 3593 445 3682 Porphyrius
469 3595 559 3660 docet
581 3595 663 3660 nihil
683 3601 834 3662 contrarii
855 3600 887 3661 in
908 3618 941 3661 se
962 3595 1077 3661 habere
1095 3597 1192 3680 idque
1203 3595 1318 3679 repetit

136 3717 176 3765 ux
205 3700 296 3764 variis
326 3701 476 3765 adieetivi
499 3702 628 3779 ἀπείρων
653 3700 956 3788 significationibus,
981 3707 1076 3787 atque
1099 3705 1167 3766 eius
1190 3708 1317 3765 tantum

141 3800 189 3868 rei
215 3821 302 3870 eausa
332 3806 430 3871 etiam
454 3806 529 3889 quid
552 3805 714 3878 δακτύλιος
740 3807 872 3887 ιὶπείριυν
894 3815 927 3873 et
949 3807 1054 3884 δεσμοὶ
1078 3809 1232 3885 ἀπείρονες
1257 3807 1317 3870 sibi

144 3902 239 3971 velini
258 3915 393 3996 exponit.
421 3918 487 3982 Πῶς
512 3913 720 3984 πολλάκις-
735 3917 842 3998 inquit
865 3917 976 3979 statim
996 3916 1035 3979 ab
1056 3914 1148 3978 initio
1161 3911 1319 3987 -Ὅμη-

141 4033 192 4092 ’ρος
222 4013 271 4084 τὴν
299 4026 358 4094 γῆν
390 4017 510 4094 ἄπειρον
541 4021 632 4084 εἰπὼν
658 4057 710 4068 --
735 4021 832 4085 πάλιν
866 4020 916 4083 διὰ
945 4028 1000 4093 τῆς
1025 4017 1121 4095 Ἥρας
1147 4016 1231 4096 »εἶμι
1256 4021 1318 4098 γὰρ

152 4117 269 4193 ὀψομένη
298 4123 494 4205 πολυφόρβου
525 4126 660 4200 πείρατα
693 4127 829 4203 γαίης”;
853 4127 999 4205 μάχεται
1024 4126 1086 4206 γὰρ
1109 4124 1144 4188 τὸ
1168 4121 1240 4200 ἅμα
1265 4129 1320 4200 μέν

155 4219 237 4295 αὐτὴν
259 4231 506 4312 πεπερασμένην,
531 4228 602 4306 ἅμα
627 4232 653 4295 δ’
677 4234 822 4310 ἀπείρονα
846 4232 1087 4311 ἀποφαίνεσθαι.
1112 4232 1137 4294 εἱ
1157 4231 1214 4308 μὲν
1234 4230 1320 4307 οὖνὴ

156 4327 202 4387 τοῦ
216 4329 331 4415 ιὶπεέριυ
354 4338 439 4415 Φωνὴ
461 4333 491 4399 ἓν
514 4338 735 4415 σημαινόμενον
758 4346 916 4419 περιεῖχε,
940 4338 975 4401 τὸ
999 4336 1083 4399 κατὰ
1109 4336 1200 4401 ποσὸν
1219 4338 1322 4422 ebreg-
