2978 4950
629 170 696 244 527.

63 381 109 412 nna
134 381 256 430 perperam
282 368 345 416 deest
370 366 480 426 σημαένιι
504 370 558 414 ante
581 367 627 424 τὴν
653 368 742 431 'asam
762 363 831 424 θέαν,
847 367 910 431 qnod
927 369 1006 415 tamen
1023 366 1084 429 apud
1104 365 1253 414 Dindcrtium

60 453 183 512 comparat
199 452 224 496 et
240 448 291 498 aina
309 448 359 499 nlla
375 449 522 500 dubitatione
540 466 553 499 a
570 451 707 516 Porphyris
724 451 843 501 adiectum
859 449 912 500 fuit
1024 459 1026 463 ’

94 535 133 584 Ad
156 552 179 601 p.
206 537 253 586 155
278 537 305 601 (i
328 538 360 588 10
383 555 404 588 a
422 539 453 603 s.)
472 539 501 588 In
519 539 588 588 unico
606 539 721 603 Hesychii
738 539 831 598 codice,
848 536 953 603 nequid
970 535 1129 595 dissimulem,
1146 551 1194 585 non
1209 535 1253 587 ris

63 622 139 686 ὑμένα
165 627 211 674 τοῦ
236 626 341 687 αἵματος
366 629 481 694 scriptum
503 631 550 688 ast,
574 631 615 678 aad
639 623 685 678 τοῦ
711 626 836 690 estuaret·
871 627 936 678 Hinc
953 627 1004 676 aina
1020 624 1091 675 dnbio
1108 625 1254 676 Schmidtiua

58 713 140 758 motus
165 709 266 774 glossam
292 726 338 760 nou
360 712 389 760 ad
412 716 522 761 nostrum
545 712 666 777 Odysseae
682 712 761 762 locum
777 711 898 777 pertinere
915 708 1044 759 adnomrit.
1078 709 1112 757 At
1128 707 1211 771 quidni
1228 709 1253 756 at

57 807 86 839 eo
104 790 240 856 pertineat?

91 872 168 939 adp.
188 874 237 923 160
255 873 284 938 (l.
301 879 318 924 t
335 891 355 925 u
374 877 405 941 s.)
424 877 483 927 Pro:
503 877 587 926 deinde
605 876 725 928 verbosius
743 877 769 926 iu
786 874 895 942 arent*
914 873 970 939 leg:
990 872 1074 922 deinde
1091 870 1212 921 verberim
1228 874 1253 921 et

58 956 139 1005 minus
156 961 263 1006 accurate
281 958 306 1007 in
325 957 491 1020 DliHPQR'I'.
511 961 575 1009 Nam
592 959 727 1011 Ithaceusaa
743 974 827 1025 procos
845 960 871 1007 in
892 956 971 1007 Ulixis
988 956 1058 1006 domo
1076 954 1182 1004 cubitum
1199 953 1253 1004 iiaaa

56 1043 129 1104 poeta
145 1054 261 1102 nusquam
278 1040 407 1089 memoriae
423 1041 543 1106 prodidit,
560 1047 644 1091 eontra
661 1042 711 1091 aina
729 1040 862 1091 narrationi
880 1042 962 1105 aperte
980 1040 1105 1103 repugnat.
1123 1037 1168 1085 Sed
1190 1036 1254 1085 inter

57 1121 178 1185 aequiores
200 1122 271 1172 fuisse
293 1123 334 1189 qni
358 1123 390 1172 aie
412 1127 534 1173 censerent
556 1140 583 1173 ax
606 1125 657 1191 ipsa
674 1123 804 1174 Aristonici
822 1127 879 1172 nota
896 1124 1008 1188 apparet,
1026 1135 1087 1184 quae
1104 1118 1254 1168 eontrarium

57 1204 135 1253 docet.
168 1203 278 1254 Fortasse
302 1205 345 1253 hoc
367 1205 500 1256 alienarunt
522 1223 549 1256 ax
567 1223 581 1254 ν
599 1208 613 1256 6
631 1223 694 1272 aeqq.
713 1207 743 1256 In
761 1206 826 1255 exitu
845 1204 960 1268 longioris
977 1201 1075 1261 scholii,
1093 1201 1135 1266 qui
1155 1202 1180 1250 in
1197 1200 1254 1250 solis

59 1291 105 1357 EQ
124 1299 254 1358 comparet,
276 1295 375 1344 fortuma
392 1295 437 1360 leg.
457 1293 483 1344 di
500 1313 544 1363 pro
561 1296 619 1358 γαρ.

94 1376 131 1423 Ad
148 1391 171 1440 p.
191 1377 239 1425 163
257 1375 285 1442 (1.
305 1379 336 1427 18
354 1394 375 1427 a.
394 1379 423 1444 i.)
441 1380 500 1429 Pro:
523 1380 597 1429 redux
614 1381 658 1445 leg.
678 1380 766 1430 reduci.

95 1457 131 1505 sd
155 1474 177 1522 p.
203 1459 251 1507 164
278 1459 305 1521 [1.
330 1459 345 1511 7
368 1477 389 1509 a.
413 1462 440 1522 i.)
463 1461 492 1510 In
516 1461 605 1511 scholio
628 1461 807 1527 corruptissimo
826 1462 855 1510 ad
873 1474 893 1519 γ
912 1460 962 1510 400
981 1461 1073 1524 partem
1090 1460 1186 1507 tanturn
1204 1457 1253 1506 reri

60 1546 118 1594 vidi.
154 1546 216 1596 Vera
238 1549 285 1598 erit
301 1549 359 1598 haec
375 1551 522 1601 emendatio:
540 1545 608 1600 νέοντ’
628 1549 716 1601 dacus·
737 1548 906 1600 συνέσταλται
925 1548 955 1598 ri
974 1560 1005 1596 α·
1026 1545 1145 1610 ἀλλαχοῦ
1163 1543 1187 1595 δ’
1204 1542 1256 1610 'abc-

60 1633 235 1697 τέταται)’
257 1635 351 1687 ονένιτα
370 1639 414 1700 μὶν
432 1635 557 1702 ἀέσαμν”
577 1640 607 1703 (γ
627 1643 695 1706 161),
715 1635 832 1704 affara)
850 1632 944 1689 salr'
960 1630 1139 1698 ἆνέμοινα”-
1156 1628 1185 1693 (τ
1195 1636 1255 1699 342)

61 1719 231 1770 videturesse
248 1725 305 1771 nota
324 1723 462 1774 Herodiani.

95 1802 131 1850 ad
155 1818 179 1868 p.
203 1803 250 1856 1'11
274 1805 301 1869 (1.
328 1806 359 1854 10
382 1823 404 1854 a.
421 1810 452 1868 a.)
471 1807 500 1856 In
518 1807 607 1856 scholio
624 1809 653 1857 ad
671 1808 685 1859 δ
705 1808 736 1856 16
755 1794 781 1857 in
801 1807 899 1855 nondam
916 1805 1058 1854 sententiam
1076 1803 1116 1852 aad
1134 1803 1211 1868 magis
1228 1818 1257 1851 ax

60 1885 178 1933 sermonis
204 1886 350 1951 proprietate
378 1887 468 1938 Contos
494 1890 554 1939 mihi
580 1905 624 1954 per
646 1889 728 1939 literas
751 1888 918 1953 corrigendum
941 1885 985 1936 sibi
1008 1885 1083 1935 rideri
1101 1883 1253 1949 significavit:

61 1975 87 2022 οέ
103 1973 174 2030 ’νητὸς
193 1974 250 2035 μὲν
269 1971 336 2030 ’ὄντες
356 1982 401 2035 τῆς
420 1979 527 2037 τέλειος,
546 1983 649 2036 τλησέον
668 1975 738 2043 (δέ),
757 1976 815 2028 ’έται
835 1975 861 2026 δὲ
883 1986 940 2025 νιτλ.

96 2066 133 2113 Ad
151 2082 174 2131 p.
193 2066 242 2117 174
257 2072 307 2116 not.
327 2068 354 2130 (1.
373 2070 401 2132 4)
420 2069 468 2118 Pro
486 2065 557 2132 χιῖας
575 2071 620 2136 lag.
639 2066 732 2133 χοῖρος.

97 2154 133 2201 Ad
151 2171 174 2219 p.
194 2154 242 2204 180
260 2156 285 2216 (l.
301 2157 316 2205 2
331 2173 351 2206 a.
362 2158 388 2219 i.)
407 2160 529 2210 lncantius
545 2160 643 2225 probari
662 2161 840 2210 Dindorfianam
859 2159 1018 2207 coniecturam
1037 2153 1175 2212 σννδαέτος,
1194 2156 1257 2220 quod
1339 2183 1340 2186 ¹

64 2237 183 2284 Graecum
199 2237 339 2288 vocabulum
356 2256 404 2299 essa
423 2247 493 2306 negat
511 2241 613 2292 Cobetus
630 2244 659 2292 V.
679 2244 706 2292 L.
724 2260 747 2308 p.
766 2242 823 2299 211,
842 2240 974 2303 nititurque
989 2256 1036 2289 uno
1050 2243 1145 2289 tantum
1159 2236 1258 2287 Luciani

62 2325 115 2372 loco
140 2324 168 2373 ab
195 2342 223 2374 ao
245 2332 358 2378 correcto.
395 2328 505 2378 liet-ineat
527 2330 602 2394 igitur
625 2330 774 2396 Porphyrius
797 2346 866 2380 suurn
883 2326 1049 2387 σονδιαέτονς,
1069 2330 1132 2394 quod
1148 2334 1174 2378 ct
1190 2329 1258 2377 codd.

61 2414 139 2462 nostri
157 2414 270 2479 praebant
287 2422 311 2466 et
328 2418 387 2468 latet
404 2419 429 2468 in
447 2417 602 2479 surdastrae,
621 2426 648 2470 nt
665 2421 691 2470 iu
708 2421 797 2470 scholio
814 2420 888 2469 Iliaco
905 2408 1027 2478 scribitur,
1041 2424 1066 2469 et
1082 2421 1172 2468 certam
1187 2416 1259 2467 habet

63 2496 232 2546 auctoritatem
253 2502 315 2565 apud
339 2501 455 2566 plurimos
471 2503 598 2567 aequiores.
634 2504 688 2552 Duo
705 2502 811 2567 exemplu
827 2500 967 2551 adscribam.
1001 2502 1101 2565 Legitur
1119 2500 1181 2566 apud
1199 2499 1259 2548 Hie·

63 2586 153 2635 roeiam
170 2582 198 2634 is
217 2584 262 2636 τοὶι
281 2594 338 2646 nse
356 2589 480 2653 χρηστέον
499 2587 550 2649 τοῖς
570 2587 680 2652 γονεῦσιν
698 2593 732 2653 (in
750 2591 815 2641 Stob.
832 2591 916 2640 Floril.
935 2591 986 2640 Tit.
1009 2590 1040 2642 70
1060 2594 1072 2654 t
1090 2591 1143 2655 hd),
1160 2587 1199 2638 ubi
1218 2603 1259 2653 pa·

63 2680 143 2725 rentes
161 2683 245 2741 argute
262 2680 385 2730 dicuutur:
408 2681 455 2730 θοοὶ
468 2677 597 2746 έστιοῖιχοι
611 2681 653 2730 καὶ
672 2679 804 2731 σννδέαιτοι
824 2676 887 2740 ἡμῖν,
905 2685 929 2729 et
947 2680 1008 2744 apnd
1026 2678 1175 2729 Antoninum
1191 2675 1260 2725 Iibe-

64 2757 152 2816 ralem,
171 2758 315 2810 lhmstorm.
334 2779 353 2812 e.
372 2765 412 2821 60,
430 2765 455 2813 in
472 2765 597 2815 historiola
613 2767 641 2814 de
659 2765 754 2814 Biblide
771 2765 873 2813 hahens
891 2765 1001 2812 (launum
1018 2762 1176 2826 depereunte,
1188 2774 1261 2823 quam

63 2848 93 2895 de
116 2863 172 2897 saxo
189 2851 342 2916 praecipitem
359 2869 383 2901 se
400 2854 457 2903 dara
473 2856 608 2921 cupientem
625 2852 716 2917 νύμφαι
736 2850 864 2917 κατέσχον
883 2852 1046 2914 οἰκτείρασαι,
1069 2874 1101 2882 --
1122 2848 1163 2897 καὶ
1183 2845 1262 2907 αὐτὴν

64 2932 175 2996 ’ἤλλαξαν
192 2936 239 2986 ἆτ’
256 2938 379 3002 ἀνθρώπων
396 2944 490 3003 (immm
509 2943 642 3007 ἀνθρώπου
660 2961 714 2995 cum
732 2946 866 2995 Monokaro
883 2943 984 3007 corrig.)
1003 2941 1035 2997 ala
1056 2937 1157 3000 δαίμονα
1179 2963 1210 2971 --
1227 2964 1259 2973 -

64 3027 107 3075 καὶ
125 3028 270 3087 ’στοιέσαντο
289 3030 425 3082 συνδέιιιτον
442 3031 562 3097 έταιρέδα.
597 3036 652 3085 Hoc
669 3036 748 3100 itaqua
766 3035 870 3085 multam
889 3031 1046 3101 praetulerim
1063 3030 1188 3080 Schraderi
1206 3045 1261 3079 cou-

65 3117 170 3167 ieeturaa
186 3117 368 3180 σονδιαιτητας.

100 3202 136 3248 Ad
159 3218 181 3267 p.
207 3204 256 3253 202
282 3205 311 3269 (l.
331 3209 345 3254 3
363 3223 384 3256 a.
402 3207 431 3272 i.)
449 3210 517 3273 Quae
533 3210 562 3257 de
580 3209 684 3258 Endoeia
702 3208 802 3274 scripsi,
820 3208 911 3256 dudum
927 3205 1017 3271 scripta
1035 3207 1115 3262 erant,
1134 3206 1261 3268 antequam

65 3298 205 3347 cognoscere
228 3287 309 3350 potui,
332 3303 392 3352 qnae
416 3306 430 3337 a
454 3290 488 3339 Η.
507 3291 616 3350 Flaehio,
634 3290 740 3349 Danhio,
760 3290 874 3348 Pulchio,
891 3288 951 3337 viris
965 3287 991 3337 in
1010 3286 1139 3336 Germania
1156 3286 1261 3336 doctissi-

66 3364 125 3423 mis,
152 3367 180 3414 da
205 3368 256 3417 eins
281 3370 405 3420 authentia
430 3372 454 3421 in
482 3375 606 3437 utrumque
632 3376 725 3439 partem
751 3373 871 3437 disputata
897 3375 958 3420 sunt.
996 3368 1102 3436 Quibus,
1128 3396 1160 3404 -
1186 3368 1263 3418 diuam

66 3451 149 3512 aperta
166 3477 199 3486 —
217 3451 260 3499 hac
284 3469 354 3517 super
375 3469 401 3502 ra
426 3453 502 3504 „balla
519 3455 569 3520 geri
589 3456 693 3521 placuit,
711 3454 789 3504 nullos
806 3453 918 3503 habitura
934 3449 1095 3517 triumphoa.”
1114 3453 1165 3500 Nae
1182 3467 1263 3502 aueum

67 3547 104 3593 ast
127 3538 327 3605 αιἰτοσχοδιαστῖ
352 3548 444 3593 ·tantas
467 3561 607 3610 componere
624 3545 702 3595 litaa.’'
720 3547 835 3594 Attamen
852 3558 906 3592 eum
924 3540 1066 3607 Rgsnolffio,
1084 3557 1106 3590 r.
1123 3540 1152 3590 cl.
1171 3544 1196 3590 at
1213 3541 1263 3606 ipsa

66 3643 126 3693 opus
148 3625 301 3675 subditicium
323 3626 454 3676 habuerim.
491 3627 557 3677 Illud
573 3629 599 3677 iu
617 3628 721 3677 tramitu
739 3626 885 3683 notaverim,
904 3625 951 3675 iam
969 3622 1191 3687 wyttenbachius,
1208 3638 1263 3673 cnm

67 3710 96 3758 de
122 3708 249 3756 Villoisoni
272 3708 375 3758 aditione
398 3711 511 3768 referret,
535 3709 610 3774 (Bibl.
629 3711 689 3759 Crit.
712 3710 764 3758 Vol.
786 3709 891 3759 11Para
910 3708 952 3756 111
970 3723 993 3772 p.
1011 3706 1106 3770 1—40)
1124 3705 1216 3756 occulte
1234 3706 1264 3756 li·

66 3793 138 3843 brum
156 3792 265 3857 spurium
282 3791 326 3840 sibi
344 3792 421 3841 videri
437 3793 584 3857 significasse.
606 3794 635 3841 V.
653 3810 672 3842 c.
690 3809 713 3859 p.
730 3794 758 3842 6:
780 3795 884 3840 „norunt
895 3790 982 3839 harum
997 3804 1079 3837 rernm
1094 3788 1176 3853 periti,
1189 3804 1263 3852 quan·

67 3882 120 3924 tnm
148 3874 227 3923 rariaa
241 3874 374 3938 scripturae
391 3875 423 3923 sit
439 3876 502 3940 apnd
520 3891 572 3933 eoa,
591 3875 632 3939 qui
649 3875 811 3938 Antiquarum
828 3874 893 3924 locos
910 3873 949 3922 vel
965 3870 1112 3934 collegerunt
1129 3871 1167 3919 rel
1184 3870 1265 3920 lauda·

68 3959 134 4006 runt.
152 3983 228 3994 --
247 3955 292 4005 Sed
316 3956 422 4005 Endoeia
445 3957 541 4020 qnidam
564 3957 681 4020 ejusmodi
703 3958 753 4006 fera
775 3959 883 4005 ratarum
906 3954 1023 4004 librorum
1040 3951 1154 4015 exemplis
1171 3967 1213 4002 naa
1229 3952 1264 4001 ri·

68 4049 152 4104 detur,
171 4061 198 4095 er
215 4045 300 4111 quibus
315 4062 342 4095 ea
357 4047 476 4096 fluxerunt
491 4062 552 4110 quae
566 4045 682 4110 hodieque
696 4045 833 4095 teruntur.''
852 4046 882 4095 nt
899 4062 922 4112 p.
932 4044 976 4094 10:
999 4041 1164 4098 ’Ἀσκληπιὸς
1174 4058 1197 4090 a.
1204 4059 1230 4090 τ.
1238 4051 1264 4090 λ.

68 4135 152 4184 Prima
171 4134 216 4183 ioci
233 4151 288 4200 pars
305 4163 380 4173 ——
398 4136 526 4201 compilata
544 4139 579 4184 est
596 4150 624 4184 ex
641 4135 720 4198 Etym,
740 4132 793 4183 M?
812 4134 843 4184 nt
860 4151 883 4200 p.
899 4134 942 4183 2οι
966 4125 1163 4194 ιἈναξ1μανέρος
1174 4143 1263 4182 ιι.τ.λ.

69 4216 234 4282 Compilstum
251 4233 279 4266 ex
298 4218 371 4267 Suida
390 4218 415 4267 iu
434 4215 521 4267 Voee.''
538 4219 619 4281 Atque
635 4215 669 4266 sie
687 4215 829 4281 saepissime.

103 4306 139 4353 Ad
156 4321 178 4370 p.
198 4305 246 4354 203
266 4304 296 4373 (1.
316 4307 346 4355 18
365 4322 386 4355 a.
405 4298 658 4370 a.)Pro'1uslalcg.
677 4302 761 4355 Ἰανιιέ.
