2978 4950
630 237 695 304 207

48 427 245 501 huiusmodi
268 428 416 504 admisit,
441 448 476 493 ec
500 432 606 513 potius
628 427 832 514 interpolatio
856 426 909 489 hic
932 428 1087 509 patefacta
1107 444 1181 488 cum
1201 421 1260 487 illa

42 535 246 608 conterenda
270 542 336 617 est,
361 557 456 621 quam
480 539 515 600 in
539 537 636 601 huius
658 535 805 621 opusculi
829 533 922 596 initio
947 535 1056 596 notavi
1080 535 1114 594 in
1139 530 1259 596 scholio

41 631 182 714 itidem
211 641 432 728 Porphyriaoo
468 643 507 707 ad
538 667 560 706 οι
587 645 602 707 l
638 644 676 708 de
708 663 785 708 voce
814 640 1022 716 πολύτροπος,
1056 638 1112 702 ubi
1136 637 1259 701 mediae

41 751 268 834 disputationi
291 751 487 834 interstrepit
510 749 611 815 illud:
637 751 786 829 ximus
814 747 855 826 τῷ
879 745 979 824 τρίτῳ
1003 744 1055 809 καί
1081 744 1129 807 εὀιί
1156 749 1258 823 Φωνῆς

42 872 142 926 κτλ.
161 855 228 939 (cir.
253 876 349 940 supra
371 876 404 940 p.
433 854 498 939 14).

110 1088 148 1142 ε,
168 1064 243 1132 299.
268 1066 420 1147 Queritur
443 1068 573 1135 Ulixes:
597 1069 618 1131 ὤ
641 1091 692 1142 μοι
716 1068 778 1145 ἐγὼ
802 1066 917 1148 δειλός,
941 1067 974 1130 τί
994 1064 1027 1128 νύ
1048 1087 1098 1139 μοι
1119 1066 1259 1139 μήκιστοι

58 1172 213 1251 piverum
237 1175 359 1261 Agitur
382 1175 421 1240 de
444 1175 503 1240 hac
526 1174 686 1240 locutione
706 1175 740 1238 in
764 1174 819 1254 Pe
843 1211 886 1222 -
912 1179 944 1237 et
967 1173 1083 1256 partim
1109 1173 1144 1235 in
1163 1169 1195 1234 H
1221 1207 1260 1218 -

61 1279 135 1343 hoe
161 1280 271 1346 modo:
307 1282 340 1345 τί
373 1282 477 1362 μεῖζον
508 1279 597 1345 ἔσται
628 1282 758 1357 τούτων,
792 1276 868 1364 οἷον,
900 1279 950 1344 ἐπὶ
983 1280 1015 1343 τί
1048 1277 1192 1359 spondete
1218 1278 1261 1343 τὰ

68 1384 172 1463 aaz&
201 1387 272 1451 τίνοι
303 1411 354 1463 μοι
386 1390 499 1454 τούτων
528 1389 656 1453 edeam
680 1388 822 1466 ysctctxr
848 1385 973 1466 μείζοοοο
999 1386 1100 1461 κοοκοί;
1125 1385 1203 1457 τινὲς
1229 1383 1261 1448 δὲ

70 1487 124 1552 διὰ
145 1496 197 1556 τοῦ
220 1515 247 1572 χ
271 1495 436 1572 μοίχιστοι,
459 1492 497 1559 i'c'
522 1492 558 1578 ἦ,
583 1496 630 1565 τίς
654 1519 705 1572 μοι
729 1494 858 1571 γίνηται
882 1495 1027 1573 μηχοινοί;
1053 1495 1079 1556 oi
1099 1494 1130 1556 ts
1152 1492 1188 1556 τί
1210 1491 1263 1568 „cl

72 1593 125 1655 κί’
157 1599 246 1684 [πῶς]
279 1600 346 1664 dccl
379 1606 453 1676 τοῦ,
488 1608 565 1671 πῶς
598 1625 648 1676 μοι
681 1601 793 1665 τούτων
825 1600 955 1666 diverat
987 1597 1080 1676 μείζω
1119 1599 1262 1675 γενέσθαι
1357 1649 1360 1653 .

73 1699 191 1781 (κακά
223 1704 349 1792 edd.i);
383 1710 422 1779 ὡς
444 1712 537 1772 educi
561 1709 613 1784 „ct
636 1732 669 1771 ιυ
694 1707 806 1785 βίομοιι
832 1708 866 1790 (i.
880 1727 905 1770 e.
933 1705 1071 1780 βείομαι.
1096 1716 1121 1769 Χ
1148 1702 1262 1790 431).”

72 1801 283 1878 Buttmannus
312 1814 352 1878 de
375 1815 434 1879 hoc
457 1815 525 1880 loco
549 1817 595 1879 ita
619 1815 776 1898 disputat:
804 1835 862 1895 ,ex
885 1812 977 1877 Harl.
1002 1812 1160 1878 Personue
1185 1811 1264 1875 haec

69 1912 193 1983 tntum
227 1923 383 2004 excerpsit
411 1921 490 1991 τινὲς
525 1958 579 1970 --
609 1922 757 1999 μηχανὴ
792 1923 818 1984 ci
851 1919 901 1994 δέ,
926 1920 959 1982 τί
982 1944 1015 1981 vv
1040 1925 1121 1999 πῶς,
1146 1918 1264 1982 omisso

66 2014 104 2092 ft,
146 2025 371 2102 festinantius,
396 2027 518 2102 credo,
556 2033 612 2091 aut
643 2048 699 2112 per
730 2029 965 2092 correctionem.
1013 2021 1091 2090 Sed'
1106 2026 1263 2088 veriorem

64 2132 324 2197 emendationem
361 2135 429 2219 ipse
465 2135 635 2199 verborum
667 2141 832 2199 contextus
859 2135 1022 2196 ministrat
1050 2132 1149 2196 hano:
1182 2131 1207 2194 οί
1233 2131 1264 2194 δὲ

61 2225 102 2304 τί,
151 2239 208 2321 τί,
240 2244 290 2303 οῦν
322 2245 400 2308 nde:
434 2240 507 2304 h.e.
532 2241 565 2303 τί
588 2241 641 2305 hic
665 2241 770 2305 valere
795 2240 887 2310 πῶς.”
910 2238 1008 2303 Recte
1032 2238 1264 2319 Buttmanuus,

59 2340 88 2398 ut
114 2348 342 2431 saepissime,
362 2348 564 2412 sententiam
588 2347 754 2433 indagavit
778 2353 810 2412 et
834 2345 1005 2431 explicuit,
1030 2348 1061 2408 in
1088 2344 1193 2409 verbis
1217 2365 1264 2408 aa·

57 2446 188 2517 randis
226 2473 278 2517 me
316 2453 422 2518 iudice
452 2475 536 2518 nunc
568 2454 675 2517 minus
706 2453 843 2518 feliciter
872 2460 1025 2518 versatus.
1073 2460 1123 2516 Nv
1159 2451 1264 2527 enim,

58 2551 151 2632 quod
190 2560 223 2623 in
255 2562 306 2622 νῦν
334 2563 453 2623 mutari
476 2562 586 2633 iussit,
612 2562 681 2624 sine
705 2560 803 2624 dubio
826 2559 1071 2624 Homericorum
1095 2559 1265 2623 verborum

57 2673 129 2736 lits
172 2670 228 2737 est,
252 2685 314 2729 non
338 2664 550 2749 scholiastae,
577 2666 661 2751 quod
684 2669 712 2729 si
734 2668 923 2741 statuimus,
949 2670 983 2729 τό
1011 2667 1064 2741 ,,τί
1093 2664 1144 2729 οο”
1168 2672 1267 2739 πῶς,

59 2759 124 2822 titt?
171 2775 241 2846 τοῦ,
267 2778 346 2842 πῶς
370 2796 420 2846 μοι
446 2788 516 2837 κτλ.
542 2780 574 2837 et
598 2773 730 2838 obscure
753 2779 785 2837 et
809 2793 883 2838 sono
904 2774 1122 2858 ingratissimo
1146 2773 1267 2836 dictum

61 2867 128 2930 erii-
173 2875 368 2962 Quapropter
390 2883 529 2963 praestat
552 2900 734 2966 expungere
760 2887 821 2949 πῶς
846 2879 980 2943 moleste
1004 2877 1102 2942 simul
1123 2884 1155 2943 et
1171 2878 1269 2944 otiose

62 2970 265 3066 nitescens,
291 2986 410 3069 quippe
433 3005 472 3049 ex
496 2985 713 3072 dittographia
737 2992 854 3051 ortum.

101 3179 194 3257 Non
216 3193 373 3259 dissimile
397 3201 445 3260 cst
469 3196 584 3260 vitium
609 3220 624 3259 ε
649 3194 725 3262 357.
758 3196 807 3261 Ad
831 3196 1059 3261 Homericum:
1083 3200 1127 3274 μή
1151 3199 1197 3268 τίς
1219 3222 1270 3275 μοι

68 3287 240 3378 ὁΦῑίηιοιιι
276 3299 361 3365 δόλοι
396 3298 472 3365 aire
504 3299 520 3378 ΙΙ
552 3302 733 3377 dietatem,
772 3297 837 3365 ὅτε
873 3328 913 3377 με
950 3304 1076 3383 σχεδίης
1112 3305 1271 3381 οίποβῆιιοοι

68 3390 211 3490 Myce,
233 3406 295 3472 ΗΡ
319 3408 455 3472 habent:
480 3431 530 3483 γρ.
555 3405 573 3472 δ’
593 3432 628 3471 οε
652 3434 703 3482 με.
728 3408 851 3488 χωρίζει
872 3410 1098 3490 Ἀριστοφάνης
1117 3411 1270 3496 διὰ[τὸ]

69 3493 155 3570 ὅτε.
207 3511 363 3580 Observat
386 3514 561 3579 Poreonus:
589 3536 725 3600 ,nempe
747 3516 973 3600 Aristophanes
998 3521 1082 3602 cepit
1106 3538 1162 3603 pro
1182 3515 1271 3593 ίοτε,

69 3624 128 3669 ⁰⁰11
158 3636 216 3702 pro
238 3618 359 3684 tecm
383 3617 499 3685 Contra
519 3642 613 3704 quem
631 3620 865 3686 Buttmannus:
887 3625 1027 3697 „immo,
1050 3631 1086 3687 ut
1108 3624 1273 3689 exaltatis

69 3728 227 3807 tiuare,
249 3746 306 3811 pro
330 3731 442 3818 neutro
465 3723 483 3791 t
503 3750 538 3791 τε
562 3728 645 3811 quod
669 3730 711 3791 sit
735 3748 791 3811 pro
815 3726 860 3791 at
882 3753 916 3790 τε
941 3729 972 3792 h.
986 3750 1013 3794 e.
1034 3732 1072 3793 δι’
1093 3728 1174 3804 ὅτε,
1199 3730 1230 3795 h.
1245 3752 1270 3796 c.

69 3811 146 3880 ΜΡ
177 3828 296 3896 Iterum
321 3839 406 3898 recte
426 3833 654 3909 Buttmannus‚
680 3834 764 3918 quod
789 3834 827 3898 ad
852 3838 1042 3900 sententiam
1067 3843 1272 3922 mentemque

70 3931 217 4001 {auctoru
247 3940 381 4009 attinet.
412 3939 624 4024 probaturque
647 3941 681 4003 id
705 3941 788 4024 quod
814 3941 913 4023 dixit,
941 3980 980 3989 —
1006 3944 1064 4007 etsi
1088 3943 1178 4008 nulla
1201 3965 1272 4028 pro-

72 4026 208 4108 ιἈῒὶῠιιθ
230 4066 325 4129 opus,
352 4083 393 4094 -
420 4067 474 4127 eo,
499 4047 582 4129 quod
602 4048 636 4108 in
657 4045 802 4110 Palatino
826 4046 940 4111 voe-ula
963 4043 981 4110 ί
1001 4052 1033 4112 in
1058 4074 1107 4125 γρ.
1134 4046 1151 4112 ὅ
1172 4076 1207 4114 τε
1232 4075 1274 4126 με

74 4153 329 4236 waernuptum
365 4153 461 4216 habet
496 4151 548 4215 διό.
596 4151 656 4241 Sed
688 4154 785 4217 verba
815 4160 964 4239 corrupta
996 4155 1085 4220 nullo
1117 4164 1208 4240 pacto
1240 4160 1273 4223 id

79 4238 209 4329 dicunt,
232 4257 315 4341 quod
339 4257 554 4322 Buttmannus
578 4259 731 4324 indicavit
755 4268 787 4325 et
814 4263 894 4325 ratio
919 4283 1031 4326 verum
1055 4283 1121 4328 esse
1144 4266 1273 4328 evincit.

82 4344 239 4431 unidem
271 4363 307 4428 το·
344 4366 520 4428 insiticium
555 4364 672 4441 habeo,
710 4372 780 4430 tum
816 4375 947 4445 netum,
980 4389 1055 4434 cum
1088 4389 1125 4435 cx
1158 4371 1275 4435 scribe·
