2978 4950
709 188 776 261 184

146 375 244 446 λονίτι
269 376 389 444 ίείιτνου
410 382 584 461 γενομίνοιι.
610 383 702 456 airis
726 384 790 463 γὰο
811 381 883 458 isse
905 389 984 467 Φησι
1011 381 1141 463 „tom
1163 381 1191 451 Υ
1216 377 1300 459 ἐξεῖι

146 485 352 565 μνησώμείιι”
375 500 446 553 κτλ.

191 696 226 783 δ,
251 696 304 764 69.
340 701 501 782 'mostell
531 702 674 784 σσιίσχε
703 705 746 784 τῷ
779 703 930 786 Μενελοίμ
962 704 1200 785 &onesimo
1226 722 1300 766 ων

146 801 248 871 Missa
277 807 362 871 enim
392 807 533 895 simplici
562 811 808 896 interrogatione
838 815 872 876 et
903 813 1120 896 responsione,
1144 810 1180 875 τί
1206 808 1240 874 δέ
1263 827 1300 873 τε

145 911 272 978 τέτειιίν
304 936 374 979 τινα
406 909 506 996 εἶχεν,
538 915 574 981 ἐει
595 922 649 989 τῆς
675 916 845 989 Ὀίνσσέοιο
870 920 994 994 μνήμης
1017 918 1061 989 είς
1085 915 1208 998 ἐνίκησα
1233 936 1300 994 τηεν

146 1018 249 1092 σίντος
284 1025 338 1085 τοῦ
375 1020 459 1100 νέοιι,
490 1023 533 1095 είς
563 1023 701 1104 ὑτοψίοιν
732 1022 880 1100 ἐμπεσεῖν
911 1023 1059 1100 ὶληίείιιο
1090 1024 1144 1088 τίν
1166 1019 1299 1090 neutra

146 1122 195 1190 ιιῦ
202 1148 250 1202 τη
281 1127 378 1191 τοίνυν
409 1133 462 1193 τοῦ
485 1129 643 1194 νεανίσκον
666 1130 683 1206 ή
707 1125 856 1206 ἐκτληξις
879 1129 981 1210 καιρὸν
1004 1131 1150 1212 raptem
1174 1127 1220 1210 τᾷ
1244 1133 1299 1193 his

146 1231 213 1314 λείῳ
235 1239 294 1298 τῶν
317 1232 430 1310 λόγον.
454 1233 547 1322 (MQ)
571 1234 716 1302 Praestat
739 1235 843 1309 ιιιίτή
867 1271 887 1286 -
901 1271 921 1289 -
945 1236 963 1311 ή
987 1233 1150 1313 ἐντληξιο.

192 1439 227 1517 ί,
253 1440 307 1507 69.
353 1439 406 1507 Ad
441 1442 577 1508 eundern
612 1463 740 1510 versum
768 1408 846 1511 hsce
875 1444 1032 1512 hahemus
1060 1464 1102 1510 ex
1131 1442 1162 1510 ll
1190 1462 1213 1509 a
1235 1460 1299 1532 gns

148 1551 264 1615 metico
306 1548 522 1615 recentissimo
556 1550 625 1615 sive
658 1550 877 1617 animadverso
909 1554 978 1618 sive
1011 1547 1299 1637 transscriptazat

146 1668 193 1718 λει
227 1651 391 1740 (Ὄμηρος)
415 1688 469 1705 ··
483 1689 503 1704 ·
534 1655 587 1720 ιιοιί
619 1651 691 1732 ἔμοι
726 1656 777 1721 sal
812 1659 867 1733 τήν
901 1656 1028 1733 Ἐλένην
1062 1653 1277 1735 ἐγκωμιάσαι.

146 1761 210 1840 γὰρ
238 1770 277 1842 σή
309 1759 417 1825 Ἰλιάδι
449 1760 561 1827 οὐδὲν
591 1758 660 1826 εἴτε
688 1762 723 1829 τί
751 1763 850 1845 wgo
881 1763 948 1843 περὶ
974 1765 1072 1838 αὐτῆς
1098 1764 1297 1843 ἐσιεινετνίρι

146 1866 272 1933 Ultima
293 1870 441 1953 corrupta
463 1888 530 1933 esse
553 1870 658 1953 quiris
679 1869 858 1955 perspiciat.
882 1868 1065 1936 Dindorfins
1083 1872 1118 1935 in
1138 1868 1299 1935 adnotetis

146 1976 251 2039 textui
280 1975 424 2040 subiecta
454 1977 632 2059 proposuit:
667 1975 759 2053 „fort
785 1976 867 2041 οὐδὲν
889 1972 959 2042 εἴτε
981 1976 1079 2056 mxlv
1095 2013 1165 2026 --
1180 1976 1299 2040 ἐτοινει

146 2082 237 2161 ριον.”
263 2079 374 2146 Potest
397 2079 449 2145 ve]
473 2079 595 2145 lenius:
619 2080 650 2145 ἐν
674 2106 708 2160 y.
727 2105 758 2146 τ.
783 2081 891 2147 Ἰλιάδι
915 2084 1004 2149 οὐδὲ
1019 2103 1152 2148 -nem
1175 2079 1298 2148 interl

146 2194 179 2254 et
212 2185 297 2253 ooth
330 2186 477 2272 frequens
510 2187 652 2253 contusio
684 2194 733 2253 est
759 2226 800 2237 -
825 2185 894 2254 είτε
928 2190 964 2254 τί
1000 2189 1099 2271 τυχὸν
1134 2188 1205 2269 περί
1243 2186 1298 2253 air

147 2292 396 2372 ἐσσινετήριον.

192 2507 228 2585 i,
254 2505 306 2573 72.
343 2505 553 2573 Telemachus
582 2512 745 2591 perspecto
775 2508 889 2573 domus
929 2507 1068 2574 Menelai
1105 2506 1272 2593 splendore

147 2614 390 2680 admirationem
423 2615 571 2698 erumpit.
620 2612 711 2685 Ζηνός
744 2637 801 2678 του
833 2615 932 2689 τοιήδε
963 2621 996 2694 γ’
1023 2613 1208 2690 Ὀλυμπίου
1231 2611 1298 2678 ἐνίει

148 2723 240 2795 οὐλή.
290 2719 342 2785 Ad
371 2719 448 2784 haec
477 2718 786 2784 observatiunculam
810 2721 967 2787 eiusmodi
992 2726 1202 2786 servaverunt
1225 2714 1298 2783 ΗΜ·

148 2827 209 2894 οἶνοι
234 2827 324 2892 είιιίιν
350 2827 395 2908 „ci
419 2825 450 2890 δέ
474 2825 585 2896 ἰδόντες
610 2824 767 2906 ίιιιίμοιζον
791 2828 877 2891 νεοττοὶ
901 2826 1007 2903 icius?
1031 2834 1092 2905 (vs.
1119 2826 1192 2907 44),
1218 2822 1298 2889 siri

147 2934 345 3015 Τηλεμάχου
380 2932 429 2996 τοὶ
462 2931 547 3010 περὶ
580 2939 650 3004 τῆς
684 2932 917 3010 ἐκπλήξεως
950 2934 1122 3015 ἐσήμανεν,
1155 2928 1203 2996 ὅτι
1230 2931 1298 2996 ixa

146 3039 292 3113 τοιαύτης
323 3035 397 3113 ὕλης
430 3033 463 3111 ήν
494 3037 507 3101 ί
540 3035 662 3113 νίσμος.
711 3037 815 3103 Nemo
838 3039 930 3104 facile
954 3040 1040 3106 dicat
1064 3039 1229 3125 quomodo
1250 3039 1297 3103 int

145 3145 318 3232 legendum
359 3143 609 3227 uertendumque
650 3145 707 3207 sit:
745 3143 905 3210 Homerus
939 3167 995 3230 per
1030 3145 1266 3211 Telemachum

147 3253 235 3332 τερί
262 3260 317 3327 τήν
342 3250 515 3327 ἐκπλήξεως
540 3250 701 3325 ἐσήμαινεν.
737 3249 898 3316 correctio
923 3258 971 3317 est
994 3234 1249 3337 simplicissime„
1275 3249 1297 3317 Ε

145 3360 292 3425 ciendum
318 3358 384 3437 τερί
410 3377 428 3422 a
451 3355 536 3421 mele
554 3355 664 3421 sedulo
683 3358 839 3421 insertum
861 3356 1114 3445 legendumque:
1138 3363 1190 3424 νῦν
1209 3359 1297 3424 isti

146 3466 292 3544 λομοίχοιι
311 3467 361 3528 τοὶ
381 3470 450 3535 τής
473 3460 708 3537 ἐκπλήξεως
732 3462 894 3538 ἐσήμανεν,
913 3463 946 3528 id
959 3471 1008 3530 est
1021 3465 1075 3539 τήν
1089 3463 1252 3545 ἐνοτληξιν,
1266 3485 1297 3551 qt

145 3569 388 3636 circumlocutio
416 3567 591 3655 elegantior
613 3572 647 3632 et
668 3567 751 3651 opud
775 3571 933 3653 sequiores
959 3589 1069 3635 omnes
1094 3577 1146 3649 et,
1171 3578 1209 3636 ut
1234 3577 1297 3638 stat

145 3677 229 3743 nube
246 3674 464 3760 exemplorum
484 3673 665 3759 apparebit,
679 3675 824 3757 inprimis
837 3674 921 3759 apud
934 3675 1121 3742 scholiastes
1134 3684 1263 3744 nostros
1274 3697 1297 3744 a·

145 3789 234 3847 mats
257 3789 313 3846 est.
335 3778 396 3845 Sed
417 3782 506 3863 prius
524 3779 734 3862 monendum,
756 3781 788 3843 in
809 3780 992 3866 archetypo,
1013 3782 1098 3848 unde
1119 3804 1297 3850 omnesnos

145 3887 336 3952 scholiorum
361 3886 484 3951 codices
504 3885 680 3958 fluxerunt,
699 3886 764 3949 iam
785 3886 962 3972 antiquitus
983 3887 1043 3953 hoc
1055 3890 1125 3974 ipso
1138 3889 1212 3956 loco
1224 3889 1297 3977 aliqu

145 3992 387 4077 interpolatione
399 3991 562 4055 turbatum
575 4010 641 4054 esse
654 3990 765 4055 videri.
778 3987 884 4055 Habet
896 3991 930 4055 M
951 3993 1001 4056 τὰ
1023 3995 1090 4074 τερί
1102 4019 1134 4061 τ.
1151 3995 1296 4074 ἐκπλήξει

143 4097 226 4171 Q-
242 4104 274 4161 et
286 4104 323 4161 ut
334 4097 462 4162 videtur
472 4094 506 4159 H
520 4131 560 4143 -
574 4115 702 4180 peccare
714 4104 891 4183 pergentes,
913 4099 985 4171 τήν
1004 4101 1071 4179 cepi
1094 4124 1127 4168 τ.
1143 4099 1296 4179 ἐκπλήξει

93 4198 97 4209 “
144 4204 346 4286 quamobrem
362 4203 466 4265 οίτίον
480 4201 519 4264 de
531 4220 587 4265 suo
599 4199 735 4266 addebat
746 4200 864 4266 Maius.
889 4201 924 4267 ln
942 4204 1052 4269 eodem
1076 4206 1111 4271 H
1132 4214 1201 4273 est:
1224 4213 1296 4274 νῖινΙ

144 4310 194 4378 διὰ
214 4309 424 4388 Τηλεμάχου,
446 4306 619 4394 quodcum
640 4304 732 4390 plane
752 4307 924 4372 absurdum
943 4313 1003 4393 sit,
1025 4315 1142 4377 merito
1155 4320 1206 4379 est
1219 4334 1296 4402 repu
