2978 4950
718 252 761 321 83

173 451 229 519 μιιέι
253 445 362 528 γράφει
395 446 492 519 αὐτὴν
523 444 607 522 μετὰ
640 448 693 507 τοῦ
726 444 754 522 ι’,
788 445 825 511 ἵν’
857 444 873 528 ᾖ
907 445 1041 526 δευτέρον
1066 445 1222 524 προσώπου
1247 437 1331 505 κοντοὶ

172 552 326 630 carcirem·
349 556 427 618 ἀλλ’
451 553 505 616 οὐκ
528 551 593 615 ἔστι
618 553 692 615 τοτὲ
721 554 806 630 rapit
835 555 876 634 τῷ
902 562 1009 634 ποιητῇ
1030 554 1134 630 γενικὴ
1156 550 1206 614 καὶ
1229 550 1330 623 δοτικὴ

126 664 133 679 ”
171 656 273 742 (trost
305 660 377 744 ine.)
415 660 458 736 μὴ
496 660 692 738 ἕκφοινοῡτοο·
730 660 771 723 τὸ
804 661 882 738 γὰρ
913 661 1053 737 λέγειν
1090 656 1155 721 uni
1191 655 1331 732 ὤμοιϊν

168 764 218 827 rai
246 767 396 831 ποδοῖϊν
428 765 538 842 μετὰ
562 788 629 829 τον
652 759 800 842 ἷλέμει
826 766 1108 844 δισυλλάβως·
1134 765 1274 837 ἐπίτηδες
1299 766 1330 830 δὲ

166 872 346 953 ’Λνίττοιοχος
383 872 587 948 οένετονμένοιν
622 878 680 935 τῶν
714 875 832 951 στίχοιν
869 874 920 937 xxi
953 872 1025 938 ἄνευ
1055 877 1108 936 τοῦ
1129 870 1248 937 {sicce
1275 873 1330 944 riv

163 981 285 1057 τροφήν,
311 979 360 1045 iux
385 980 436 1043 κιιὶ
463 984 550 1043 τοῦτο
574 977 647 1057 πρὸς
671 979 726 1051 τὴν
750 980 892 1052 ἀθέτησιν
916 978 1079 1058 λοιμβοὲνῃ.
1127 978 1329 1043 Inserendum
1403 1048 1406 1055 ,

163 1083 229 1148 nihi
262 1085 362 1151 videri
396 1087 479 1158 δνϊκὴ
511 1090 581 1169 post
615 1086 719 1161 γενικὴ
755 1085 805 1149 xci
838 1086 938 1159 δοτική
970 1088 1033 1150 iam
1058 1083 1250 1173 significavi,
1273 1107 1330 1151 neo

160 1204 203 1251 cur
231 1191 287 1256 hoc
317 1194 529 1256 neceesarium
559 1193 740 1256 existimem
773 1211 963 1276 quemquam
988 1191 1085 1256 latere
1109 1198 1220 1276 potest.
1270 1191 1332 1257 Sed

157 1290 214 1360 lare
238 1299 295 1363 hoc
318 1306 366 1363 est
390 1318 464 1383 pree
488 1301 623 1362 immani
648 1300 746 1376 vitio,
772 1299 854 1382 quod
878 1299 1041 1382 sequentia
1064 1303 1205 1383 occupat.
1246 1298 1330 1363 Nam

155 1401 240 1485 quid,
270 1424 402 1488 quaeso,
427 1408 490 1468 est:
516 1405 550 1467 τὸ
575 1404 638 1482 γὰρ
663 1403 804 1480 λέγειν
829 1403 881 1466 xxi
906 1405 1008 1480 ὤμοιϊν
1031 1405 1083 1468 xci
1104 1404 1222 1468 ποδοῖϊν
1246 1406 1330 1482 μετὰ

155 1509 196 1568 τοῦ
221 1511 236 1573 ι’
260 1510 377 1586 λέγει
403 1509 626 1586 διονλλνὶβιιςῖ
650 1508 696 1574 Ut
720 1515 841 1574 taceam
864 1513 1024 1574 neminem
1049 1510 1140 1575 tacite
1169 1511 1331 1575 dicturum

153 1614 219 1694 quid
244 1620 285 1681 ait
307 1617 342 1680 ri
367 1617 473 1692 λέγειν
497 1641 525 1680 τι
551 1615 657 1694 λέγει,
685 1616 766 1680 unde
791 1616 918 1680 tandem
943 1624 975 1681 et
1000 1639 1055 1681 cur
1077 1616 1177 1692 ὤμοιϊν
1202 1617 1253 1681 net
1280 1642 1331 1682 πο-

153 1714 220 1784 δοῖιν
247 1723 307 1789 huc
330 1723 443 1808 pedem
462 1720 658 1788 intulerunt?
677 1743 756 1806 quae
778 1729 862 1786 certe
885 1743 947 1787 non
970 1727 1044 1788 suut
1064 1724 1256 1799 διτύλλοιβιι,
1276 1746 1333 1789 nec

152 1821 181 1886 de
210 1828 263 1894 hia
292 1830 404 1895 formis
436 1851 520 1894 nunc
555 1849 658 1894 sermo
684 1835 749 1904 est,
775 1830 829 1893 sed
853 1830 891 1894 de
916 1833 1001 1909 roda
1025 1830 1266 1908 μοννονλλιὶβος
1292 1853 1331 1896 an

152 1935 248 2008 σφῶϊν
274 1936 472 2014 δισυλλάβοις
497 1939 529 1999 in
554 1935 697 2000 Homero
721 1935 842 2019 positis.
893 1934 953 2000 Sed
977 1943 1014 2000 ut
1038 1958 1111 2000 cum
1134 1937 1183 2000 hie
1206 1958 1332 2023 compo·

150 2047 261 2105 nentur
290 2041 388 2108 allata
422 2047 505 2106 eunt.
539 2042 660 2117 Audio,
693 2042 747 2105 sed
780 2045 824 2105 sic
856 2063 956 2126 neque
989 2043 1022 2106 id
1046 2063 1182 2128 quocum
1206 2065 1331 2128 compa·

150 2145 226 2209 ratio
258 2147 293 2212 fit
316 2156 348 2213 et
372 2151 464 2213 cuius
488 2169 581 2212 cansa
604 2150 751 2212 instituta
776 2153 839 2231 est,
864 2154 946 2212 recte
971 2148 1077 2213 abesse
1101 2155 1220 2233 potest,
1244 2171 1331 2234 prae-

151 2251 256 2316 sertim
286 2276 360 2319 cum
392 2257 426 2317 in
455 2257 495 2319 iis
519 2276 597 2338 quae
621 2257 764 2338 proxime
788 2254 977 2318 antecedunt
997 2275 1036 2319 ne
1059 2255 1180 2321 mentio
1201 2257 1331 2341 quidem

151 2351 212 2418 eine
251 2363 290 2425 sit
324 2361 424 2437 sacto,
457 2382 514 2426 nee
549 2361 645 2426 dictio
681 2361 715 2424 τὸ
750 2362 812 2438 γὰρ
848 2359 951 2436 λέγειν
983 2365 1053 2424 tum
1085 2363 1163 2427 bene
1191 2363 1330 2429 haberet.

152 2451 255 2530 Huius
285 2471 370 2532 enim
403 2474 471 2532 tum
503 2487 579 2532 usus
610 2475 673 2543 eat,
708 2488 780 2531 cum
808 2488 843 2531 ea
875 2488 955 2551 quae
979 2467 1038 2532 hoc
1063 2470 1155 2533 modo
1178 2471 1331 2555 incipiant

154 2561 185 2626 td
208 2574 425 2639 antecedentia
449 2597 506 2638 ιιοο
527 2577 700 2659 pertinere,
721 2579 776 2637 aut
796 2579 1000 2658 praeceptum
1020 2575 1052 2637 in
1074 2576 1331 2640 antecedentibus

156 2671 300 2743 traditum
330 2702 389 2743 ιιονι
413 2681 574 2744 convellere
597 2679 834 2744 contendantur.
859 2678 908 2743 Ita
931 2683 961 2742 in
986 2682 1074 2743 exitu
1098 2679 1187 2767 longi
1211 2680 1331 2747 Scholii

158 2768 356 2872 Porphysani
387 2788 427 2851 ad
452 2811 489 2863 ιι,
515 2785 597 2863 284,
622 2786 659 2850 de
684 2806 746 2870 quo
768 2805 862 2870 supra
886 2784 1000 2849 multis
1024 2788 1166 2871 egimus,
1195 2787 1328 2851 dicitur:

162 2879 195 2943 ti
225 2893 297 2970 γὰρ
331 2893 475 2969 λέγειν
507 2890 572 2964 ὅτι.
597 2890 644 2956 ἵνοι
671 2891 786 2972 ἐντύχῃ
809 2893 851 2970 τῷ
877 2893 971 2971 carpi
997 2893 1080 2956 κοντοὶ
1105 2892 1174 2963 τοὺς
1199 2893 1329 2977 ἀγρούς,

166 2984 206 3052 tt
233 3004 316 3064 τοῦτο
350 2999 442 3063 αὐτὸν
475 3004 490 3074 ἦ
526 2998 640 3072 'Aderat
672 2999 870 3073 οὶποδνμῆοοιι
900 2999 1065 3080 πεποίηκε,
1095 2998 1216 3076 ψεῦδος.
1263 2999 1332 3087 Ego

169 3095 271 3169 urtam
306 3105 403 3170 aliam
440 3109 527 3171 viam
560 3108 606 3169 rei
638 3105 848 3190 expediendae
879 3104 989 3187 rideo,
1022 3105 1083 3167 nisi
1107 3109 1144 3168 ut
1167 3104 1332 3170 audaciore

172 3213 324 3277 mutatione
360 3213 534 3277 scribatur:
571 3247 624 3260 --
648 3210 725 3275 ἀλλ’
762 3213 813 3275 οὐκ
846 3209 911 3276 ἔστι
941 3210 1014 3275 ποτὲ
1046 3212 1132 3290 ποιροὶ
1155 3215 1195 3290 τῷ
1222 3221 1331 3293 ποιητῇ

100 3354 104 3405 ,Ι
170 3319 255 3391 νινιιιὶι
286 3319 339 3382 uoci
373 3318 474 3392 δοτικὴ
506 3319 647 3400 (icini)
671 3320 714 3393 μὴ
740 3319 935 3397 ἕκφοινοῦοοι·
961 3319 995 3380 τὸ
1021 3318 1083 3396 γὰρ
1108 3320 1236 3396 σφῶϊν
1261 3319 1333 3403 (ὡς)

167 3422 217 3486 rai
249 3426 349 3501 ὤμοιϊν
380 3425 432 3489 καὶ
464 3426 579 3490 ποδοῖϊν
616 3425 700 3499 μετοὶ
731 3430 783 3487 τοῦ
816 3423 833 3486 ι’
857 3423 943 3499 λέγει
975 3423 1184 3498 δισυλλάβως.
1232 3424 1334 3488 Locus

162 3529 306 3615 Apollonii
327 3533 358 3596 ἐν
377 3533 419 3611 τῷ
440 3533 507 3611 περὶ
529 3534 722 3606 οὶντιοννμιῶν
744 3531 776 3617 (-
790 3530 878 3615 μίοος)
901 3530 1014 3594 itidem
1034 3529 1104 3595 leve
1125 3532 1242 3595 vitium
1262 3550 1334 3595 con·

157 3639 240 3723 cepit.
266 3638 324 3703 Est
346 3661 377 3724 p.
405 3637 469 3704 370
494 3639 606 3702 Bett:
630 3643 745 3702 τοιοῦτο
769 3638 795 3701 δ’
818 3631 852 3707 ἦν
873 3635 907 3700 τὸ
929 3637 982 3713 „cri
1002 3637 1065 3714 γὰρ
1085 3638 1172 3717 rode
1191 3660 1230 3713 νε
1248 3635 1334 3713 γένος

154 3745 294 3810 ιὶπόλινλε
337 3744 483 3818 condor?
520 3741 591 3823 ὅπερ
628 3743 722 3808 ἐδόκει
758 3743 954 3820 ἐπίμεμπτον
990 3738 1065 3805 εἶναι
1110 3744 1156 3813 ὥς
1197 3742 1333 3821 τρίπον

149 3853 426 3925 πληθυντικὸν
463 3850 561 3932 &iza
597 3854 667 3914 τοῦ
693 3844 1006 3927 ῖνροιφόμενον,
1037 3853 1091 3912 τοῦ
1122 3846 1215 3924 λόγου
1240 3854 1334 3914 ἀποει-

146 3964 267 4030 rotato<
294 3957 447 4036 δεύτερον·
474 3957 545 4035 πρὸς
570 3956 632 4034 γὰρ
657 3955 787 4028 αὐτούς,
811 3957 843 4019 οὐ
871 3954 936 4032 περὶ
963 3955 1073 4019 αὐτῶν.
1120 3954 1243 4020 Ultima
1261 3962 1336 4021 sunt

144 4088 183 4133 ex
226 4066 395 4129 verissima
430 4064 567 4128 Nauckii
606 4063 823 4127 emendatione
861 4061 968 4145 (Arist.
1005 4061 1082 4146 Byz.
1118 4082 1146 4145 p.
1184 4060 1241 4141 23)
1279 4083 1335 4148 pro

143 4174 264 4242 codicia
297 4171 450 4236 lectione:
483 4171 554 4248 πρὸς
584 4171 647 4247 γὰρ
671 4169 781 4239 αὐτοὺς
808 4168 900 4246 ὑπὲρ
924 4168 1033 4230 αὐτῶν.
1081 4165 1143 4232 Sed
1166 4189 1227 4233 non
1250 4176 1335 4235 recte

144 4283 272 4347 dictum
299 4277 381 4342 mihi
407 4281 548 4341 videtur:
574 4275 667 4340 ἐδόκει
692 4277 888 4351 ἐπίμεμπτον
913 4269 989 4337 εἷνοιι
1015 4276 1051 4340 ὡς
1081 4274 1178 4353 τρίτον
1202 4276 1333 4349 πληθυν-

141 4387 229 4453 τικὸν
264 4385 344 4464 δίχα
369 4389 422 4445 τοῦ
447 4383 689 4465 ι’γροιφόμενον,
715 4381 797 4465 quod
822 4378 902 4444 nihil
925 4378 1102 4465 significare
1123 4387 1226 4465 potest
1249 4381 1335 4446 eliud
