2978 4950
545 944 679 1075 Plus
709 982 880 1074 asion.

103 1156 110 1168 “
137 1191 478 1268 EMENDATIONES
502 1191 560 1267 AD
583 1189 768 1266 scflonla
792 1189 842 1264 IN
867 1187 1040 1263 HOMllltl
1066 1187 1297 1263 ociosum.

572 1396 668 1446 Scholia
685 1397 775 1444 Grecos
791 1395 816 1444 in
835 1393 935 1443 Homeri
953 1394 1094 1457 odysseam,
1111 1407 1140 1440 ex
1154 1392 1227 1440 Oodd.
1242 1397 1312 1440 sucta

605 1481 629 1528 et
645 1479 769 1528 amendata
786 1477 821 1526 ed.
839 1476 867 1526 G.
889 1476 1031 1526 [lindordus.
1045 1502 1079 1513 -
1096 1474 1112 1525 ὓ
1129 1473 1184 1523 soll.
1206 1474 1278 1525 18⁵5.

928 1869 984 1928 trec
1003 1865 1025 1920 δ’
1045 1867 1070 1920 s'l
1084 1869 1128 1935 πέρ
1147 1887 1175 1920 τι
1193 1869 1316 1932 βέβακε

685 1958 771 2019 δεινόν,
790 1959 856 2022 ἄφαρ
874 1960 906 2009 τὸ
924 1957 1014 2024 dipem
1032 1956 1200 2023 ἀναρπάξασαι
1218 1957 1315 2010 dom.
1391 1956 1395 1964 '

1007 2045 1052 2094 od.
1072 2049 1096 2103 d,
1113 2045 1171 2102 408,
1188 2044 1246 2093 409.

169 2203 234 2280 Qui
258 2204 379 2269 factum
402 2206 465 2283 sit,
490 2210 527 2269 ut
551 2224 631 2289 quae
654 2203 761 2270 studia
783 2205 818 2269 in
841 2202 902 2270 fine
921 2206 1103 2291 scriptionis
1123 2224 1214 2272 meae
1232 2202 1319 2270 Aca·

124 2309 270 2376 demicus
293 2311 383 2376 breui
405 2331 459 2376 me
479 2312 691 2396 repetiturum
708 2307 904 2397 significavi,
927 2331 1070 2397 quaeque
1090 2317 1128 2376 ut
1139 2317 1315 2396 repeterem

121 2435 187 2482 non
208 2415 360 2482 malevoli
383 2417 514 2502 quidam
538 2419 573 2482 in
595 2414 767 2484 Germania
787 2419 975 2503 praesentim
994 2417 1115 2484 indices
1134 2437 1187 2482 me
1205 2415 1315 2483 cohor·

123 2526 186 2589 tati
214 2529 305 2600 sunt,
339 2542 376 2588 ea
406 2537 478 2609 post
509 2523 670 2589 decimum
701 2522 833 2588 demum
857 2543 976 2588 annum
1000 2522 1170 2609 aliquando
1193 2542 1316 2588 rosum·

122 2630 235 2706 mrim,
259 2648 316 2694 nec
334 2649 445 2694 meum
465 2634 514 2695 cst
532 2649 675 2705 nauare,
697 2649 753 2695 nec
771 2627 899 2694 lectoris
918 2629 1049 2696 sortasse
1068 2632 1149 2695 sciro
1160 2627 1326 2722 intererit,

128 2733 209 2800 Utnt
239 2742 306 2812 ost,
336 2733 440 2801 laetus
469 2736 599 2802 tandem
630 2738 826 2801 occasionem
856 2733 1023 2821 amplexus
1046 2756 1118 2801 sum
1142 2756 1179 2802 ea
1202 2755 1316 2822 expro-

123 2841 251 2918 mendi,
276 2862 356 2927 qnae
380 2841 579 2928 permultos
602 2862 698 2908 annos
721 2843 808 2907 horis
831 2841 1022 2927 subsecivis,
1047 2862 1128 2927 quae
1153 2854 1259 2907 tamen
1283 2847 1316 2909 et

123 2944 261 3012 aliorum
285 2954 318 3013 et
341 2969 413 3014 mea
435 2951 653 3034 expectatione
675 2949 839 3034 pauciores
863 2954 969 3032 arant,
993 2951 1032 3013 ad
1055 2946 1191 3014 Homeri
1212 2946 1315 3035 Odys·

123 3073 211 3119 seam
243 3054 373 3140 eiusque
403 3054 595 3120 Scholiastas
626 3053 832 3120 illustrandos
866 3052 1139 3140 emendandosque
1163 3054 1246 3120 mihi
1269 3075 1316 3120 re·

124 3163 242 3247 perisse
263 3161 402 3227 videbar.
427 3164 533 3247 Atque
551 3161 749 3247 aliquamdiu
769 3164 867 3226 otiam
894 3181 983 3246 spem
1007 3160 1166 3238 foveram,
1190 3161 1257 3227 fore
1278 3167 1316 3227 ut

122 3286 240 3332 novam
264 3266 379 3332 horum
402 3266 603 3333 Scholiorum
627 3267 799 3333 aditionem
823 3269 856 3331 in
880 3266 987 3332 lucem
1011 3267 1103 3333 edere
1124 3267 1208 3332 mihi
1226 3267 1314 3334 dare·

123 3381 188 3438 tur.
236 3371 370 3454 Qualem
401 3373 572 3439 editionem
604 3380 675 3459 post
705 3373 791 3449 Mai,
822 3372 1030 3457 Buttmanni,
1059 3371 1234 3450 Dindorfii‚
1258 3394 1313 3441 vv.

123 3478 179 3546 cll.
209 3499 300 3545 curas
332 3481 514 3546 etiamnunc
545 3501 607 3545 non
637 3482 784 3545 inutilem
815 3479 898 3557 fore,
930 3489 963 3544 et
984 3499 1004 3544 a
1026 3499 1079 3544 me
1102 3485 1195 3544 antea
1218 3482 1251 3544 et
1274 3478 1314 3545 ab

123 3584 198 3652 aliis
229 3589 355 3670 saepius
385 3584 602 3673 significatum
633 3592 691 3652 est.
726 3585 821 3651 Nunc
850 3592 958 3652 autem
979 3588 1094 3650 certior
1115 3584 1237 3661 factus,
1260 3604 1315 3650 no·

124 3712 201 3759 vam
222 3712 331 3758 eorum
356 3692 527 3758 editionem
551 3692 590 3758 ab
608 3691 647 3757 A.
670 3691 875 3775 Ludwiohio,
889 3690 965 3756 Viro
984 3690 1179 3775 clarissimo,
1198 3693 1314 3777 parari,

122 3800 217 3884 eique
240 3802 278 3863 ut
301 3819 371 3864 cam
394 3800 564 3885 perpoliret
587 3815 681 3885 atque
704 3804 836 3885 augeret
865 3795 1019 3864 Codicum
1055 3796 1314 3863 conferendorum

124 3906 250 3990 copiam
282 3925 367 3988 esse,
396 3925 476 3990 quae
507 3904 587 3971 inihi
609 3910 726 3994 negata
749 3910 813 3988 est,
835 3924 929 3969 omne
952 3903 1081 3989 quidem
1105 3903 1219 3970 edendi
1242 3924 1315 3970 con·
1424 3939 1427 3946 ·

32 4018 38 4027 '
124 4009 238 4077 silium
261 4010 380 4094 abieci,
404 4011 459 4077 sed
482 4012 597 4088 statui,
623 4032 703 4097 quae
727 4013 922 4097 excogitasse
944 4010 1028 4075 mihi
1052 4012 1141 4076 uisus
1163 4031 1253 4088 sum,
1278 4032 1316 4077 ea

24 4168 28 4173 -
126 4119 237 4184 omnia
264 4118 325 4184 hoo
355 4118 448 4183 modo
479 4121 509 4183 ei
539 4124 690 4203 tanquam
714 4138 769 4202 per
792 4114 970 4202 Epistulam
994 4113 1166 4201 Criticam,
1194 4123 1317 4183 vetares

36 4216 44 4231 ”
127 4230 253 4290 nostros
276 4224 386 4289 herois
409 4223 551 4290 modeste
574 4229 718 4300 secutus,
742 4242 930 4308 proponere,
956 4221 1071 4307 quibus
1094 4224 1121 4286 si
1145 4221 1225 4287 velit
1248 4229 1317 4289 uta·

128 4339 204 4415 tur,
236 4329 342 4397 πάντα
375 4329 564 4409 δοκιμάσας,
595 4331 630 4396 τὸ
663 4329 694 4395 δὲ
723 4328 819 4394 καλόν
842 4367 885 4380 -
910 4331 937 4394 si
967 4331 1044 4394 insit
1069 4366 1111 4378 —
1135 4326 1317 4411 κατασχών.

1159 4450 1174 4499 1
