2978 4950
666 173 732 249 279

193 370 247 440 51.
281 370 393 440 σεύατ’
416 369 513 439 ἔπειτ’
538 370 587 437 ἐπὶ
613 375 700 450 κῦμα
724 369 807 452 λάρῳ
829 369 913 452 ύρνιύι
938 369 1054 452 ἐοικώς,
1080 397 1149 423 ···

192 480 245 547 54.
282 480 326 562 τῷ
348 477 447 553 ἴκελος
471 479 631 544 πολέεσσιν
654 480 794 558 ὀχήσατο
819 475 954 555 κύμασιν
977 479 1104 556 Ἑρμῆς.

42 590 153 678 Ego
192 591 302 654 eutem
324 605 396 652 meo
418 586 488 652 iure
510 604 642 672 quaero,
667 584 695 651 si
719 589 812 671 potita
833 604 927 652 versu
950 581 993 648 54
1014 582 1112 648 dixit:
1133 583 1176 663 τῷ
1190 583 1289 657 ἴκελος

44 691 260 765 πολέεσσιν
291 692 464 773 ὀχήσατο
495 691 666 770 κύμασιν
698 695 832 777 Ἑρμῆς,
863 693 918 776 qui
949 691 1034 756 hunc
1067 711 1196 758 versum
1219 689 1291 757 ideo

46 797 349 889 expungendum
378 805 483 865 censet
505 801 751 887 grammaticus,
773 802 911 884 quoniam
934 797 1113 864 Mercurius
1141 797 1293 879 βραδύτε-

48 933 114 993 ρον
149 907 330 989 πορεύεται
354 909 399 985 ρούς
422 903 577 988 χρώμενος
600 909 642 988 τῷ
667 907 728 990 ἰδίῳ
752 906 867 991 τάχει,
892 907 1004 972 Ἀλλ’
1029 896 1291 987 ἐποχούμενος

50 1015 246 1095 κύμασι
278 1013 331 1079 κού
362 1014 550 1091 μιμούμενος
575 1014 666 1094 λοὶρον
688 1013 773 1079 κοντοὶ
799 1014 833 1078 τὸ
856 1011 945 1091 ἔπος,
973 1049 1015 1060 -
1040 1014 1123 1077 satin
1147 1033 1241 1078 sanus
1263 1014 1293 1078 is

50 1143 153 1190 esse
197 1117 347 1188 videtur?
379 1120 466 1187 Eone
492 1141 583 1188 versu
607 1125 763 1206 expuncto
787 1120 867 1186 forte
890 1119 1025 1186 celerius
1050 1121 1145 1185 deum
1170 1141 1203 1185 se
1225 1140 1294 1187 mo·

50 1229 184 1297 risse
220 1229 322 1295 lector
351 1227 496 1312 putabit,
519 1233 674 1307 χρώμενον
697 1230 738 1308 τῷ
763 1229 824 1307 ἰδίῳ
848 1225 967 1309 cdxci?
998 1226 1060 1308 Qui
1085 1227 1234 1292 acciderit
1256 1232 1293 1293 ut

52 1339 124 1400 tot
164 1336 238 1400 viri
260 1326 347 1400 docti
369 1338 438 1398 tam
462 1339 569 1419 aperta
593 1333 874 1420 praeterviderint,
898 1335 1041 1419 impense
1071 1337 1171 1400 miror
1193 1354 1295 1419 neque

55 1437 200 1506 aliam
233 1441 363 1509 invenio
393 1461 520 1506 causam
551 1449 676 1527 praeter
707 1441 907 1507 decantatam
931 1440 1039 1507 illam:
1064 1440 1237 1520 ἁμαρτάνει
1261 1441 1293 1506 δὲ

57 1545 134 1611 καὶ
187 1549 263 1627 scip
294 1547 485 1628 σοφώτατος.
532 1546 643 1633 Itaque
676 1548 714 1613 de
738 1569 831 1614 versu
855 1547 898 1612 54
922 1569 960 1614 ex
984 1548 1043 1614 hac
1067 1547 1196 1632 quidem
1219 1555 1294 1615 nota

60 1649 282 1721 damnando
316 1676 411 1721 nemo
444 1656 479 1718 in
514 1671 696 1741 posterum,
731 1675 834 1740 spero,
867 1655 1045 1742 cogitabit,
1074 1657 1198 1720 asiam
1223 1661 1294 1720 tuto

60 1755 215 1826 licebit
247 1760 410 1827 Eustathii
444 1764 683 1835 auctoritatem,
717 1765 745 1826 si
777 1783 857 1847 quae
888 1773 953 1839 cst,
985 1782 1132 1846 respuere
1155 1762 1294 1827 hominis

63 1864 211 1933 multo
245 1868 395 1935 doctioris
431 1890 527 1955 quam
562 1872 730 1946 acutioris,
747 1889 750 1893 ’
767 1871 822 1954 qui
853 1869 932 1933 hane
967 1870 1126 1933 athetesin
1159 1871 1225 1934 iam
1260 1872 1294 1935 iu

68 1989 144 2036 suo
184 1975 294 2042 codice
313 1976 383 2043 loco
403 1983 524 2043 motam
543 1977 581 2042 da
601 1980 780 2042 coniectura
800 1976 839 2041 ad
858 1997 987 2043 versum
1001 1975 1044 2039 54
1057 1975 1202 2041 retulisse
1214 1975 1296 2039 mihi

69 2076 243 2146 videtur.
268 2081 378 2148 Unum
401 2087 434 2148 in
462 2087 581 2149 vicinia
603 2086 723 2168 reperio
747 2104 890 2160 versum,
918 2085 952 2148 in
975 2103 1069 2168 quem
1092 2081 1297 2170 grammatici

73 2178 286 2255 observatio
310 2191 389 2255 bene
412 2191 561 2275 quadret,
587 2211 648 2255 non
672 2211 782 2255 versus
807 2189 850 2254 54
873 2189 928 2255 sed
952 2188 1007 2254 49:
1034 2192 1088 2264 τὴν
1112 2189 1196 2265 μετὰ
1225 2212 1297 2271 χερ-

75 2281 132 2348 σὶν
174 2292 261 2374 ἔχων
282 2297 420 2362 πέτετο
443 2298 555 2378 κρατὺς
576 2296 811 2377 Ἀργεϊφόντης.
848 2300 891 2362 At
910 2296 1297 2363 noncolctnuncMercu·
1385 2342 1388 2347 -

75 2390 195 2484 11118,
229 2401 352 2486 inquit,
388 2404 443 2469 sed
476 2405 708 2484 βραδύτερον
739 2404 918 2484 πορεύεται,
948 2404 999 2481 ρούς
1031 2404 1223 2483 χρώμενος
1248 2404 1296 2482 τῷ

77 2491 136 2560 131
145 2525 182 2580 ῳ
222 2505 349 2589 τύχοι.
398 2508 526 2574 Etenim
558 2509 698 2574 Pieriam
731 2509 911 2575 conscendit
943 2515 975 2574 et
998 2509 1073 2575 hinc
1097 2512 1129 2574 in
1154 2532 1297 2577 maresa

10 2604 12 2611 ¹
77 2612 296 2698 praecipitat
319 2614 413 2679 undis
436 2622 566 2693 vectus,
591 2654 633 2665 -
657 2615 747 2696 λοὶρον
771 2616 969 2694 μιμούμενος.
1018 2614 1230 2683 Confirmatur
1263 2616 1297 2683 id

78 2712 192 2784 quod
233 2720 325 2803 posui
367 2717 420 2784 vel
461 2724 567 2808 magis
610 2742 646 2786 ea
688 2723 808 2800 torma,
846 2743 942 2807 quam
977 2722 1117 2788 scholion
1153 2736 1305 2788 nostrum,

77 2805 115 2923 111
143 2815 205 2888 Μ
225 2824 371 2908 induxit,
396 2828 478 2910 quod
503 2827 686 2893 Dindorfius
700 2868 740 2876 -
754 2831 911 2893 incertum
936 2849 1032 2913 quam
1052 2829 1091 2893 ob
1109 2849 1237 2895 causam
1252 2865 1295 2877 -

76 2927 113 2975 ¹¹¹
141 2927 291 2995 textum
315 2932 452 3016 recipere
476 2934 628 3022 neglexit.
675 2935 748 3001 Illic
772 2938 873 3022 igitur
897 2939 941 3000 ita
965 2957 998 3001 se
1024 2935 1136 3012 habet,
1163 2973 1204 2984 —
1225 2942 1297 3001 utor

74 3017 293 3114 wllastona,
325 3058 420 3122 quam
451 3040 662 3128 Pluygersius
696 3064 728 3109 v.
753 3042 791 3106 cl.
825 3065 863 3108 er
888 3039 998 3107 Cobeti
1022 3043 1203 3130 apographo
1227 3064 1298 3109 con·

72 3116 204 3221 smil),
229 3165 289 3208 -ι
314 3144 450 3219 εύπύντος
476 3148 508 3212 δὲ
531 3155 584 3214 τοῦ
609 3155 732 3224 ποιητοῦ
758 3149 840 3229 λύρῳ
862 3150 945 3229 ύρνιύι
971 3150 1096 3213 ἑοικέναι
1113 3149 1164 3213 τὸν
1184 3153 1297 3229 Ἑρμῆν

71 3243 197 3310 ⁸²²⁸&
231 3253 285 3327 cio
320 3255 505 3328 πτήσεως
538 3256 618 3340 (cod.
645 3252 1295 3341 ποιήσεως,οοιι.001)οιιιο)ο’μοιο’τκτα,

69 3349 273 3430 'cociones
296 3380 342 3430 τις
367 3359 400 3423 ού
424 3359 547 3433 δεόντως
574 3362 693 3447 (δέοντα
717 3363 798 3447 cod.)
823 3364 873 3428 ric
898 3362 1006 3442 στίχον
1028 3376 1097 3426 κτλ.
1122 3362 1299 3430 Possuntue
1380 3442 1383 3453 Ι

66 3430 182 3521 haee
211 3463 290 3529 serio
312 3485 360 3530 rs.
388 3466 430 3530 54
450 3467 621 3554 respiceret
645 3469 725 3535 Rem
746 3474 848 3555 ipsam
868 3470 895 3534 si
915 3475 1110 3555 spectemus,
1124 3471 1298 3535 iurencmo

65 3555 193 3632 quod
228 3573 329 3636 sciam
359 3580 570 3641 recentiorum
594 3577 784 3642 alterutrum
808 3598 937 3642 versum
961 3578 1126 3648 insciciae
1148 3581 1299 3661 suspicio·

63 3661 176 3733 nem
208 3682 336 3745 vocavit
359 3702 460 3767 neque
483 3687 549 3769 ipse
573 3686 771 3759 vocaverim,
797 3683 880 3769 quod
901 3703 962 3748 non
982 3682 1118 3769 impedit
1130 3685 1299 3768 quominus

61 3769 219 3848 notam
255 3785 426 3855 Eustathio
462 3799 547 3856 certe
578 3790 681 3856 multo
711 3791 922 3876 antiquiorem
952 3810 971 3855 a
1002 3789 1136 3874 quodam
1163 3791 1299 3857 Aristar·

62 3872 77 3918 ⁰
114 3889 279 3969 90111111,
305 3933 346 3946 -
371 3898 503 3966 fortasse
525 3898 565 3963 ab
589 3896 781 3982 Aristonico,
808 3933 848 3945 -—
872 3895 1046 3981 profectam
1070 3903 1229 3982 putemus.
1299 3930 1301 3934 ·

124 4101 314 4189 Quoniam
344 4114 444 4182 semel
467 4114 506 4180 ab
530 4114 679 4178 instituta
702 4114 756 4178 via
779 4110 910 4188 defleri,
934 4115 972 4177 ut
994 4112 1029 4176 in
1051 4110 1111 4175 hac
1133 4115 1222 4195 parte
1246 4128 1298 4174 eos

10 4304 12 4309 Ι
68 4192 238 4290 tantum
270 4222 461 4310 {attingerem
491 4221 593 4298 locos,
626 4222 681 4305 qui
712 4218 839 4303 aliquod
871 4220 1045 4303 scripturae
1074 4219 1190 4280 vitium
1214 4216 1301 4280 alant

10 4316 20 4451 q
73 4315 292 4397 ⁰⁰¹¹iectura
321 4330 514 4407 tollendum,
547 4329 725 4394 caeteruin
750 4324 837 4390 aliud
864 4330 991 4410 tempus
1015 4343 1227 4404 reservarem,
1252 4321 1299 4389 cl·
