2978 4950
708 146 774 214 506

144 335 187 402 τθι
223 336 327 411 σκέλν
354 334 526 415 ἐγκαθίζειν
562 360 597 400 τε
630 335 683 400 καί
715 342 879 401 ταπεινοῦν
912 337 1038 413 ἓαυτθν,
1076 335 1166 406 α’ίστε
1201 340 1327 412 εὐπετῶς

144 442 326 521 θναβαίνειν
348 442 399 507 τὸν
422 442 540 520 ἱππέα,
566 448 603 507 ut
625 447 841 508 ταπεινοῦσθαι
866 447 908 509 sit
931 445 1089 509 demissius
1106 444 1214 531 ferri?
1248 445 1325 513 Illud

146 552 264 617 certius
293 569 367 636 pro:
398 547 629 622 καταπεσόντος
660 550 691 615 δὲ
724 551 819 615 αὑτοῦ
842 550 926 625 μετὰ
950 559 1005 624 raia
1030 553 1116 623 θείας
1140 555 1260 631 Φλσνθς
1285 554 1327 618 ἐπί

146 657 198 722 τίν
231 655 385 736 Ἠριδανὸν
419 657 560 733 ποταμὸν
595 656 647 721 καί
680 658 846 738 φθαρέντας
876 659 909 721 αἱ
942 657 1082 737 ἀδελφαί
1119 694 1175 708 --
1207 660 1327 738 ἐθρήνουν

145 763 318 852 legendum
348 781 433 829 esse:
465 761 696 834 καταπεσόντος
723 801 764 813 -
787 763 859 826 ὑπὸ
883 772 938 835 τῆς
962 766 988 829 θ.
1015 766 1140 843 Φλσγθι
1170 773 1202 832 ct
1227 769 1285 838 εἰς
1305 791 1327 831 τ.

147 868 312 951 Ἠριδανὸν.
340 868 482 935 Tandem
505 871 539 933 in
562 870 624 934 his:
652 865 715 933 ὅθεν
740 871 937 944 κατελεήσας
963 871 976 934 θ
1002 869 1079 943 Ζεὺς
1105 871 1241 946 ταύταις
1264 871 1329 938 ἀνθ·

147 1001 256 1055 μνησιν
281 977 395 1063 (immo
417 977 671 1059 ἀμνηστίαν,
696 977 779 1061 quod
803 977 1018 1043 Buttmanuus
1041 981 1109 1043 iam
1134 980 1330 1066 proponebat)

147 1083 300 1158 ἒνεπσίιισε
331 1088 389 1148 τῶν
422 1089 521 1147 κακῶν
550 1082 765 1161 μεταβάλλων
794 1084 894 1155 αὐτὰς
921 1085 962 1156 εἷς
987 1085 1155 1164 αι’γείρσνι.
1195 1084 1328 1172 [αἵπερ

147 1190 226 1255 sici
260 1187 439 1272 δίνδραψ,
471 1189 685 1255 inducendum
718 1211 784 1256 esse
815 1191 1052 1275 ineptissimum
1085 1191 1247 1259 emblema
1270 1195 1329 1279 quis

147 1295 229 1361 mihi
253 1295 428 1387 monendus
452 1292 518 1360 esti

193 1536 226 1597 ρ,
251 1511 327 1577 221.
375 1511 424 1576 Ad
447 1511 593 1587 θλίψεται
617 1509 713 1585 ὤμνυε
739 1510 816 1575 haec
839 1509 997 1596 legimus:
1023 1511 1176 1590 θλίψεται
1196 1514 1329 1584 Αίσλιιιιὶι

149 1619 218 1686 duri
242 1624 296 1685 ταῖν
321 1616 521 1694 θλιβιίσεται,
548 1609 578 1686 ὃς
602 1618 655 1681 ota
680 1615 849 1692 ἐκβήσεται
874 1623 932 1680 τῶν
952 1622 1052 1695 Φλιιῖιν
1072 1616 1141 1682 oaldi
1162 1615 1246 1693 είξει.
1260 1617 1330 1705 (Ql)

148 1725 194 1791 At
224 1723 277 1792 val
300 1724 409 1790 addita
432 1721 630 1809 etymologia
654 1722 712 1784 τῶν
734 1727 833 1795 Φλιῶν
857 1722 1065 1788 manifestum
1090 1724 1187 1809 facit,
1212 1728 1267 1813 agi
1287 1725 1330 1790 hic

149 1832 188 1897 do
222 1833 310 1898 varia
344 1833 501 1915 scriptura
537 1827 683 1893 Aeolicae
718 1829 838 1893 formas
873 1828 1052 1908 Φλίψεται,
1090 1851 1194 1916 neque
1227 1852 1264 1897 ea
1291 1851 1330 1896 ras

148 1937 337 2004 Buttmauui
365 1956 499 2002 acumen
522 1934 627 2000 latuit.
677 1933 780 2015 Quare
804 1935 913 2000 eadem
943 1936 1006 2002 fere
1029 1937 1211 2022 reponenda
1235 1957 1330 2004 censeo

148 2064 229 2130 quae
251 2044 286 2109 iu
310 2042 535 2108 recentioribus
559 2039 773 2127 Vulgatorum
799 2041 993 2108 editionibus
1017 2042 1163 2119 fuerunt,
1191 2064 1270 2129 quaa
1290 2045 1330 2109 iu·
1356 2024 1369 2063 ‘⁴

148 2149 319 2236 terpolatas
348 2149 428 2214 dicit
458 2147 692 2231 Buttmaunus,
718 2149 787 2213 iure
810 2148 958 2225 fortasse,
982 2149 1036 2213 sed
1062 2155 1148 2215 recte
1172 2150 1330 2237 interpola

149 2264 198 2324 tas
227 2262 344 2323 umen.
385 2253 469 2320 Nam
501 2262 539 2319 ut
567 2253 729 2320 adnotatio
759 2252 881 2338 aliquid
911 2254 1014 2331 dicat,
1039 2255 1121 2321 hanc
1145 2257 1261 2322 induat
1282 2257 1331 2322 ior·

148 2383 254 2430 mam:
288 2362 497 2442 Φλίψεται
529 2361 676 2432 Λίιλιιιῶς
701 2359 770 2424 dori
795 2364 848 2424 τοῦ
874 2359 1120 2448 (θλίψεται),
1146 2363 1330 2440 θλιβιίσεται.

194 2468 240 2534 De
264 2468 374 2534 eadem
398 2489 431 2533 re
454 2466 486 2529 H
514 2468 664 2531 breviter:
693 2466 867 2545 Φλίψεται·
894 2466 945 2532 διὰ
968 2473 1021 2531 τσῦ
1047 2469 1082 2544 θ,
1107 2471 1146 2541 ὠς
1173 2470 1228 2533 καί
1254 2468 1331 2542 Ζηνί-

148 2577 240 2648 διτσς.
288 2575 336 2640 Dc
372 2576 423 2639 his
456 2574 602 2659 pauculis
638 2573 804 2638 Harleiaui
840 2575 945 2638 verbis
977 2575 1039 2639 viri
1068 2576 1171 2659 docti,
1205 2577 1330 2661 quodid

146 2683 243 2747 huius
271 2682 388 2747 codicis
411 2680 539 2745 scholiis
563 2681 811 2764 corruptissimis
835 2681 933 2744 simul
958 2687 990 2745 et
1014 2684 1258 2766 pretiosissimis
1279 2703 1330 2746 sac

146 2793 277 2875 pissime
300 2810 361 2852 usu
385 2790 491 2863 venit,
514 2787 704 2871 disputando
723 2790 756 2850 in
777 2788 992 2852 diversissima
1012 2789 1172 2853 abierunt.
1201 2788 1329 2869 Quorum

147 2894 347 2970 Diudorfius‚
385 2896 506 2958 monito
539 2893 572 2955 in
605 2899 694 2956 textu
727 2915 793 2958 osse
827 2897 1006 2973 φλίψεται,
1033 2895 1109 2970 „sed
1135 2904 1330 2960 mutatuma

147 3008 318 3069 correctura
350 3003 383 3065 in
418 2999 589 3078 θλίψεται”,
624 2999 763 3064 scholion
797 3003 841 3064 sic
873 3001 1095 3087 corrigendum
1124 3002 1329 3067 existimavit:

148 3110 327 3190 ,,φλίψεται
362 3108 413 3172 aaa
449 3111 501 3169 τοῦ
532 3114 574 3188 Φ,
606 3108 643 3175 ὡς
678 3106 728 3169 καὶ
764 3106 944 3181 Ζννθδιτσς,
975 3112 1013 3172 ut
1035 3107 1248 3174 Aristarchus
1270 3129 1330 3173 curu

146 3216 304 3282 Zenodotc
336 3216 557 3287 consenserit,¹
578 3214 724 3291 θλίψεται
756 3223 861 3277 autem
896 3213 978 3277 alius
1010 3214 1163 3280 editionis
1189 3219 1331 3301 scriptura

147 3323 226 3389 sit.”
250 3322 366 3406 (Praei.
393 3342 422 3404 p.
446 3319 536 3403 cxv.)
563 3318 695 3383 Prorsus
719 3323 911 3384 contrarium
936 3319 1113 3385 Mauricius
1143 3320 1332 3386 Schmidtius

147 3437 253 3495 censet
289 3428 373 3514 (Did.
407 3449 437 3512 p.
466 3424 562 3502 209):
601 3425 815 3500 „Scholiastae
849 3427 877 3488 h.
904 3426 925 3490 l.
959 3425 1035 3491 fides
1070 3428 1256 3515 abroganda
1284 3435 1330 3491 ast

146 3537 289 3603 Debebat
320 3534 411 3604 οὕτως
445 3534 494 3597 διὰ
526 3537 578 3595 τσῦ
614 3534 627 3594 θ
653 3535 799 3610 θλίψεται
827 3533 1054 3614 Ἀρίσταρχος,
1082 3534 1096 3596 ὁ
1124 3536 1156 3599 δὲ
1184 3537 1331 3609 Ζηνίθιτνς

146 3643 333 3725 φλίψεται.”
380 3640 490 3704 Utrius
514 3641 700 3703 senteutiam
727 3637 914 3723 sequemur?
938 3638 1164 3706 Dindorfianac
1187 3651 1221 3707 et
1242 3655 1332 3707 muta·

145 3754 243 3816 tionis
272 3749 461 3833 simplicitas
493 3747 579 3811 lavet
608 3753 640 3810 at
665 3747 898 3830 quodammodo
922 3750 1019 3811 etiam
1046 3747 1216 3832 Apollonii
1240 3751 1332 3838 glossa

146 3859 374 3938 φλίψεται·
408 3855 673 3930 θπιθλιβθσεται,
709 3874 803 3937 quam
836 3854 1000 3936 descripsit
1035 3853 1235 3940 Hesychius.
1282 3857 1332 3920 Pro

147 3964 323 4028 Schmidtio
358 3961 504 4047 analogia
539 3965 617 4033 stat,
650 3982 724 4023 cum
760 3962 896 4024 sciamus
921 3959 1119 4025 Zenodotum
1146 3967 1180 4027 in
1206 3963 1331 4028 Homero

147 4071 251 4136 multa
268 4069 382 4135 Dorica
407 4074 438 4132 et
461 4065 592 4131 Aeolica
616 4067 798 4141 admisisse,
826 4087 886 4129 non
911 4065 1078 4132 admisisse
1104 4069 1329 4136 Aristarchum.

147 4176 238 4255 Quod
272 4183 309 4240 ut
340 4196 450 4240 verum
483 4176 543 4256 sit,
567 4194 628 4237 non
653 4180 760 4238 tamen
783 4172 1044 4237 adnotatiuncula
1069 4179 1285 4243 concinnanda
1305 4180 1330 4240 in

146 4303 220 4348 eum
244 4283 394 4355 modum,
425 4301 518 4365 quem
543 4278 740 4346 Schmidtius
766 4280 928 4344 iudicavit.
975 4279 1060 4344 Nam
1087 4286 1261 4351 rescribere
1283 4286 1330 4348 hoc
