2978 4950
777 198 842 275 lto

207 384 268 461 libi
300 382 458 463 Homerum
487 394 623 463 Icarium
646 397 777 483 Spartae
801 398 945 462 habitere
967 397 1049 461 dixit
1072 401 1105 460 et
1127 393 1276 461 simultes
1300 382 1407 461 Pene-

209 502 302 587 lopen
331 503 415 569 inter
444 504 575 588 eiusque
605 509 750 588 parentes
773 504 986 568 interemisse
1008 501 1147 567 videtur.
1169 498 1236 566 όόεν
1262 536 1305 551 -
1331 522 1408 569 nem

208 607 286 675 hese
314 613 423 694 aperte
453 628 528 675 cum
559 608 817 676 antecedentibus
848 607 1015 675 cohaerent
1042 643 1085 657 -
1111 607 1164 673 eci
1192 604 1279 682 άλλη
1315 606 1407 681 λάσις

209 712 331 793 γόνιται
363 713 437 795 πρός
468 717 538 787 τοὺς
569 716 759 795 άποροῦντας
792 714 842 780 διά
866 714 899 780 τό
922 714 993 793 τρές
1018 713 1089 807 τοὺς
1112 712 1222 791 γονέας
1246 714 1306 779 οὐκ
1328 715 1407 781 are

209 821 334 887 στέλλει
365 820 435 895 τοὺς
467 822 579 898 έαυτιῑτ
610 824 628 897 ἡ
659 820 823 898 Πηνελόπη
852 823 895 895 εἷς
923 820 1084 898 βοιὶόειαν,
1109 816 1160 886 ότε
1188 819 1202 885 ό
1226 828 1307 893 παῖς
1332 821 1407 887 durs»

208 927 368 1007 έόνευοον,
404 929 494 994 άλλά
525 929 597 1011 πρὸς
627 928 679 993 τόν
710 929 851 1010 Λαέρτην
878 928 1029 1007 βούλεται
1053 930 1255 994 ἀποστεῖλαι.
1278 925 1404 1014 Nempe

209 1034 358 1117 Φαόιιεται
389 1035 615 1115 ηλλοπριοιμέοη
642 1044 708 1109 τοῖς
736 1040 874 1114 γονεῦσιν
904 1037 943 1108 cir
973 1032 1187 1112 ἀναγκάζωσι
1223 1032 1402 1112 γέμασόαι.

211 1138 354 1227 Apparet
375 1141 435 1208 boc
458 1162 532 1209 cum
554 1163 594 1208 ex
611 1141 684 1208 eliis
706 1143 867 1226 uersibus,
887 1147 957 1208 tum
976 1161 1016 1207 ex
1032 1142 1074 1206 iis
1093 1160 1175 1226 ques
1193 1137 1403 1207 adeuntur

209 1246 251 1315 ad
272 1266 383 1333 procot
405 1246 494 1315 dicit.
518 1247 612 1323 αὑτός
637 1248 694 1326 μέν
719 1249 782 1326 γὰρ
804 1245 1040 1331 (Telemachus)
1062 1245 1243 1321 Πηνελόπην
1265 1246 1314 1322 μέν
1330 1244 1399 1325 βου·

210 1351 339 1430 λομόνηκ
368 1362 557 1421 καταλιπεῖν
580 1358 635 1419 τοῦ
658 1353 761 1435 άνδρός
783 1355 837 1419 τόν
858 1348 936 1419 eim
958 1353 1150 1434 άναγκάζειν
1174 1354 1230 1419 ote
1250 1352 1396 1434 εὖπρειέό

212 1461 331 1538 ν’ργεΐτο.
357 1459 481 1533 πάντας
503 1456 553 1526 οὖν
576 1460 684 1527 κατά
711 1462 767 1535 την
790 1460 960 1540 προαίρεσιν
984 1467 1040 1534 τῆς
1064 1458 1245 1534 Πηνελόπης
1270 1460 1394 1538 α’νιῑιέι

210 1570 266 1652 τοῦ
287 1565 395 1645 γάμου
418 1566 455 1633 τό
477 1566 576 1640 τέλος.
608 1566 731 1635 Ultima
753 1586 805 1633 ms
827 1566 885 1632 diu
908 1564 1111 1652 multumque
1131 1572 1306 1633 torserunt.
1330 1565 1400 1637 h·

212 1691 280 1743 oem
304 1671 416 1739 ettulit
434 1671 615 1739 Ludnicbii
633 1671 780 1757 colletio,
794 1710 834 1725 -·
849 1693 887 1739 ex
906 1672 974 1738 solo
992 1674 1079 1739 enim
1097 1670 1124 1737 Τ
1144 1670 1349 1757 prodierunt,
1361 1706 1406 1733 -.

210 1799 292 1865 quse
315 1779 394 1847 does
415 1778 506 1846 dedit
524 1781 629 1847 venes
646 1779 816 1856 lectiones.
837 1779 971 1846 alteram
990 1777 1113 1845 nullius
1131 1780 1246 1865 pretii,
1266 1776 1421 1847 dnm

211 1888 384 1972 quantivis.
418 1883 526 1953 Codex
556 1886 653 1953 hebet
681 1888 858 1965 άννῑυαν,
890 1884 975 1972 quod
997 1888 1094 1952 nsooi
1115 1904 1178 1951 non
1201 1892 1269 1963 est,
1293 1889 1432 1971 esuum

211 2013 320 2061 merus
350 2010 437 2059 error
467 1992 588 2059 scribes
617 1991 735 2080 siglam
766 1999 908 2061 ueterem
930 1990 1015 2059 mele
1035 1990 1204 2077 explentis.
1227 1988 1293 2058 Sed
1316 1990 1440 2059 tiu

213 2098 311 2167 codex
345 2118 402 2186 pro
437 2097 523 2164 κατά
553 2098 649 2166 hebet
680 2099 742 2171 εἰς.
771 2120 811 2166 ex
839 2118 901 2185 quo
933 2100 998 2163 iem
1028 2097 1087 2165 lun
1110 2096 1267 2186 effulgere
1289 2097 1448 2184 ooep'tb

212 2205 337 2278 rainer
361 2241 403 2257 ·-
434 2226 510 2273 nem
540 2205 643 2272 itaet
671 2205 770 2273 codex
799 2205 854 2272 sed
877 2203 1098 2292 compendiose
1129 2205 1308 2290 scriptum,
1340 2216 1454 2271 1:³oe

212 2312 336 2382 πάντα.
361 2317 399 2375 ut
419 2311 609 2396 opinabatur
623 2309 825 2396 Diudordus,
848 2348 890 2361 -
914 2307 963 2379 οὖν
993 2311 1052 2381 εἰς
1075 2312 1130 2385 την
1152 2309 1326 2390 προαίρεσιν
1346 2312 1456 2379 -ait

212 2418 392 2494 Πηνελόπης
423 2418 554 2495 άνιῑψε
581 2421 634 2482 τοῦ
666 2418 773 2496 γάμου
805 2417 840 2482 τό
871 2417 974 2491 τέλος,
1005 2419 1133 2502 nuptias
1163 2416 1206 2483 ed
1227 2415 1348 2510 Penelo
1362 2429 1459 2500 Ἤ

213 2523 412 2594 uoluntatem
425 2524 658 2610 quodammodo
669 2526 850 2610 suspendit,
864 2526 898 2591 id
918 2531 983 2600 est,
1003 2527 1072 2590 eius
1091 2523 1220 2590 libidini
1238 2521 1459 2610 perminii.

212 2638 323 2701 utrum
352 2632 483 2717 nuptiae
515 2627 624 2696 fierent
649 2652 756 2697 neone.
785 2630 928 2716 Respicit
951 2631 1036 2697 locos
1060 2629 1269 2715 Homericos,
1295 2624 1460 2716 qualo!

213 2760 245 2808 ν.
271 2759 300 2805 ο.
324 2746 400 2803 sunt
422 2738 459 2823 (α
481 2735 566 2814 276,
592 2735 689 2817 276):

303 2841 422 2923 μητέρα
447 2843 486 2921 δ’,
511 2841 547 2908 εἷ
568 2844 602 2907 οἱ
627 2845 747 2920 όυμός
772 2844 1008 2924 έφορμεῖται
1034 2843 1288 2922 γαμέεσόαι,

304 2949 353 3029 ἂψ
377 2949 431 3014 όπιο
456 2951 484 3021 ές
508 2948 645 3030 μέγαρον
668 2950 782 3038 πατρὸς
807 2949 895 3028 μέγα
919 2950 1103 3026 δυναμένοιο.

212 3056 323 3144 Neque
356 3059 390 3121 iu
424 3056 682 3122 antecedentibus
716 3057 889 3123 admodum
926 3058 1007 3124 mihi
1038 3057 1141 3145 placet
1172 3058 1337 3138 ἐξήρτηται
1429 3051 1456 3113 52¹

211 3163 281 3229 hie:
316 3160 535 3242 ἐξήρτηται
566 3163 593 3246 (ό
624 3162 761 3249 Ἰκάριος)
793 3164 856 3228 άτό
887 3170 941 3236 τῆς
976 3169 1032 3233 τοῦ,
1060 3164 1259 3246 Τηλεμάχου
1293 3179 1454 3248 πρνσο·

213 3270 322 3344 κοάσης
352 3271 475 3346 uadunt
502 3273 556 3333 τοῦ
586 3293 621 3334 τε
653 3269 824 3344 Ὀδυσσέας
855 3272 907 3358 καὶ
936 3279 992 3345 τιῑς
1015 3270 1212 3347 Πηνελόπης,
1240 3280 1286 3361 (p.
1319 3260 1448 3339 1¹20,

214 3373 330 3462 3-4);
361 3374 547 3454 έξαρτοῖσόαι
577 3377 664 3441 enim
695 3374 926 3464 significatione
957 3399 1011 3461 ee,
1041 3383 1078 3442 ut
1108 3381 1152 3443 sit
1175 3379 1283 3463 εσοόόί,
1306 3373 1445 3444 eta-bi,

212 3480 413 3570 incognitum
447 3481 531 3547 mibi
560 3487 608 3548 est
637 3502 673 3548 ec
704 3485 860 3549 contrerio
891 3483 955 3550 fere
985 3505 1078 3550 sensu
1101 3487 1249 3570 usurpari
1271 3477 1439 3551 omaro·

213 3586 409 3674 Quapropter
448 3590 644 3673 scripserim:
683 3589 876 3672 ἐξῄρηται
916 3591 978 3656 aet
1016 3599 1071 3666 της
1110 3624 1130 3640 ·
1144 3625 1164 3641 -
1195 3588 1371 3671 προσηαῦ
1380 3605 1436 3658 σοι

213 3696 347 3773 estnec.

258 3905 292 3984 δ,
318 3905 349 3972 9.
381 3905 431 3973 nd
460 3906 523 3973 otti·
552 3914 600 3973 eet
630 3910 664 3973 in
688 3908 730 3988 Q:
755 3910 984 3988 τρισυλλάβως.
1020 3909 1099 3994 „citt
1122 3914 1163 3992 τῷ
1188 3909 1337 3988 έπόμην”.
1376 3905 1408 3990 (Γ

215 4009 304 4098 174).
335 4013 434 4079 addit
463 4012 496 4077 H
527 4021 597 4100 post
628 4015 863 4094 τρισυλλάβως,
896 4016 1003 4095 όμοόιος
1026 4016 1141 4102 (Praei.
1168 4040 1200 4103 p.
1225 4019 1292 4106 m),
1315 4018 1397 4102 redis

211 4121 241 4185 ei
262 4121 390 4205 iusuper
412 4120 449 4192 ός
474 4118 625 4197 eddetur‚
650 4128 687 4186 ut
706 4127 810 4188 totum
830 4126 885 4188 sit:
907 4125 1137 4202 τρισυλλάβως,
1165 4125 1308 4202 όμοόοιρ
1328 4122 1390 4209 (ὥς)

216 4226 295 4308 ,υἱέϊ
317 4226 359 4305 τῷ
384 4225 532 4303 ἔπόμηο”.
