2978 4950
702 168 766 247 leo

298 363 336 440 ὣς
360 365 454 455 θξμὲν
478 364 548 432 ἔνθοο
571 367 668 433 πολὺν
690 369 794 446 βίοτον
819 370 871 435 eei
895 372 1015 451 χρυσὸν
1030 369 1163 452 οὲγεθρων

296 477 395 549 ήλοῖτο
419 472 472 548 ξὺν
496 475 579 548 νηυσὶ
604 475 675 538 κοτ’
698 476 877 556 ἀλλοθρόους
901 475 1081 554 ἀνθρώπους.

183 579 236 646 Ad
264 584 369 666 prima
400 579 497 645 verba
527 580 696 645 adnotetur
723 585 755 645 in
786 581 857 662 Qu:
882 583 967 648 κοντοὶ
992 585 1025 648 τὸ
1055 584 1134 656 εἰκὸς
1159 587 1230 648 τοῦ
1255 590 1319 647 Me·

140 685 285 751 νελιθου
317 687 480 763 ήκοντος
513 686 684 763 διηγγέλθη
716 688 782 765 περὶ
816 694 869 753 τοῦ
899 691 1029 763 πλήθους
1065 696 1124 753 τῶν
1160 689 1319 770 χρημάτων

140 789 219 872 ἅπερ
251 793 306 856 ἐπ’
339 795 503 870 Αἰγύπτου
533 794 666 869 ἤγαγεν.
696 793 842 858 Absurde
872 804 947 860 sunt
969 797 1066 862 verba
1090 800 1144 860 τοῦ
1168 794 1319 861 Μενελοθοι

141 899 280 976 ήκοντος,
312 898 388 963 licet
416 902 451 962 in
480 906 614 983 utroque
644 898 750 964 codice
781 899 848 987 legi
883 902 1060 967 videantur.
1108 901 1194 982 Quid
1226 905 1319 968 euim‘

139 1008 191 1070 An
214 1008 283 1069 iure
307 1009 400 1090 poeta
422 1003 591 1070 Nestorem
614 1003 754 1069 Menelai
777 1023 851 1091 opes
874 1028 913 1072 ex
933 1011 1082 1095 Aegypto
1094 1008 1212 1074 relatas
1233 1007 1319 1075 extol

139 1115 256 1176 lentem
289 1111 380 1187 facit,
405 1119 504 1194 utpote
527 1112 665 1175 Menelao
689 1113 846 1177 oenum?
870 1113 973 1178 Verba
996 1115 1132 1179 absurda
1155 1135 1226 1180 esse
1252 1115 1319 1181 desi

141 1224 218 1282 nent
241 1221 287 1282 sic
315 1225 469 1283 correcta:
495 1220 580 1282 κοντοὶ
603 1220 637 1282 τὸ
661 1219 738 1287 εἰκὸς
762 1219 824 1303 (ὥς
847 1220 955 1306 πρὸς)
986 1221 1200 1285 Μενέλαον
1232 1219 1319 1297 ήκον

140 1347 204 1395 τος
225 1324 353 1409 (nempe
372 1324 583 1409 Τηλεμάχου)
602 1323 770 1401 διηγγέλθη
784 1325 971 1411 (meliusTt
992 1326 1314 1405 διαγγέλλεται

143 1433 226 1517 App.
248 1452 278 1515 p.
306 1429 386 1507 750)
413 1432 479 1509 περὶ
500 1436 552 1494 τοῦ
573 1431 704 1504 πλήθους
726 1437 783 1494 τῶν
802 1432 974 1513 χρημάτων
994 1428 1073 1512 ἅπερ
1093 1435 1151 1497 οὶπ·
1165 1435 1319 1510 utrem

144 1538 278 1615 ήγοιγεν.
308 1535 435 1623 Pergit:
467 1538 500 1599 οὐ
531 1535 601 1599 κατ’
633 1536 822 1617 ἀδολεσχίαν
852 1540 884 1604 δὲ
919 1539 969 1603 ἐπὶ
1003 1544 1108 1604 τοῦτον
1139 1535 1210 1613 ἧκεν
1235 1539 1249 1602 θ
1272 1537 1319 1605 Νέ

145 1668 239 1723 στωρ,
264 1644 339 1707 ἄλλ’
363 1645 547 1721 ἀποπληρῶν
571 1645 626 1717 τήν
650 1641 775 1722 ζήτησιν
799 1650 852 1709 τοῦ
876 1648 1048 1723 νεανίσκον,
1073 1648 1120 1717 ὥς
1146 1647 1199 1710 οὐκ
1224 1640 1259 1717 ἦν
1282 1646 1319 1711 dx

144 1759 201 1825 τής
237 1751 334 1820 οἱκθοις
369 1749 383 1812 θ
418 1750 594 1826 Μενέλαος,
628 1749 694 1813 οὐδὲ
727 1751 819 1822 ωὐτὸς
854 1753 1063 1831 ἐτιμωρήσατο
1092 1752 1145 1816 τὸν
1176 1751 1319 1830 Αἴγισθον

144 1856 325 1923 Etiam'his
348 1855 431 1919 inest
454 1858 573 1919 vitium
593 1876 610 1919 e
631 1854 806 1921 tralaticiis.
834 1856 1040 1937 Quaesiverat
1050 1860 1195 1934 iuvenis,
1208 1877 1273 1923 non
1282 1859 1319 1930 ὥς

143 1964 197 2030 aed
221 1970 299 2034 πῶς
323 1963 377 2026 οὐκ
402 1958 436 2035 ήν
461 1962 511 2025 ἐπὶ
535 1970 590 2037 τής
614 1963 711 2034 οἶκθοος
738 1964 750 2026 ω’
774 1967 945 2035 Μενέλαος.
981 1964 1165 2050 Sequuntur
1186 1967 1254 2029 iam
1279 1984 1317 2030 ea

144 2091 279 2156 quorum
304 2089 398 2134 causa
421 2069 497 2132 haec
521 2067 708 2145 attulimus,
732 2069 830 2134 simul
854 2079 886 2136 et
908 2075 1039 2136 caeteris
1062 2073 1218 2156 corruptis
1241 2089 1319 2155 open

143 2177 293 2242 terentes:
332 2176 409 2240 οθτθ
444 2175 476 2238 δὲ
511 2179 545 2239 τὸ
580 2177 754 2256 κεΦοὶλοιιον
788 2175 899 2257 φράζει
932 2178 1083 2262 (Nestor).
1118 2177 1152 2241 τὸ
1185 2179 1217 2243 δὲ
1249 2176 1319 2241 κοτὲ

142 2284 232 2363 μέρος
257 2283 323 2362 περὶ
345 2281 488 2353 Εἱδοθέοις
512 2281 564 2346 xci
589 2282 732 2361 Πρωτέως
753 2285 804 2347 aa}
831 2293 885 2358 τῆς
906 2285 1037 2349 ἐνταῦθα
1058 2283 1220 2364 διατριβῆς
1240 2285 1319 2348 atre

143 2391 157 2453 o‘
184 2390 288 2454 παθὼν
317 2389 510 2465 διηγήσετοιι.
539 2391 715 2460 πιθωνῶς
749 2388 788 2452 δὲ
817 2393 1155 2470 συμμεμέριστοιι
1187 2391 1235 2455 τὰ
1264 2397 1319 2464 τῆ.

145 2480 385 2575 διηγήσεως.

190 2735 234 2794 γ,
260 2708 335 2774 195.
360 2709 589 2787 ἕποσμυγερῶςῑ
614 2707 741 2787 περισσή
768 2710 784 2783 ή
809 2707 879 2792 ἐπί,
903 2711 941 2779 ὠς
967 2710 996 2772 ἐν
1020 2713 1061 2790 τῷ
1087 2709 1186 2786 ,βοῶν
1210 2712 1319 2789 ἕτιβου

145 2816 260 2887 κθλος”.
293 2818 329 2900 (γ
354 2817 445 2899 422.)
479 2814 664 2902 (Hucusque
693 2822 741 2878 est
765 2815 905 2881 doctrina
929 2816 1148 2894 Aristarchea;
1174 2818 1230 2882 cfr.
1256 2821 1319 2883 ia

145 2923 317 2989 Herodian.
349 2923 388 2987 ad
420 2922 447 2985 i}
479 2919 567 3004 178.)
599 2923 776 3000 σμύχεσθοοι
801 2923 833 2986 δέ
857 2922 922 2985 ε’στι
947 2914 982 2984 τθ
1008 2924 1065 2986 ὑπὸ
1091 2923 1180 3003 πυρὸς
1206 2927 1319 2989 οένοιλίτ

146 3034 261 3094 κεσθοιι.
275 3037 428 3104 μετήκτοιι
446 3028 477 3091 δὲ
493 3028 547 3111 (τὸ
560 3027 631 3092 add.
646 3049 719 3092 cum
734 3034 773 3113 H)
788 3029 940 3107 ἐπίρρημα
954 3031 1146 3112 (ἐγχείρημοο
1160 3030 1319 3096 δεΙΗεοὶωι

145 3137 284 3219 codices,
320 3135 403 3220 quod
438 3142 545 3198 tamen
578 3135 691 3218 probat
722 3133 921 3210 Dindorfius,
954 3135 1057 3200 Praef.
1089 3158 1121 3222 p.
1145 3146 1240 3217 Χῖοι)
1272 3139 1319 3202 ἀπ

145 3251 202 3307 τῶν
239 3240 509 3320 ἐπισμυχομένων·
559 3242 625 3303 uei
664 3240 916 3322 ,ἐπισμυξοιι
955 3243 1024 3321 πυρὶ
1056 3242 1160 3314 νηοις”.
1192 3243 1223 3328 (I
1255 3241 1319 3308 663

145 3351 234 3425 δηλοῖ
261 3350 291 3413 δὲ
322 3349 356 3412 τὸ
389 3349 599 3426 ἐπισμυγερῶς
626 3349 660 3411 τὸ
686 3349 853 3424 ἐπιπόνως,
879 3349 1010 3426 οὶξθως.
1036 3348 1250 3434 (DBEHQT.)
1273 3350 1319 3414 Pe

146 3457 260 3522 ultimo
292 3454 445 3520 vocabulo
476 3453 732 3538 corruptissimo,
763 3455 846 3538 quod
879 3461 910 3518 et
941 3454 1176 3519 Buttmannum
1201 3463 1235 3521 et
1256 3456 1319 3521 Din

145 3562 281 3629 dorfium
315 3560 400 3625 male
434 3561 606 3636 habuerat,
644 3562 708 3624 iarn
741 3563 774 3623 in
808 3559 985 3625 Observatt.
1018 3562 1236 3646 reponendum
1269 3563 1319 3628 dix

146 3671 240 3735 οὶθλθ
248 3693 303 3736 ως.
341 3668 509 3731 Praeterea
538 3667 706 3741 observatu
737 3667 889 3750 dignum,
922 3676 953 3732 et
982 3668 1033 3730 xci
1058 3669 1166 3734 abesse
1190 3671 1230 3734 ub
1254 3669 1319 3734 Har

145 3776 248 3841 Ieiuno
272 3781 304 3839 et
335 3776 484 3838 inversu
509 3794 548 3836 ex
572 3772 669 3836 iliade
693 3775 791 3837 citato
815 3794 875 3837 non
900 3774 1070 3850 ἐπισμύξοιι
1095 3774 1176 3862 legi,
1204 3777 1259 3842 sed
1283 3776 1319 3842 oh

146 3887 290 3948 servante
313 3884 379 3944 iam
402 3877 563 3944 Dindorfio
584 3879 670 3942 κοιτοθ
689 3904 723 3942 τε
745 3879 874 3954 σμῦξοιι.
899 3879 989 3944 Unde
1011 3882 1090 3944 mihi
1111 3889 1185 3947 nate
1198 3885 1319 3968 suspici

36 4026 37 4031 κ
145 3996 208 4064 est,
230 4009 269 4052 an
287 3995 319 4051 et
339 3985 401 4051 alia
420 3984 586 4050 Homerici
607 3996 721 4050 versus
732 3985 826 4051 lectio
838 3985 915 4050 olim
929 3986 1042 4050 fuerit:
1057 3990 1314 4068 ἐπισμυχομὲνων

146 4097 204 4182 (ὡς
227 4093 301 4182 ina.)
314 4093 380 4157 καὶ
406 4090 630 4166 ἐπισμῦξοιι
651 4093 719 4170 πυρὶ
741 4101 825 4165 νήνις.
851 4092 914 4156 Sed
934 4095 993 4158 hoc
1011 4095 1122 4159 obiter.
1137 4088 1319 4162 Peiusmui

144 4210 214 4267 cata
232 4208 280 4265 est
300 4202 402 4265 brevis
421 4197 621 4263 Scholiorum
642 4197 858 4286 Vulgatorum
871 4198 924 4284 (V)
937 4201 975 4265 de
995 4201 1054 4265 hec
1066 4222 1142 4267 voce
1155 4203 1315 4269 adnotatio

143 4309 298 4375 seniorem
312 4304 552 4392 Etymologiam
565 4305 726 4380 exhibens,
741 4312 920 4383 σμυγερῶςι
941 4307 1151 4380 ἐπιπόνως.
1171 4311 1206 4373 τὸ
1225 4309 1319 4392 μθτρο
