2978 4950
741 234 931 336 ιιΙ

158 423 339 496 Homerum
371 429 414 497 τὲ
444 432 540 497 λσιτδ
572 438 631 497 τῶν
662 432 908 513 ζητημάτων
933 436 977 507 εἷς
1001 437 1056 511 την
1080 429 1272 500 Ὀδύσσειαν
1297 431 1364 501 sibi

159 556 344 602 reservasse„
371 535 434 618 Qui
452 544 562 603 autem
578 536 756 604 Homerum
778 541 1091 625 quaestiuncularum
1104 541 1364 608 Homericamm

159 649 326 728 parentem
347 653 380 708 et
398 649 560 709 auctorem
580 662 642 708 non
662 643 797 709 libenter
815 656 1005 733 agnoscunt,
1025 667 1155 713 mecum
1175 648 1363 735 corrigant:

159 759 264 823 καλῶς
283 750 315 816 δὲ
339 749 550 825 ἐταμιεύσατο
572 750 672 830 ἑαυτῷ
692 751 734 815 rol
753 752 849 815 λιισύι
868 757 926 816 τῶν
950 751 1221 830 διηγημάτων
1243 755 1290 826 εἷς
1304 757 1364 828 την

162 856 369 931 Ὀδύσσειαν,
395 855 666 941 quemadmodum
691 858 801 921 statim
824 858 907 922 intra
929 856 1050 934 διέξεισι
1076 858 1175 943 (quod
1202 861 1365 946 sequiori·

159 962 221 1027 bus
249 962 336 1027 idern
366 968 415 1026 est
445 980 483 1026 ac
514 959 721 1045 διεξέρχεται)
744 967 776 1025 et
798 960 970 1041 διηγεῖσθαι
994 970 1078 1028 recte
1101 965 1296 1050 usurpavit,
1319 987 1366 1032 ne

161 1066 227 1134 tale
262 1065 471 1155 saerilegium
502 1071 558 1130 aut
588 1065 784 1132 Menecrates
817 1067 874 1132 illa
906 1071 1012 1134 nesnio
1049 1071 1121 1153 quis
1153 1073 1366 1139 commisisse

159 1181 216 1241 aut
238 1193 296 1238 noa
319 1172 573 1258 compmhavisse
596 1171 774 1238 videamur.
876 1157 884 1164 ’

206 1279 381 1365 Disputari
412 1277 451 1344 de
481 1276 532 1341 his
562 1276 641 1342 locis
671 1276 767 1362 paulo
787 1277 906 1353 fusius,
931 1315 974 1327 -
998 1281 1032 1343 in
1056 1282 1190 1346 caelans
1215 1277 1363 1348 brai-ilo·

161 1389 326 1471 quentiam
358 1390 559 1460 servaturus,
584 1384 646 1447 nisi
675 1383 732 1448 ubi
760 1382 897 1471 „dignus
918 1384 1044 1450 vindice
1066 1385 1190 1451 nodus”
1212 1408 1249 1453 se
1272 1389 1365 1455 mihi

160 1491 287 1575 oderat,
312 1509 438 1574 —quo
468 1489 576 1576 magia
595 1493 761 1573 appareret
783 1487 816 1554 id
840 1488 924 1574 quod
944 1488 1028 1555 volo
1075 1489 1146 1572 Quo
1170 1495 1305 1579 saepius
1328 1502 1365 1562 et

158 1595 338 1665 accuratius
360 1596 438 1661 haec
461 1597 747 1681 grammaticorum
772 1600 917 1659 veterum
939 1602 1086 1681 excerpta
1108 1599 1293 1675 aeneidem,
1323 1622 1364 1668 eo

161 1705 280 1771 certius
309 1700 394 1767 mihi
424 1710 490 1784 est,
514 1699 670 1784 quidquid
693 1697 826 1766 Codices
847 1707 969 1765 veteres
991 1700 1163 1768 intentiore
1186 1725 1266 1771 cura
1292 1708 1364 1774 col·

157 1810 218 1877 lati
251 1809 391 1892 novique
422 1807 546 1872 ercumi
577 1804 793 1891 opitulentur,
819 1841 860 1855 -
884 1804 968 1890 quod
998 1822 1121 1873 novum
1152 1810 1299 1894 prodiit,
1326 1813 1364 1879 id

158 1934 234 1981 vero
263 1923 419 1999 qnantum
452 1911 600 1997 equidem
631 1910 739 1977 videre
766 1911 856 1996 potui
887 1930 949 1976 non
972 1910 1116 1977 multum
1139 1919 1204 1999 est,
1232 1953 1275 1967 —
1302 1920 1363 1986 sod

158 2019 315 2107 quidquid
338 2017 548 2104 opitulentur,
568 2019 737 2081 innumera
755 2017 874 2100 inesse,
895 2036 975 2101 qnae
993 2039 1032 2082 ex
1054 2019 1185 2106 ingenio
1205 2031 1363 2110 tantum,

156 2135 191 2194 at
222 2125 365 2192 evidenti
399 2123 588 2208 plerumque
622 2124 744 2187 ratione
777 2123 902 2186 restitui
936 2128 969 2186 et
999 2127 1123 2208 possint
1155 2132 1188 2190 et
1216 2129 1361 2195 deleant

158 2232 263 2299 Tanta
287 2231 374 2297 enim
399 2230 608 2294 sunthorum
627 2226 826 2292 Scholiorum
845 2229 879 2292 iu
897 2248 1026 2295 summa
1042 2232 1206 2298 interdurn
1227 2234 1363 2302 dicendi

156 2336 366 2424 simplicitate
399 2357 438 2400 er
469 2332 663 2419 excerpendo
692 2331 938 2417 coarctandoque
960 2343 1036 2401 nata
1057 2339 1281 2408 scribendine
1306 2345 1364 2411 de-

156 2442 316 2511 scribendi
345 2444 443 2525 vitia,
474 2446 512 2505 ut
539 2437 617 2504 licet
646 2437 732 2523 apud
758 2445 913 2504 nostrates
935 2435 1089 2520 Gobetua,
1113 2443 1264 2512 Nsherns
1288 2447 1362 2518 Π.

155 2549 228 2626 Oll„
256 2569 336 2636 ego,
359 2551 440 2612 item
463 2548 497 2610 in
521 2542 695 2611 Germania
717 2543 912 2629 complures,
936 2547 977 2610 iis
1000 2548 1206 2616 emendandis
1222 2573 1360 2639 opernm

154 2659 359 2733 paraverint,
380 2669 488 2719 tamen
507 2651 613 2717 multo
630 2650 724 2736 plura
744 2649 875 2715 vulnera
894 2650 1005 2718 relicta
1023 2655 1088 2718 sint
1105 2674 1205 2739 quam
1229 2671 1358 2730 curata„

154 2764 206 2831 Ad
231 2764 309 2829 haee
332 2764 435 2850 igitur
456 2758 597 2824 tollenda
618 2778 698 2842 opus
719 2762 768 2821 est
789 2754 960 2822 Codicibua
983 2762 1083 2843 perite
1104 2761 1251 2850 collatis,
1272 2788 1360 2854 opus

153 2883 202 2937 est
224 2868 391 2936 divmaudi
414 2872 482 2932 arte
503 2864 559 2930 hir
577 2861 729 2928 subsidiis
751 2859 885 2926 firmiter
907 2863 995 2938 nixa,

873 2966 1005 3035 alterins
1027 2972 1073 3038 sic

353 3078 454 3145 altera
476 3079 579 3162 poscit
600 3094 693 3161 opem
718 3093 767 3140 res
789 3077 822 3139 et
844 3075 988 3140 coniurat
1010 3079 1123 3145 amice.

737 3282 763 3348 1.

198 3532 234 3583 α,
261 3510 292 3571 l.
339 3501 473 3569 Initium
500 3497 583 3564 mihi
612 3492 794 3561 faciendum
825 3500 873 3559 set
901 3495 943 3561 ¹{ab
973 3517 1011 3562 eo
1040 3497 1187 3581 sancho,
1221 3511 1357 3600 dequo

149 3615 218 3680 iam
254 3618 347 3678 antea
381 3611 416 3672 in
451 3605 633 3670 Observatt.
668 3621 701 3686 p.
730 3597 864 3663 49-52
896 3598 1068 3688 diligenter
1097 3613 1167 3697 egi,
1199 3618 1357 3706 quodque

151 3721 252 3785 etiam
285 3724 356 3803 post
386 3710 625 3784 Valckenaerii,
655 3705 805 3789 romoni,
836 3702 1045 3794 Buttmanni,
1075 3709 1235 3785 Dindortii
1259 3744 1356 3792 snm.

149 3844 278 3891 morum
311 3822 454 3885 virorum
484 3834 576 3880 curas
606 3810 721 3878 multis
751 3808 831 3874 loeis
852 3811 1044 3894 impeditum
1068 3838 1104 3883 ac
1127 3841 1224 3889 sensu
1249 3828 1356 3898 desti·

147 3936 258 3995 tutum
289 3946 375 3991 nnnc
405 3923 636 3989 circumfertur.
682 3915 740 3980 Eat
762 3912 888 4000 longior
910 3913 1083 4000 disputatio
1106 3923 1146 3991 de
1168 3931 1205 3993 vi
1228 3952 1266 3998 ac
1292 3956 1353 4022 po.

148 4041 265 4101 testate
295 4028 445 4098 vocabuli
476 4025 667 4102 τσιύτισσσι
697 4022 732 4084 in
759 4022 919 4104 prooemio
949 4019 1123 4108 Odymeae‚
1148 4068 1191 4081 -
1215 4034 1257 4102 de
1282 4061 1352 4126 quo

146 4136 385 4225 interpretando
420 4139 458 4198 nt
490 4151 574 4196 nunc
604 4127 794 4193 recentiores
824 4126 871 4187 ita
899 4124 978 4190 olim
1008 4137 1131 4198 veteres
1156 4136 1351 4216 dissemina,

146 4251 295 4334 apparet,
327 4279 362 4291 -
387 4259 486 4325 quarn
515 4256 556 4302 ex
582 4231 773 4300 Antisthene
802 4237 984 4314 exceptam
1013 4232 1215 4325 Porphyrius
1249 4253 1351 4320 nobi„

145 4352 295 4421 ισσνασὶι.
344 4341 532 4412 Antistheni
561 4339 724 4426 epitheton
755 4334 940 4415 τσιύτιντιι
971 4357 1033 4401 non
1057 4348 1124 4407 tarn
1149 4346 1184 4411 in
1207 4347 1347 4426 landam
