2978 4950
709 178 774 244 432

145 369 222 443 τσοῖί.
238 373 284 440 ..⁹3
308 372 460 463 legitur.'’
497 377 592 454 Φησί,
616 380 721 454 aedibs
745 377 884 444 Prellero
907 376 1052 451 debetur,
1078 370 1175 437 codex
1197 354 1242 450 oe
1262 392 1311 447 ρο·

146 488 254 557 tercie
278 489 445 548 exaratum
468 483 571 548 habet.
600 480 742 550 Coniicio
762 486 812 549 his
833 480 1038 548 adminiculis
1056 499 1119 544 uon
1138 472 1312 542 sanctirmie
1357 510 1359 547 ε

146 593 238 655 simis
268 592 377 655 nixus:
411 588 480 659 icoc
513 589 565 654 τὸν
595 591 653 666 μὲν
685 592 835 655 scissioni
861 592 967 670 μέρους
992 585 1060 654 ίλον
1085 585 1192 662 λε’νεν.
1217 583 1311 668 (ἐστὶ)
1357 580 1359 593 '

144 698 241 771 κὺτή
264 700 400 761 τούτων
420 697 516 762 cieras
537 697 589 760 κοοί
610 699 661 761 τὸν
679 705 743 762 νοῦν
757 697 959 777 andstandand
980 697 1011 760 δὲ
1027 692 1198 762 Ὀδυσσεὺς
1214 690 1313 773 ,αὐτὰρ

145 809 210 876 νοῦς
244 803 375 880 ἔμπεδος
406 806 445 874 ὥς
470 802 504 867 τὸ
529 803 622 883 ποίρος
647 803 720 883 περ”
744 805 879 875 οὶκσῦσοις
904 803 990 880 accde
1014 807 1077 879 ccii⁴
1097 801 1221 877 ἑταίρων
1240 795 1314 876 Φητί,

145 911 337 989 μονίίντων
358 907 402 974 ίτν
423 911 550 996 (οὖχ)ή
571 909 682 990 ροίβδος
698 906 761 997 (ἦν)
777 912 1067 988 ήμεσκμορῷοῦσοο.
1089 902 1315 973 Ourmulciuis

146 1020 206 1098 οὐχ
231 1017 406 1082 addiderim
431 1015 444 1080 d
469 1019 581 1080 κσσιὼν
604 1017 696 1094 λόγος
721 1017 867 1100 δηλώσει,
889 1023 1086 1082 caeterarum
1109 1012 1315 1077 correctionum
1356 1018 1359 1105 f

145 1126 206 1189 etsi
237 1144 348 1188 causae
373 1125 406 1187 in
431 1123 535 1207 aprico
560 1126 679 1207 positae
703 1130 794 1201 sunt,
819 1145 880 1188 non
906 1129 1032 1199 tamen,
1059 1128 1097 1184 ut
1122 1122 1216 1184 modo
1236 1116 1315 1202 sigui·

146 1229 297 1305 ficabam‚
323 1228 374 1294 vel
397 1231 437 1292 iis
461 1229 588 1294 adscitis
609 1231 809 1316 probatisque
830 1229 937 1295 locum
952 1234 1159 1313 personatum
1172 1222 1314 1293 existimo.
1354 1178 1359 1305 ί

145 1338 262 1421 quippe
285 1356 380 1421 quem
403 1355 465 1401 non
488 1337 675 1401 mendosum
701 1344 826 1402 tantum
850 1358 917 1401 esse
940 1334 995 1400 scd
1017 1341 1049 1399 et
1068 1332 1269 1412 lacunosum,
1284 1362 1313 1375 -
1355 1310 1359 1403 i

146 1442 198 1509 vel
222 1443 328 1528 potius
352 1443 525 1508 admodum
549 1446 719 1510 inscienter
747 1453 949 1530 excerptum,
976 1444 1103 1508 omissis
1127 1459 1207 1524 quac
1229 1436 1315 1502 omitti

145 1547 235 1613 nullo
261 1559 353 1634 pacto
377 1549 549 1627 debebant,
576 1587 616 1598 -
642 1554 738 1615 etiam
764 1555 809 1616 sic
834 1550 1010 1636 apparebit.
1059 1546 1118 1612 Est
1143 1545 1183 1611 ad
1206 1565 1249 1611 vs.
1266 1538 1314 1606 tit

106 1664 108 1668 '
145 1656 228 1722 inira
252 1677 288 1721 er
315 1655 377 1736 HQ
400 1656 595 1742 adscriptum
620 1658 761 1722 scholion
785 1657 897 1722 hocce:
923 1656 976 1720 κοῦ
999 1654 1136 1731 μήνκαὶ
1158 1648 1314 1716 τῶνᾶλλον

147 1762 270 1842 ηοῦτὰρ
295 1766 360 1832 νοῦς
385 1757 418 1833 ήν
442 1762 572 1839 ἔμπεδος
598 1764 635 1834 τίς
660 1765 694 1827 τὸ
720 1763 815 1844 τσίρσς
841 1763 925 1840 στερ.”
948 1764 975 1827 εί
999 1762 1064 1840 γὰρ
1088 1758 1194 1837 ἔμενεν
1217 1756 1230 1820 ί
1252 1759 1315 1834 eti,
1356 1818 1359 1879 1

147 1874 224 1940 τῶς
256 1869 408 1949 οίσσρεῖ
434 1869 499 1933 ieri
524 1875 592 1933 τοῦ
618 1869 844 1941 Ὀδυσσέως
869 1868 928 1934 ὅτε
953 1871 994 1932 οῦ
1016 1863 1314 1945 μετοιβίβληιέἰ
1356 1934 1359 1981 1

146 1975 163 2049 ή
200 1975 291 2054 cdxx
325 1976 392 2054 περί
425 1981 476 2039 τοῦ
511 1977 673 2054 ήγροῶσίοον
709 1978 759 2040 τὸν
791 1982 856 2041 νοῦν
880 1976 1044 2040 ἐκείνων
1066 1973 1159 2052 Φησί.
1186 1971 1203 2046 ή
1227 1969 1330 2040 ἕντῆς·
1357 1984 1359 2015 ῑ

146 2078 257 2155 λέξεως
288 2080 384 2146 λύοιτ’
417 2079 472 2145 οίν·
507 2083 523 2156 ή
556 2082 618 2160 γὰρ
650 2089 945 2162 ποορσοφρσοσσνκῦς
977 2082 1067 2157 λέγει
1092 2079 1159 2156 Ι,σοί
1184 2076 1217 2141 δὲ
1237 2073 1315 2145 ceth
1357 2108 1359 2119 ·

146 2188 305 2259 στήθεσσιν
329 2188 482 2261 σίκήλητος
508 2187 569 2259 νίος
594 2188 692 2254 ἐστίν”
716 2191 784 2254 eieci
811 2194 863 2253 τοῦ
889 2188 1044 2260 οίκήλητος
1068 2182 1116 2268 εί,
1143 2188 1159 2258 ή
1184 2184 1219 2247 τὸ
1236 2179 1316 2260 ,ι’τὶη

146 2297 210 2365 νοῦς
247 2291 377 2370 ἔμπεδος
412 2297 450 2366 τίς
481 2295 515 2359 τὸ
545 2294 640 2376 τοίρος
673 2295 750 2376 τερ”
783 2298 851 2360 οὐκ
882 2296 948 2359 eci
982 2293 1138 2364 παντὸς
1162 2291 1316 2368 λέγετον

145 2403 212 2463 τοῦ
244 2404 326 2483 νοῦ,
356 2400 468 2464 ἀλλὰ
496 2410 566 2475 τῆς
592 2402 851 2482 ἡμερότητος.
897 2399 986 2466 Haeo
1010 2418 1138 2484 quoque
1160 2402 1231 2482 post
1252 2394 1318 2460 criti

145 2526 254 2569 corum
291 2526 380 2570 curas
412 2507 552 2571 nondum
586 2520 777 2594 perpurgata
809 2515 895 2572 sunt.
942 2507 1124 2571 Dicendum
1149 2505 1202 2569 hic
1225 2502 1317 2574 fnisse,

144 2631 206 2675 non
231 2619 494 2691 παρκφρκστοκῦς
519 2615 625 2690 λέγει,
652 2616 706 2678 sed
733 2617 1026 2694 ττ-εροφρκστνκώς,
1053 2611 1126 2676 leve
1150 2624 1207 2676 est.
1244 2605 1318 2672 Paulo

143 2721 274 2804 gravius
311 2727 474 2803 peccatum
509 2732 555 2783 cst
587 2724 618 2784 in
653 2722 703 2783 his
736 2723 859 2784 verbis:
886 2719 979 2800 στίχοι
1007 2720 1073 2797 τερί
1100 2724 1154 2782 τοῦ
1181 2717 1318 2794 &peccota

144 2825 194 2886 τὸν
228 2832 292 2888 νοῦν
316 2826 432 2889 ἐκείνων
459 2828 548 2903 φησί.
585 2827 667 2889 Nam
693 2829 719 2889 si
743 2826 824 2890 iliud
850 2836 968 2889 tuentem
994 2831 1139 2888 memisse
1164 2825 1320 2887 irirmadoton

144 2933 197 2995 οῦκ
230 2932 278 2993 ἐντί
312 2936 427 3002 ποοντὸς
463 2935 594 3008 λέγεται
621 2938 673 2995 τοῦ
699 2938 765 3014 νοῦ,
791 2935 877 2995 οὶλλοὶ
909 2942 963 3006 τῆς
991 2933 1261 3010 ήμερίτητος,
1281 2947 1322 2991 cur

144 3058 258 3120 quaeso
296 3038 380 3100 idom
417 3040 482 3114 περὶ
517 3044 567 3100 τοῦ
604 3041 765 3115 ήνριώσίνν
797 3037 928 3102 illorum
959 3047 1104 3101 mentem
1130 3038 1323 3102 diotuuiesse

143 3146 271 3227 potest?
319 3142 510 3207 bescribotur
533 3145 737 3228 quantocius:
765 3147 781 3218 ή
808 3146 899 3222 σήχν
927 3146 993 3220 περὶ
1020 3149 1075 3207 τεῦ
1103 3147 1264 3222 dyocesim
1285 3139 1323 3203 σίν

144 3253 208 3311 νοῦν
246 3249 400 3312 ἐκείνου
437 3254 548 3327 φησίν,
586 3272 659 3314 nam
698 3254 910 3333 respiciuntur
943 3252 1020 3314 baec
1057 3249 1236 3314 Homerica
1266 3250 1323 3333 ist

147 3357 231 3437 321,
257 3354 352 3437 322):

508 3462 568 3536 ἐγὼ
594 3461 619 3523 δ’
643 3461 695 3540 σίορ
720 3460 771 3537 ίξῦ
796 3462 1000 3537 ε’ρνσσσίμενος
1027 3463 1116 3541 sapic
1142 3467 1239 3541 μηροῦ

284 3568 374 3644 Κίρκη
400 3565 512 3641 ἕτήίξοι
538 3565 637 3629 ὥστε
662 3570 869 3642 κτοίμενοιν
893 3570 1134 3651 μενεαίνῳν.

145 3672 262 3757 Ecquis
298 3683 405 3735 autem
443 3683 490 3735 est
521 3676 573 3755 qui
600 3694 659 3736 non
691 3674 813 3748 videat,
841 3695 877 3738 ea
902 3696 981 3757 quae
1007 3696 1045 3738 er
1071 3674 1137 3754 HQ
1162 3675 1326 3759 prodierunt

145 3779 367 3863 disputationis
407 3778 642 3863 Porphyriones
679 3783 711 3842 in
754 3779 992 3866 Harnburgeusi
1038 3801 1102 3844 nou
1140 3782 1326 3867 integerrime

146 3897 288 3949 servatae
320 3895 465 3968 excerpta
498 3907 563 3949 csse
596 3886 646 3949 vel
671 3889 703 3948 in
729 3890 847 3949 arctius
871 3896 1053 3961 contractu,
1080 3888 1245 3971 simulque
1266 3901 1327 3969 quae

148 3992 179 4051 iu
204 3989 459 4077 Hauiburgeusis
484 4000 571 4053 textu
598 3991 759 4075 bucusque
784 3995 980 4056 correximus
1004 3992 1054 4055 his
1080 3997 1240 4077 excerptis
1259 3992 1328 4055 lucu·

147 4094 322 4160 lentissime
353 4094 571 4179 comprobari?
601 4097 663 4161 Sed
696 4099 753 4161 hoc
786 4119 910 4181 quoque
936 4098 1081 4161 indidem
1108 4114 1241 4183 apparet
1263 4092 1329 4180 quod

149 4220 243 4286 suppa
277 4202 438 4265 dicebam:
473 4202 579 4264 deesse
611 4206 643 4265 in
677 4205 820 4267 uberiore
852 4207 1056 4287 quaestione,
1083 4226 1167 4285 quoe
1192 4201 1329 4269 illudve

149 4305 204 4383 μὲν
229 4311 292 4368 νοῦν
318 4309 378 4369 ἀπὸ
403 4310 507 4382 μέρους
535 4304 600 4370 ἕλον
625 4311 711 4384 λέγει
737 4332 797 4391 quo
823 4331 915 4373 seiisu
941 4312 1169 4392 accipiendum
1197 4313 1254 4375 huo
1275 4308 1328 4373 locu
