2978 4950
711 202 776 276 182

143 397 197 482 qui
230 398 289 464 boc
320 400 576 486 Porphyrianum
607 419 669 465 non
693 406 838 483 tanturn,
865 409 901 466 ut
921 401 1019 474 solet,
1042 400 1150 464 minue
1171 397 1318 485 integrm

144 505 290 583 exhibet,
324 507 379 572 aed
414 510 530 582 etiam,
565 508 650 591 quod
680 527 750 573 raro
785 507 837 585 tit,
871 508 1034 593 aliquanto
1066 508 1277 572 meonetius„
1311 504 1318 549 ³

144 609 292 678 Oonlerre
320 621 427 679 tamen
447 619 562 697 potest
592 613 632 678 ad
662 613 785 700 aliquot
813 612 969 680 Dindorfri
992 616 1202 679 correctiones
1226 608 1318 679 conti

145 718 277 784 mandas
300 718 441 806 aliaeque
463 717 630 784 nonnullas
652 721 877 804 proponendae.
909 719 1132 786 scribebatur:
1155 715 1240 784 dm
1264 740 1318 785 ra

145 821 237 889 ἔκειτ’
268 825 316 891 ἀεὶ
351 826 394 890 rai
425 825 632 906 χερδνιττρο,
663 823 756 889 ῖτοιν
790 826 948 902 βούλοιντο
980 827 1151 905 νῖψιισῖοιι,
1182 821 1288 902 ὥσπερ

147 929 290 1011 σροὲσεζοι
322 934 373 996 xci
407 931 449 996 σῖο
481 928 589 1014 ἄλλοι,
621 929 713 1011 ἄχρις
736 928 805 997 ὅτου
828 931 987 1010 βούλοιντο
1011 934 1127 1003 αὐτοῖς.
1153 932 1197 1014 (p.
1230 928 1296 996 17⁷

147 1035 306 1122 24-26.)
330 1035 472 1103 Correxit
497 1034 679 1103 Dindorliue
702 1033 768 1103 ῖτε
791 1060 849 1124 pro
872 1035 958 1115 ὅσον,
982 1044 1015 1103 et
1038 1038 1078 1103 ad
1102 1039 1210 1108 adroic
1235 1035 1318 1105 infir

148 1143 329 1209 adnotavit:
362 1144 514 1221 „fortasse
543 1145 718 1223 xrvctar
750 1144 883 1216 adroic?
914 1143 1095 1228 Utrumque
1119 1141 1318 1228 comprobat

147 1248 291 1314 Venetus
322 1249 358 1315 B.
394 1249 545 1314 Eiusdem
580 1269 675 1334 opera
709 1249 773 1316 alia
803 1271 927 1336 quoque
957 1252 1125 1316 restituere
1155 1249 1318 1316 conabimu

147 1357 181 1418 in
216 1354 343 1421 Scholio
379 1355 556 1420 multorum
588 1359 764 1440 praeconiis
792 1356 951 1422 celebrato
978 1355 1221 1441 multorumque
1250 1375 1318 1421 uara

148 1470 291 1547 experto,
326 1462 409 1546 quod
438 1469 546 1526 tamen
576 1462 716 1527 nondum
747 1462 840 1548 plane
869 1469 1100 1550 perpurgatum
1123 1461 1256 1549 legitur.
1282 1458 1318 1525 vi

149 1568 267 1631 tionum
299 1573 348 1632 eat
377 1567 399 1633 l.
434 1566 492 1631 18:
524 1574 609 1631 τινῶν
637 1569 703 1647 γὰρ
725 1569 784 1640 τοῖς
809 1570 913 1650 οῖρχῖις
938 1568 1097 1645 μηνύσοις,
1122 1569 1225 1633 οὐκέτι
1253 1574 1311 1633 τιῖ

150 1673 235 1737 eard
254 1672 347 1750 {aleca
373 1671 574 1756 ἐπέξεισι,
599 1681 760 1755 συγχωρεῖ
779 1674 805 1739 δ’
831 1677 903 1752 ἡμῖν
925 1676 1058 1740 ὑπονοεῖν
1079 1673 1132 1738 acri
1156 1675 1199 1739 τὰ
1219 1670 1315 1750 μετοξ

151 1776 200 1844 οῖοι
231 1781 364 1856 νῖνετοοι.
415 1779 538 1844 Ultima
567 1790 728 1860 συγχωρεῖ
756 1816 809 1830 -·
841 1780 980 1858 ρῖνετωι,
1011 1784 1044 1845 in
1068 1781 1188 1865 quibua
1211 1781 1318 1845 ὑπονοεῖ

150 1885 270 1952 Gobeto
299 1886 406 1951 deberi
429 1888 494 1950 iam
520 1892 612 1951 antea
634 1890 761 1970 monui,
784 1908 804 1952 a
825 1886 949 1952 Veneto
973 1887 1000 1950 B
1023 1887 1118 1972 plane
1143 1893 1181 1951 ut
1202 1887 1318 1951 vidimu

151 1992 277 2058 abeunt.
323 1990 491 2056 Praeterea
519 1994 637 2056 vitium
669 1992 776 2057 alunt:
808 1993 908 2058 οὐκέτι
934 1991 975 2075 (R
999 2000 1033 2057 et
1055 1991 1173 2058 Venet.
1199 1993 1252 2057 oria
1272 1989 1318 2085 lrl

152 2106 240 2170 τοῖς
261 2122 290 2160 κ.
303 2119 338 2172 μ.
363 2095 568 2179 ἐπέξεισι,
588 2118 645 2182 pro
664 2099 780 2183 quibua
800 2119 837 2163 ex
859 2097 981 2164 Veneto
1001 2118 1103 2162 unum
1124 2104 1210 2164 certe
1232 2102 1318 2186 gratu

150 2204 289 2288 accipio:
325 2204 425 2267 οὖιιέτι
461 2204 511 2268 τὰ
547 2203 633 2268 narde
664 2203 788 2276 μέσον
820 2205 910 2289 (Ven.
941 2203 1025 2268 male
1056 2202 1160 2288 μέρος)
1185 2201 1314 2280 deiferi

152 2330 232 2394 quae
267 2310 356 2373 verbi
392 2310 493 2374 forma
527 2307 579 2374 vel
615 2317 780 2395 propterea
815 2309 1072 2386 commendatur,
1111 2311 1198 2395 quod
1232 2312 1318 2376 abtin

153 2414 330 2499 praecedit:
367 2415 467 2479 οὐκέτι
497 2414 539 2478 τοὶ
569 2415 654 2479 eard
685 2414 774 2493 μέρος
806 2414 941 2492 ἐπεξιών.
989 2413 1078 2480 Idem
1113 2416 1211 2482 codex
1246 2414 1318 2481 alian

152 2519 308 2585 eiusmodi
344 2522 566 2603 repetitionem
602 2519 688 2584 tollit
723 2522 757 2584 in
792 2522 1014 2604 sequentibus:
1052 2520 1147 2592 οὕτως
1185 2522 1238 2586 aci
1271 2519 1317 2584 roi

152 2627 282 2695 Πυλίους
317 2625 472 2709 (ποιήσοις)
498 2625 528 2687 ἐν
552 2628 594 2703 τῷ
619 2625 773 2706 κοιτοὶιτλῳ
797 2626 857 2689 τῶν
880 2629 945 2703 ιτερῖ
972 2628 1022 2690 τὸν
1049 2628 1245 2707 Τηλέμαχον
1268 2629 1318 2692 ede

41 2788 44 2801 ,
151 2733 318 2814 χουμένους
359 2733 458 2795 οὐκέτι
495 2731 661 2804 δεδήλωκεν
696 2730 774 2802 ὅπως
813 2732 871 2817 (ἐκ)
909 2742 963 2806 τῆς
1001 2733 1082 2816 ᾐόνος
1119 2734 1318 2818 (ἀναστάντες

150 2837 387 2915 ἀπηλλάγησαν
408 2843 501 2921 (quae
515 2840 637 2901 uncinis
650 2838 765 2902 inclusi
777 2839 889 2902 desunt
902 2843 934 2902 in
948 2839 1051 2918 Ven.)·
1074 2843 1127 2904 νοοῖ
1145 2843 1202 2915 την
1215 2842 1318 2913 'Adaei

151 2944 257 3026 Μέντη
279 2945 473 3018 ὁμοιωθεῖσιον
496 2943 548 3007 xxi
574 2945 608 3004 τὸ
632 2944 698 3019 δόρυ
719 2945 828 3006 δοῦσοιν
850 2947 891 3023 τῷ
913 2945 1100 3024 Τηλεμάχῳ
1117 2960 1172 3030 (ec.
1189 2948 1318 3030 noricae]

153 3049 253 3113 οὐκέτι
278 3045 357 3121 ὅπως
382 3054 470 3112 τοῦτο
490 3050 625 3112 οὶτιοῖισιι
646 3049 810 3124 οῖτέλιιβεν
833 3051 1142 3126 ἐπεσημήνατο·
1164 3055 1232 3119 ἐτεῖ
1246 3053 1318 3118 eale

153 3155 239 3230 τόξον
263 3158 304 3225 εἰς
330 3158 529 3228 κοιτοισκοτην
551 3155 671 3218 οῖοιίὁντι
694 3154 840 3232 Μηριόνης
870 3157 986 3220 δίδωσιν
1016 3158 1184 3236 Ὀδυσσεῖ,
1210 3158 1318 3230 ὅσωςῖ

153 3267 271 3325 τοῦτο
293 3261 447 3324 ἀπέδωκεν
468 3261 567 3324 οὐκέτι
587 3261 708 3332 ἐσεση
719 3263 823 3335 μηνοι
834 3285 892 3345 το,
907 3261 1001 3333 διδοὺς
1016 3273 1078 3335 τοῖς
1093 3267 1263 3342 οῖκροοιτιιῖς
1277 3289 1318 3330 κω

153 3368 279 3437 ἑωυτοὺς
295 3366 473 3446 λογίζεσθαι
487 3367 530 3430 τοὶ
543 3367 705 3430 οῖιιδλουθοι.
716 3369 759 3450 (p.
777 3367 851 3450 178,
865 3367 886 3431 l.
903 3369 1013 3452 1-5.)
1027 3370 1100 3435 Non
1113 3372 1209 3438 facile
1221 3372 1318 3438 credar

153 3473 370 3559 Porphyrium
399 3471 568 3537 variandae
597 3476 747 3537 orationis
770 3473 875 3538 studio
898 3478 1117 3541 cummaxime
1142 3478 1318 3567 flagranter

153 3580 237 3664 quod
260 3577 312 3643 vel
336 3576 456 3642 ex‘hac
475 3583 544 3662 ipsa
569 3581 725 3642 sententia
748 3585 893 3662 apparet,
909 3617 949 3628 -
963 3577 1043 3652 ὅπως
1058 3618 1077 3630 -
1092 3618 1112 3632 -
1125 3584 1295 3662 οὶσέλοιβεν
1315 3610 1318 3642 ι

153 3682 232 3754 ὅπως
255 3720 274 3732 -
288 3718 308 3733 -
328 3685 494 3761 deiicere,
517 3721 557 3731 -
580 3693 646 3748 tam
671 3685 759 3748 brevi
783 3685 951 3751 intervallo
976 3688 1024 3751 bia
1047 3692 1214 3775 scripsisse
1237 3699 1318 3756 ἔτεσι

153 3795 289 3868 μήσατο.
310 3797 499 3874 quapropter
518 3792 636 3853 iterum
657 3789 812 3854 Veneium
837 3810 970 3875 sequens
993 3796 1026 3857 in
1048 3798 1156 3878 priore
1176 3799 1318 3862 sententia

124 3936 129 3943 =
152 3897 296 3961 membro
315 3896 532 3979 probaverim:
554 3895 654 3958 οὐκέτι
676 3897 776 3974 φησὶ
799 3903 876 3967 πῶς
898 3902 987 3961 τοῦτο
1007 3901 1145 3985 οὶσιοῦσω
1165 3903 1318 3980 adelbaldo.

148 4022 230 4086 quae
262 4001 312 4066 vel
343 4001 383 4065 ob
412 4002 567 4064 variatam
591 4001 760 4065 verborum
783 3999 1022 4068 collocationem
1048 4008 1201 4088 praeferri
1226 4028 1318 4074 merer

227 4151 329 4161 -.,...-ι

185 4255 209 4313 l)
236 4254 326 4316 Nempe
350 4250 434 4298 absunt
451 4265 465 4296 a
485 4249 573 4297 Vcnctc
591 4249 671 4298 omnia
688 4249 741 4297 indc
758 4266 772 4296 a
789 4248 918 4313 συγχωρεῖ
933 4247 955 4300 δ’
977 4250 1031 4312 ἡμῖν
1051 4273 1125 4319 usque
1143 4260 1171 4306 ad
1191 4257 1233 4307 ιιωῖ
1251 4255 1318 4317 tillut

147 4340 317 4407 ὖτοδεχσμῖνφ
336 4340 421 4386 ruera
439 4333 540 4399 ἀργυρῷ.
560 4343 591 4402 (p.
614 4338 659 4388 177
678 4339 693 4386 l.
714 4339 811 4387 la-at
834 4342 915 4406 vind.)
